2269 3203
263 191 311 217 Au.
334 190 448 219 C.172t
495 181 559 215 954
1042 192 1222 216 entmundi
1248 192 1402 216 nmmum
1992 194 2039 220 An.
2058 194 2084 220 c.
2109 194 2175 221 ¹724

458 239 596 272 libenter
621 239 879 281 constabilimus,
905 250 940 272 ae
960 239 1038 272 alias
1058 240 1197 284 desuper
1243 241 1301 274 sed
1328 240 1553 274 tantummodo
1573 241 1659 284 ipsas
1686 251 1737 274 res
1762 246 1886 275 veteres
1911 252 1983 276 ven·

457 299 641 336 opportune
668 293 890 336 providemus,
917 299 1012 337 prout
1037 294 1198 337 conspici·
1243 294 1319 326 dere
1341 299 1395 326 ant
1412 293 1547 326 mercari
1566 299 1982 339 praesumerent,expresse

458 357 529 379 inus
555 346 585 379 in
607 347 744 379 Domino
771 346 944 380 salubriter
965 346 1129 390 expedire.
1242 346 1466 389 prohiberent,
1480 347 1509 379 in
1526 348 1804 380 contravenientes
1817 358 1937 392 poenas
1950 349 1983 382 in

262 413 446 459 ,Klizwftfflicffig-
502 400 517 442 ᾗ
540 400 571 431 t.
598 399 723 432 Dudum
755 400 915 443 siquidem
941 409 998 442 per
1025 399 1126 432 felicis
1152 410 1199 432 re·
1242 399 1356 432 litteris
1382 406 1412 432 et
1438 399 1672 433 constitutione
1691 400 1876 434 huiusmodi
1896 412 1983 434 com-

261 469 337 485 ...ΗΜ
360 465 402 484 viu
428 466 446 486 m
459 452 658 485 cordationis
684 452 876 485 Clementem
903 452 961 485 Pr.
982 452 1045 485 Vlll
1062 453 1199 495 praede·
1219 475 1221 551 ⁴
1242 451 1379 485 minatas
1415 452 1686 485 irremissibiliter
1715 454 1925 496 exequend03
1953 459 1983 487 et

261 499 303 538 32¹?
316 495 448 539 ςῖῗέῗῖιῗῖῗῗὲἶ
459 515 620 539 cessorem
647 511 793 539 nostrum
820 512 966 549 accepto,
990 506 1076 549 quod
1092 506 1197 539 iudaei
1242 503 1331 544 ali215,
1357 510 1451 547 prout
1471 504 1602 537 uberius
1623 505 1811 537 continetur
1829 505 1861 538 in
1879 506 1982 549 ipsius

262 553 298 565 nes
315 546 372 565 Pauli
386 546 412 566 lV
428 550 446 567 et

262 572 292 591 l'u
311 572 324 590 Υ
337 578 399 598 super
411 575 447 595 can

459 559 672 602 quarumdam
700 568 797 602 super
818 557 1063 591 confirmatione
1081 560 1200 592 consti-

459 612 591 644 tutionis
619 612 690 654 piae
715 611 887 644 memoriae
913 611 1000 644 Pauli
1026 611 1085 644 PP.
1105 611 1141 644 lv
1159 612 1199 644 si-

457 664 576 697 militer
601 664 857 707 praedecessoris
883 663 993 705 nostri,
1020 674 1077 707 per
1103 675 1197 708 quam

457 719 544 751 inter
573 724 678 751 cetera
711 717 919 751 sanciebatur
954 723 988 750 ut
1022 718 1118 751 iidem
1149 718 1197 751 iu-

458 772 539 813 daei,
559 771 591 804 in
617 771 701 805 L'rbe
726 776 756 804 et
782 772 916 815 reliquis
941 771 969 805 S.
998 771 1034 804 R.
1062 771 1097 804 E.
1126 771 1199 804 civi—

459 824 587 864 tatibus,
603 824 694 857 terris
714 829 744 857 et
761 824 840 858 locis
860 824 1025 868 degentes,
1043 825 1113 858 sola
1130 830 1197 858 arte

457 878 650 910 strazzariae
682 888 736 911 seu
762 877 949 917 cenciariae,
974 883 1008 910 ut
1033 877 1129 920 vulgo
1155 877 1199 910 di-

457 931 551 971 citur,
565 931 720 973 contenti,
739 931 881 975 aliquam
900 937 1117 964 mercaturam
1139 931 1199 964 sru-

456 985 552 1017 menti
590 986 639 1017 vel
678 985 794 1017 hordei
827 989 881 1017 aut
916 984 1054 1017 aliarum
1087 994 1196 1017 rerum

455 1038 525 1070 usui
553 1038 692 1071 humano
714 1037 944 1070 necessariam¹
963 1038 1070 1071 facere
1089 1038 1198 1081 nequi-

455 1096 537 1130 rent,
553 1101 569 1123 a
585 1096 713 1123 sanctae
727 1091 903 1124 memoriae
925 1091 980 1124 Pio
994 1091 1051 1124 PP.
1070 1090 1093 1122 V
1110 1101 1197 1134 prae-

456 1143 629 1176 decessore
666 1148 775 1177 nostro
816 1143 975 1176 editarum
1015 1144 1195 1176 litterarum

455 1196 696 1229 observantiam
722 1197 907 1240 aliqualiter
926 1198 1083 1238 relaxare,
1109 1207 1197 1241 prae-

455 1250 568 1282 sertim
594 1249 626 1282 in
653 1250 733 1282 locis
752 1250 790 1282 ab
810 1251 924 1283 eadem
942 1249 1027 1283 Urbe
1045 1250 1193 1292 remotis,

455 1309 486 1336 et
510 1303 700 1336 nominatim
726 1303 759 1335 in
778 1303 907 1336 civitate
929 1303 1147 1336 Avenionensi
1165 1310 1196 1337 et

454 1356 607 1389 comitatu
634 1356 753 1389 nostris
773 1362 848 1389 tunc
865 1357 931 1389 suis
950 1357 1143 1400 Venayssini
1162 1357 1193 1390 in

455 1409 700 1442 desuetudinem
730 1410 859 1443 trahere
896 1410 1192 1452 dignoscebantur:

454 1462 538 1495 idem
563 1462 710 1495 Clemens
748 1462 985 1505 praedecessor
1016 1462 1140 1495 litteras
1164 1468 1194 1495 et

454 1516 722 1548 constitutionem
750 1515 942 1558 praedictas,
969 1521 1003 1547 ut
1028 1526 1085 1558 par
1111 1522 1191 1556 erat,

454 1568 604 1601 inviolate
630 1568 793 1601 observari
819 1569 942 1609 volens,
970 1569 1040 1601 illas
1059 1569 1194 1602 auctori-

455 1627 517 1654 tate
542 1621 717 1665 apostolica
742 1621 956 1662 confirmavit,
983 1633 1018 1654 ac
1043 1623 1193 1655 omnibus

454 1681 485 1708 et
509 1675 659 1718 singulis,
687 1685 767 1718 quos
801 1675 926 1708 litterae
951 1681 983 1707 et
1007 1674 1193 1708 constitutio

455 1728 637 1761 huiusmodi
665 1729 916 1767 concernebant,
944 1728 1002 1760 sub
1027 1728 1143 1771 poenis
1161 1728 1192 1760 in

455 1781 500 1814 eis
527 1781 687 1814 contentis
716 1780 865 1821 iniunxit,
883 1786 917 1812 ut
943 1781 1014 1813 illas
1041 1786 1071 1813 et
1097 1780 1129 1813 in
1148 1780 1193 1814 eis

454 1834 611 1877 disposita
637 1835 847 1866 observarent
872 1839 904 1866 et
922 1833 1088 1867 observari
1104 1844 1193 1867 cura-

454 1892 544 1928 rent,
570 1897 605 1919 ac
631 1886 845 1919 nihilominus
882 1887 949 1919 suis
979 1892 1010 1920 et
1034 1887 1193 1930 Apostoli-

454 1951 509 1973 cae
531 1939 621 1973 Sedis
637 1940 760 1983 legatis,
784 1939 976 1983 vicelegatis,
999 1941 1193 1983 gubernato-

454 1994 552 2034 ribus,
579 1993 769 2026 osficialibus
788 1999 818 2026 et
839 1993 1005 2034 ministris,
1025 1994 1193 2036 signanter

453 2046 485 2079 in
511 2045 636 2078 civitate
665 2045 882 2079 Avenionensi
907 2052 937 2078 et
963 2045 1116 2078 comitatu
1142 2046 1193 2078 Ve-

454 2099 594 2142 nayssini
614 2099 789 2142 praedictis
808 2109 868 2143 pro
892 2104 1036 2142 tempore
1057 2099 1193 2132 existen·
1213 2118 1215 2158 '1

454 2152 538 2184 tibus
556 2179 563 2191 ,
590 2151 735 2185 districte
760 2151 991 2195 praecipiendo
1018 2152 1193 2193 mandavit,

453 2211 487 2237 ut
511 2205 634 2238 litteras
672 2211 702 2238 et
734 2205 1002 2238 constitutionem
1030 2206 1215 2252 praestitas,

454 2259 485 2291 in
512 2258 703 2298 civitatibus,
732 2259 825 2291 terris
846 2264 876 2292 et
894 2260 972 2292 locis
991 2259 1193 2303 quibuscum·
1212 2274 1214 2297 t

454 2322 536 2354 que,
561 2311 753 2354 praesertim
790 2311 866 2344 dieti
893 2312 1063 2345 comitatus
1098 2318 1127 2345 et
1151 2313 1193 2346 le-

455 2364 594 2406 gationis
611 2363 856 2403 Avenionensis,
878 2365 1012 2397 omnino
1027 2365 1190 2398 observari

456 2418 609 2456 facerent,
631 2422 659 2449 et
674 2416 756 2448 inter
772 2416 832 2449 alia
847 2417 987 2450 iudaeis2
1005 2417 1125 2450 ibidem
1143 2417 1192 2450 de-

455 2469 621 2512 gentibus,
650 2479 688 2501 ne
725 2479 850 2502 merces
881 2480 990 2502 rerum
1017 2480 1188 2511 novarum,

492 2542 499 2565 l
524 2538 638 2566 Videtur
654 2538 796 2574 legendum
811 2540 1045 2567 necessariarzmz
1060 2543 1099 2575 (ti.
1115 2542 1164 2575 L).

488 2584 502 2610 ⁹2
524 2583 594 2611 Edit.
616 2583 694 2612 Μαίη.
717 2583 780 2620 legit
800 2583 901 2613 iudaei
921 2589 960 2620 tn.
983 2584 1030 2620 Γ).

1241 555 1415 590 Clementis
1441 558 1706 601 praedecessoris
1739 558 1858 591 litteris
1882 559 1914 591 in
1940 559 1982 592 si-

1242 609 1309 642 mili
1337 609 1437 642 forma
1471 611 1580 643 Brevis
1621 621 1692 643 cum
1718 611 1907 644 eorumdem
1933 612 1980 645 Pii

1242 666 1273 693 et
1298 661 1385 695 Pauli
1420 663 1704 706 praedecessorum
1740 663 1922 698 litterarum
1948 671 1982 699 et

1242 714 1483 747 constitutionis
1523 716 1765 759 praedictarum
1801 716 1981 750 insertione

1242 767 1384 810 desuper
1408 768 1567 811 expeditis
1596 769 1716 802 tenoris
1738 770 1792 814 qui
1819 770 1978 814 sequitur,

1241 820 1410 853 videlicet:

1287 873 1433 907 Clemens
1462 874 1546 908 VIII
1567 875 1610 908 acl
1628 881 1819 919 perpetuam
1843 877 1892 910 rei
1916 886 2116 910 nze-caminum
2132 887 2177 909 cie-

1991 916 2065 933 inentis
2077 914 2119 934 vm
2130 920 2176 935 cuni

1241 928 1390 961 moriam.
1406 928 1482 962 Cum
1497 939 1593 972 saepe
1607 929 1757 963 accidere
1775 930 1886 974 possit,
1903 929 1978 964 etc.¹
1992 939 2178 987 {qulrlufvvli'ilglg

1275 989 1372 1016 Datum
1395 989 1506 1023 Romae,
1527 989 1600 1025 apud
1621 990 1646 1017 S
1668 990 1790 1024 Petrum,
1806 991 1856 1018 sub
1876 991 2073 1037 annutopvessre
2109 993 2177 1015 restr-

1241 1033 1406 1066 Piseatoris,
1427 1034 1471 1061 die
1489 1041 1567 1061 xxx-tn
1587 1034 1719 1062 februarii
1739 1041 1847 1069 umen,
1869 1036 1980 1071 pontifi·
2001 1024 2032 1039 nr.

1240 1081 1317 1105 catus
1337 1079 1422 1106 nostri
1442 1087 1511 1106 anno
1531 1085 1550 1106 1.

1283 1139 1297 1183 ξ
1322 1139 1353 1173 2.
1381 1141 1457 1174 Cum
1483 1147 1601 1183 autem,
1626 1142 1711 1176 sicut
1730 1153 1766 1176 ex
1786 1142 2178 1187 dilectorumcwnrmauou

1240 1192 1379 1226 tiliorum
1418 1200 1636 1228 mercatorum
1670 1195 1808 1228 civitatis
1844 1180 2099 1230 invenio-iiiiiiitiss'?
2119 1180 2175 1200 ⁰⁸¹⁰

1240 1246 1350 1279 nensis
1375 1253 1407 1279 et
1432 1248 1604 1280 comitatus
1640 1248 1826 1292 Venayssini
1852 1249 1982 1292 praedi·

1238 1304 1363 1332 ctorum
1389 1301 1427 1333 ad
1453 1302 1670 1344 apostolatum
1696 1306 1841 1335 nostrum
1867 1302 1981 1336 delatis

1238 1354 1380 1395 querelis
1399 1354 1591 1397 accepimus,
1603 1355 1682 1388 adeo
1697 1356 1837 1388 ereverit
1853 1355 1982 1389 iudaeo-

1239 1415 1306 1438 rum
1333 1406 1363 1438 in
1390 1407 1454 1439 illis
1479 1408 1627 1450 partibus
1654 1409 1843 1451 degentium
1882 1414 1982 1442 teme-

1238 1459 1327 1498 ritas,
1353 1464 1387 1491 ut
1405 1470 1470 1492 non
1488 1460 1592 1492 minus
1614 1461 1645 1493 in
1663 1462 1872 1494 manifestum
1891 1473 1982 1506 prae-

1238 1511 1431 1545 insertarum
1457 1513 1635 1546 litterarum
1657 1514 1767 1557 eisque
1783 1514 1980 1548 adiectarum

1237 1564 1496 1607 prohibitionum
1539 1571 1567 1597 et
1604 1576 1782 1609 poenarum
1820 1572 1978 1610 spretum,

1237 1626 1330 1659 quam
1359 1617 1389 1648 in
1417 1628 1510 1659 grave
1537 1619 1729 1651 eorumdem
1765 1626 1981 1654 mercatorum

1238 1668 1482 1709 detrimentum,
1501 1670 1712 1715 bombycinos
1730 1672 1905 1714 folliculos,
1918 1674 1980 1706 vul-

1237 1732 1276 1764 go
1302 1722 1428 1754 coccom'
1453 1734 1471 1756 o
1496 1723 1590 1763 bocci,
1616 1735 1633 1757 a
1659 1725 1841 1758 christianis
1872 1737 1979 1760 emere

1237 1779 1268 1806 et
1293 1775 1446 1815 mercari,
1475 1786 1510 1808 ac
1535 1777 1674 1810 sericum
1707 1782 1814 1811 te·'ere
1841 1789 1982 1822 pannos-

1237 1836 1298 1870 que
1331 1827 1453 1861 sericos
1486 1828 1647 1862 conticere
1684 1840 1746 1862 non
1785 1831 1828 1864 ita
1853 1831 1979 1875 pridem

1237 1881 1519 1924 praesumpserint.
1552 1888 1582 1915 et
1613 1883 1810 1916 etiamnum
1844 1895 1979 1928 praesu-

1238 1939 1342 1966 mant:
1370 1944 1429 1967 nos
1446 1962 1453 1975 ,
1476 1935 1620 1978 ipsorum
1647 1942 1865 1970 mercatorum
1892 1938 1979 1973 inde-

1237 1986 1359 2019 mnitati
1377 1988 1580 2031 prospicere,
1595 1989 1755 2033 simulque
1773 1990 1978 2026 etl'raenatam

1238 2039 1396 2071 dictorum
1420 2040 1611 2074 iudaeorum
1638 2042 1800 2075 licentiam
1821 2044 1978 2078 cohibere

1236 2093 1394 2134 volentes,
1420 2094 1639 2137 praeinscrtas
1673 2094 1849 2130 Clementis
1884 2109 1978 2141 prac-

1237 2144 1419 2178 decessoris
1447 2146 1584 2187 litteras,
1601 2147 1717 2191 quibus
1739 2148 1823 2181 inter
1848 2149 1909 2182 alia
1933 2150 1978 2182 iu-

1237 2197 1326 2231 daeis
1353 2199 1507 2242 praetatis
1534 2201 1668 2243 quodvis
1690 2212 1796 2234 rerum
1822 2212 1977 2237 novarum

1237 2252 1481 2284 mercimonium
1508 2253 1709 2296 prohibetur,
1745 2254 1847 2298 iisque
1872 2257 1978 2290 solum

1236 2305 1436 2347 permittitur
1462 2306 1538 2338 artis
1564 2307 1754 2340 strazzariae
1779 2318 1837 2340 seu
1859 2309 1978 2342 cencia-

1235 2356 1301 2389 riae
1329 2357 1529 2399 exercitium,
1560 2358 1642 2390 sicut
1677 2359 1908 2402 praemittitur,
1941 2373 1978 2396 ac

1235 2409 1266 2441 in
1293 2410 1416 2443 eisdem
1438 2411 1554 2444 litteris
1574 2417 1722 2445 contenta
1742 2423 1976 2458 quaecumque,

1237 2463 1428 2495 auctoritate
1453 2464 1652 2506 apostolica,
1686 2471 1798 2499 tenore
1823 2477 1977 2510 praesen-

1273 2544 1281 2568 1
1298 2541 1413 2577 Reliqua
1424 2542 1583 2577 omittimus,
1593 2543 1657 2578 quia
1667 2544 1796 2579 leguntur
1811 2545 1837 2572 in
1850 2551 1922 2574 tomo
1935 2553 1976 2581 tX,

1236 2594 1295 2622 pag.
1317 2586 1369 2615 523
1388 2587 1403 2614 b
1423 2592 1449 2614 et
1469 2595 1527 2624 seq.
1549 2589 1589 2624 (n.
1607 2593 1655 2622 T.).
