2269 3203
534 214 619 248 1016

576 279 647 311 data
679 279 828 313 adversus
862 287 1042 314 recusantes
1072 282 1225 314 obedien-

577 333 650 364 tiam
678 337 839 376 praestare
872 334 1086 367 constitutioni
1116 336 1228 377 lbo'yc·
1254 364 1255 373 ,

577 388 675 425 nllus,
701 384 773 418 807.

487 437 606 470 CCLXI.
636 438 817 471 Declaratur
843 439 947 472 nullus
974 442 1121 472 tractatus
1148 440 1228 483 paci-

577 491 735 524 ficationis
765 492 845 524 inter
871 492 1014 524 abbatem
1042 493 1069 525 S.
1096 492 1174 525 Galli
1201 497 1229 526 et

576 545 778 586 magistratus
810 545 998 577 Bernensem
1034 550 1063 577 et
1097 545 1224 587 Tiguri-

577 607 704 629 nensem
739 597 852 637 initae,
885 597 1057 631 catholicae
1095 597 1166 630 fidei
1200 604 1227 630 et

577 651 736 683 Ecclesiae
762 651 884 683 iuribus
910 650 1033 691 noxiae,
1058 651 1131 683 813.

488 703 622 736 CCLXll.
659 703 872 736 Conlirmatur
904 704 1064 737 decretum
1101 705 1227 748 capituli

578 756 735 797 generalis
761 757 988 789 monachorum
1010 757 1228 799 Congregatio-

576 809 624 841 nis
650 810 845 842 Resormatae
880 809 909 842 S.
935 810 1085 842 Bernardi
1116 810 1154 842 de
1178 821 1229 842 su-

577 861 757 904 perioribus
775 861 908 905 singulis
934 861 1090 894 sexenniis
1110 862 1228 904 eligen-

575 914 633 953 dis,
664 914 736 947 816.

485 966 638 999 CCLXIII.
665 967 848 999 Declaratur
872 967 993 1000 nullum
1020 967 1157 1000 edictum
1183 978 1228 1000 se-

575 1024 666 1051 natus
682 1019 884 1052 Taurinensis
901 1020 1099 1063 prohibentis
1119 1030 1229 1053 execu—

576 1072 692 1105 tionem
731 1072 904 1106 litterarum
945 1078 1122 1106 exterarum
1162 1073 1227 1106 sine

576 1125 642 1157 eius
666 1125 864 1169 Exequatur,
889 1125 963 1159 818.

489 1177 635 1211 CCLXIV.
662 1179 859 1212 Revocantur
884 1179 989 1212 omnia
1014 1179 1133 1212 indulta
1159 1180 1227 1212 reli-

575 1231 671 1273 giosis
704 1232 848 1275 personis
882 1242 1030 1265 concessa
1062 1243 1078 1265 a
1110 1233 1227 1266 nuncio

575 1285 750 1328 apostolico
784 1285 814 1317 in
854 1286 960 1328 regnis
996 1286 1172 1319 Lusitaniae
1198 1292 1228 1319 et

578 1339 812 1382 Algarbiorum,
837 1338 911 1372 820.

487 1391 622 1425 CCLXV.
656 1392 867 1425 Confirmatur
898 1392 1078 1426 constitutio
1110 1393 1229 1435 Grego-

576 1445 613 1476 rii
638 1445 707 1477 xllt
731 1445 769 1477 de
795 1446 925 1478 transitu
946 1450 1070 1488 patrum
1089 1445 1226 1478 Societa-

578 1497 614 1530 tis
635 1498 703 1530 lesu
721 1503 791 1541 post
808 1497 1008 1531 emissionem
1026 1501 1171 1531 votorum
1189 1496 1227 1529 ad

579 1551 656 1584 alios
681 1551 846 1593 religiosos
870 1550 1018 1591 Ordines,
1043 1549 1115 1582 821.

488 1603 637 1637 CCLXVI.
671 1603 883 1638 Confirmatur
914 1604 1074 1637 decretum
1101 1604 1227 1646 capituli
1253 1640 1255 1649 ι

576 1658 731 1700 generalis
757 1657 883 1690 Ordinis
911 1657 961 1690 SS.
986 1657 1146 1690 Trinitatis
1170 1658 1228 1689 Re·
1253 1662 1255 1695 t

576 1710 767 1753 demptionis
793 1709 994 1753 Captivorum
1021 1709 1228 1742 Discalceato-
1254 1711 1255 1719 ¹

576 1774 645 1795 rum
683 1762 943 1804 Congregationis
984 1762 1151 1804 Hispaniae
1190 1761 1255 1795 dei

576 1815 746 1849 mutatione
765 1816 856 1848 vestis
877 1816 1008 1847 fratrum
1026 1815 1224 1855 donatorum,

577 1868 650 1902 8023.

487 1921 646 1955 CCLXVH.
676 1921 880 1954 Declarantur
904 1920 988 1953 nulla
1014 1926 1082 1953 acta
1105 1920 1143 1953 ab
1160 1920 1228 1953 offi-

576 1973 644 2006 ciali
671 1973 910 2016 archiepiscopo
937 1973 1151 2005 Ebredunensi
1177 1983 1228 2005 su-
1254 1991 1255 1996 =

577 2037 631 2070 per
653 2027 810 2059 validitate
835 2036 1041 2059 censurarum
1067 2036 1084 2059 a
1110 2026 1227 2059 vicario

577 2079 728 2112 ecelesiae
749 2079 901 2112 Niciensis
924 2080 1057 2111 latarum
1084 2079 1115 2111 in
1140 2080 1227 2111 mini-
1253 2118 1255 2122 ,

575 2138 655 2164 stros
681 2138 805 2165 senatus
835 2132 1041 2164 immunitatis
1073 2132 1223 2164 ecclesia-

577 2186 673 2218 sticae
699 2185 877 2226 violatores,
902 2185 974 2219 825.

487 2238 655 2273 CCLXVIII.
682 2238 831 2271 Aboletur
849 2238 1033 2272 alternativa
1051 2237 1082 2271 in
1101 2238 1227 2281 provin-

576 2292 624 2323 cia
639 2291 848 2334 Portugalliae
866 2291 990 2325 Ordinis
1007 2292 1137 2324 Fratrum
1157 2292 1227 2325 Car-

577 2345 766 2387 melitarum,
793 2345 867 2378 8⁹29.

488 2399 634 2431 CCLXIX.
660 2398 848 2431 Conceditur
882 2398 1108 2431 commissariis
1136 2408 1228 2441 gene-

576 2452 695 2484 ralibus
713 2451 973 2494 Congregationis
988 2451 1154 2494 Hispaniae
1170 2451 1226 2484 Or-

576 2504 656 2537 dinis
680 2504 731 2537 SS.
748 2504 906 2537 Trinitatis
922 2504 1158 2548 Redemptionis
1175 2504 1227 2538 Ca-

578 2556 735 2600 ptivorum
775 2556 1040 2589 Discalceatorum
1072 2562 1105 2589 ut
1130 2557 1226 2600 persi-

577 2614 658 2642 stant
677 2608 707 2641 in
733 2618 841 2642 eorum
868 2608 990 2653 officiis,
1012 2609 1132 2643 etiamsi
1153 2614 1225 2643 ante

1082 229 1176 253 BELLA
1182 230 1232 253 RH„⁷
1238 231 1257 253 31
1283 231 1434 254 ROMAM‘M

1369 283 1539 327 capitulum
1568 290 1689 316 vacaret
1720 285 1857 317 osticium
1883 286 2016 319 ministri

1368 336 1533 378 generalis,
1558 336 1630 369 830.

1280 389 1409 422 CCLXX.
1442 390 1652 423 Confirmatur
1686 390 1846 423 decretum
1885 391 2018 434 Congre-

1368 442 1502 484 gationis
1527 443 1748 486 cpiscoporum
1771 448 1799 477 et
1823 444 2016 486 regularium

1367 495 1404 527 de
1430 495 1549 528 ratione
1585 496 1743 528 faciendae
1768 496 1929 529 electionis
1953 498 2017 529 ossi-

1367 547 1492 580 eialium
1519 548 1548 580 in
1574 548 1732 591 provincial
1757 549 1786 582 S.
1812 549 1927 582 Nicolai
1953 551 2015 582 l‘ra-

1371 606 1451 632 trum
1476 600 1631 633 lllinorum
1663 601 1699 633 de
1725 600 1928 634 observantia
1955 603 2014 634 lle-

1368 653 1585 695 sormatorum,
1612 653 1684 687 8302.

1279 704 1423 738 CCLXXI.
1456 704 1628 747 Eriguntur
1658 706 1688 737 in
1722 705 1898 749 provincias
1923 707 2014 739 binae

1370 757 1505 789 vicariae
1524 757 1636 790 Bahiae
1662 769 1695 790 ac
1722 758 1807 790 lluvii
1827 758 1959 791 Ianuarii
1987 759 2017 791 in

1355 807 1496 843 'Bi-asilia
1526 809 1651 843 Ordinis
1677 811 1807 844 fratrum
1835 811 2017 844 Carmelita-

1366 873 1437 895 rum
1465 863 1613 905 antiquae
1637 863 1873 904 Obscrvantiae,
1899 864 1972 896 8:33.

1279 914 1444 949 CCLXXII.
1478 915 1688 949 Confirmatur
1724 916 1882 950 decretum
1917 916 2017 949 dietae

1367 969 1524 1012 generalis
1549 968 1807 1011 Congregationis
1847 970 2017 1002 monacho-

1368 1032 1437 1054 rum
1457 1021 1712 1054 Silvestrinorum
1734 1020 1771 1054 de
1788 1021 1936 1054 exercitio
1950 1031 2018 1054 mu-

1367 1085 1478 1109 nerum
1493 1084 1509 1107 a
1526 1073 1802 1107 constitutionibus
1820 1074 2017 1118 praescripto

1366 1129 1404 1162 ad
1437 1127 1639 1162 obtinendam
1664 1127 1822 1160 abbatiam
1849 1127 2016 1169 titularem,

1367 1182 1441 1216 834.

1278 1236 1457 1270 CCLXXIH.
1485 1235 1716 1270 Confirmantur
1741 1235 1894 1278 quaedam
1913 1234 2017 1268 decre-

1368 1295 1396 1321 ta
1414 1288 1583 1322 definitorii
1602 1288 1756 1331 generalis
1773 1288 1897 1321 Ordinis
1917 1288 2016 1321 Mino-

1366 1352 1437 1375 rum
1463 1342 1732 1382 Conventualium‚
1762 1341 1836 1375 837.

1277 1396 1454 1430 CCLXXIV.
1482 1394 1716 1428 Confirmantur
1739 1394 1892 1436 quaedam
1910 1394 2015 1426 decre-

1368 1454 1398 1481 ta
1422 1447 1552 1491 capituli
1580 1447 1735 1489 generalis
1753 1447 2017 1489 Congregationis

1367 1501 1397 1534 S.
1423 1500 1572 1533 Bernardi
1600 1500 1630 1531 in
1656 1499 1804 1542 IIispania
1830 1499 1867 1530 de
1891 1498 2017 1530 lectori-

1366 1553 1424 1585 bus
1449 1559 1478 1585 et
1503 1551 1788 1591 concionatoribus,
1810 1550 1884 1584 8:39.

1279 1606 1439 1639 Ctltxxv.
1458 1604 1646 1638 Conceditur
1663 1603 1856 1645 indulgentia
1874 1603 2018 1646 plenaria

1367 1663 1521 1701 perpetua
1558 1658 1589 1690 in
1618 1657 1804 1699 quibusdam
1842 1657 1926 1689 festis
1958 1667 2017 1699 pro

1368 1711 1501 1744 ecclesia
1520 1711 1551 1743 B.
1569 1711 1605 1743 M.
1624 1710 1707 1743 della
1728 1710 1872 1742 Sleccalcc
1891 1710 2018 1743 militiae

1368 1767 1514 1794 aureatae
1539 1760 1829 1799 Constantinianae,
1855 1760 1928 1794 842.

1280 1814 1456 1849 CCLxxvt.
1483 1814 1680 1855 Prohibetur,
1706 1823 1744 1845 ne
1765 1813 2018 1846 extrahanturli-

1369 1868 1418 1901 bri
1437 1878 1472 1901 ex
1488 1867 1616 1910 publica
1630 1866 1821 1899 bibliotheca
1835 1865 2018 1899 Urbinaten-

1368 1922 1392 1954 si
1411 1927 1440 1954 et
1460 1921 1590 1954 facultas
1608 1919 1715 1952 itidem
1742 1919 1894 1951 retinendi
1919 1919 2017 1952 libros

1368 1975 1531 2007 damnatos
1556 1973 1747 2015 indulgetur,
1771 1971 1844 2005 843.

1254 2039 1255 2047 ³
1280 2028 1472 2063 CCtixxvll.
1490 2027 1662 2060 Abolentur
1679 2031 1791 2058 statuta
1808 2025 2016 2069 capitulorum

1368 2080 1562 2124 generalium
1580 2080 1712 2112 fratrum
1730 2079 1884 2112 Minorum
1902 2079 1940 2111 de
1957 2079 2017 2111 Ob-

1253 2151 1255 2175 t
1368 2133 1524 2167 servantia
1550 2133 1802 2166 Reformatorum
1828 2132 1866 2165 de
1890 2133 2017 2175 privile-

1253 2179 1255 2228 l
1367 2187 1426 2230 giis
1450 2187 1616 2226 lectorum,
1636 2185 1888 2229 praedicatorum
1907 2189 1936 2216 et
1957 2194 2016 2217 ma-

1367 2240 1540 2282 gistrorum
1565 2238 1767 2277 novitiorum,
1788 2236 1860 2269 845.

1278 2292 1481 2327 CCLXXVIH.
1508 2290 1720 2325 Confirmatur
1753 2290 1913 2322 decretum
1938 2289 2015 2322 Con-

1366 2345 1559 2388 gregationis
1585 2343 1782 2387 particularis
1800 2342 1837 2375 de
1855 2342 2016 2375 abolendis

1366 2398 1541 2441 privilegiis
1554 2407 1571 2429 a
1586 2396 1728 2439 capitulis
1743 2395 1942 2438 generalibus
1960 2395 2017 2428 fra-

1368 2456 1451 2483 trum
1467 2450 1619 2482 Minorum
1638 2449 1676 2481 de
1699 2448 1903 2481 Observantia
1922 2448 2017 2480 refor-

1366 2510 1521 2537 matorum
1546 2502 1718 2535 lectoribus
1743 2502 1916 2541 concessis,
1941 2501 2014 2534 8147.

1277 2557 1451 2592 CCLXXIX.
1478 2555 1661 2588 Extenditur
1678 2565 1828 2588 numerus
1841 2553 2015 2587 octodecim

1365 2610 1593 2654 magistrorum
1631 2619 1689 2653 pro
1720 2607 1884 2653 provincia
1912 2607 2012 2641 Peru-

1254 378 1256 391 t
