2269 3203
232 231 285 258 An,
306 230 335 259 c.
351 229 420 258 1722
467 221 531 254 9202

257 399 370 418 Exordium
404 403 416 418 a

231 428 301 445 studio
333 430 417 451 promn-

232 452 292 471 vendi
323 451 418 476 discipli·

231 483 269 498 aas
294 480 417 502 praesertim

232 510 312 526 sacras.

238 1613 322 1633 Lanam
340 1612 423 1633 rollonii

238 1639 308 1660 dietae
324 1640 423 1660 civitatis.

599 280 796 308 Innocentius
817 280 897 314 Papa
915 279 993 312 XIII,

570 325 607 351 ad
623 325 759 352 futuram
778 325 824 352 rei
840 324 1023 351 memoriam.

1014 230 1194 256 BULLARIUM
1218 230 1374 256 ROMANUM

1952 230 2004 257 An.
2027 230 2057 257 C.
2076 229 2142 258 1722

1210 279 1284 312 tatis
1320 283 1352 311 et
1376 277 1572 318 rhetoricae,
1598 277 1743 322 aliasque
1775 288 1835 322 pro
1859 283 1948 313 recto

1210 332 1392 365 studiorum
1431 331 1578 364 instituto
1615 331 1837 371 necessarias,
1872 333 1949 365 cura

471 386 676 419 Inscrutabili
707 386 835 420 divinae
863 384 1042 428 sapientiae
1071 389 1167 427 atque
1209 384 1413 426 potissimum
1431 384 1624 427 etexpensis
1643 384 1785 417 eiusdem
1803 384 1950 427 episcopi

427 439 581 472 bonitatis
598 450 727 479 arcano,
746 440 785 471 ad
802 438 964 471 Ecclesiae
983 437 1167 470 Catholicae

429 503 487 536 per
510 492 695 525 universum
715 497 874 525 terrarum
893 492 1008 524 orbem
1034 490 1167 523 diffusae

427 545 591 588 regimini,
609 545 732 577 meritis
753 545 828 577 licet
848 543 1039 587 imparibus,
1057 544 1168 584 evecti,

427 608 592 631 sacrarum
617 598 730 640 eisque
756 596 983 630 ancillantium
1008 596 1168 628 bonarum

427 651 608 684 litterarum
648 650 777 690 studia,
811 660 869 693 per
895 659 977 692 quae
995 675 1002 689 ‚
1031 649 1169 691 depulsa

427 704 630 746 ignorantiae
671 703 823 745 caligine,
856 707 984 735 mentes
1024 701 1169 735 veritatis

427 757 501 789 luce
526 756 740 796 illustrantur,
762 761 794 788 et
817 766 884 789 non
903 755 1009 788 minus
1032 754 1170 787 catholi-

428 820 482 842 cae
510 809 583 842 tidei
611 809 776 852 divinique
802 810 905 842 cultus
942 807 1169 851 propagationi

429 867 460 895 et
484 862 707 901 incremento,
734 872 830 905 quam
856 861 996 894 iustitiae
1033 859 1170 893 admini-

429 915 579 948 strationi
601 915 742 957 aliisque
767 914 970 957 reipublicae
989 913 1168 946 commodis

429 973 461 1000 et
486 968 701 1006 ornamentis,
729 968 997 1010 privatorumque
1022 965 1170 999 utilitati-

428 1020 489 1053 bus
509 1021 700 1060 consulitur,
712 1021 832 1063 ubique
854 1021 1012 1059 locorum,
1031 1024 1062 1052 et
1079 1029 1172 1061 prae-

430 1074 543 1106 sertim
569 1073 601 1104 in
634 1073 862 1105 remotissimis
897 1073 938 1105 ab
970 1073 1031 1105 hac
1056 1071 1172 1105 Sancta

430 1126 511 1159 Sede
542 1126 701 1169 partibus,
737 1131 893 1169 quantum
918 1125 1014 1158 nobis
1041 1135 1079 1158 ex
1105 1126 1171 1157 alto

431 1179 636 1218 conceditur,
674 1189 868 1221 promovere
905 1189 941 1211 ao
974 1178 1110 1210 incitare
1142 1183 1173 1210 et

430 1232 604 1264 confovere
630 1232 806 1271 studemus,
832 1231 922 1270 sicut,
940 1231 1092 1264 omnibus
1109 1241 1173 1263 ma-

430 1286 501 1317 tura
526 1284 788 1317 consideratione
807 1284 993 1327 perpensis,
1013 1284 1051 1316 ad
1069 1283 1173 1316 omni-

430 1337 575 1380 potentis
602 1336 656 1368 Dei
683 1337 832 1378 gloriam,
859 1336 1089 1379 Ecclesiaeque
1121 1336 1174 1368 de-

431 1400 486 1421 cus
511 1396 542 1422 et
567 1389 775 1432 praesidium,
803 1400 837 1421 ac
862 1389 1066 1432 spiritualem
1092 1393 1174 1421 tem-

431 1443 646 1485 poralemque
695 1441 957 1474 christifidelium
1004 1440 1174 1473 utilitatem

433 1495 662 1538 cognoscimus
688 1495 720 1527 in
745 1495 881 1527 Domino
916 1493 1089 1526 salubriter
1122 1503 1175 1525 ex-

433 1548 560 1592 pedire.

479 1602 494 1644 §
520 1601 550 1633 1.
582 1600 707 1644 Εψοῃί
739 1600 903 1643 siquidem
942 1599 1036 1632 nobis
1070 1609 1175 1641 nuper

435 1654 583 1687 fecerunt
622 1653 817 1686 venerabilis
862 1653 961 1685 frater
999 1652 1174 1684 modernus

436 1708 610 1750 episcopus
638 1713 668 1739 et
692 1707 893 1748 gubernator
917 1705 1053 1738 civitatis
1077 1704 1108 1737 S.
1134 1705 1175 1737 Ia-

434 1761 506 1794 cobi
533 1761 572 1792 de
598 1760 687 1792 Leon
714 1760 752 1791 de
771 1759 914 1798 Caracas,
934 1758 1020 1801 quod
1039 1757 1174 1790 Caracae

433 1813 544 1858 populi
571 1817 644 1845 sunt
678 1812 844 1844 Americae
878 1811 1104 1844 meridionalis
1143 1810 1174 1842 in

434 1873 526 1910 parte
546 1865 679 1898 australi
697 1865 788 1906 regni
807 1864 945 1897 Peruani
959 1874 1069 1896 versus
1086 1873 1175 1896 mare

434 1919 606 1952 pacificum
625 1921 655 1950 et
670 1927 805 1959 regnum
821 1917 973 1950 Chilense
992 1916 1076 1948 intra
1089 1926 1176 1948 mon-

434 1977 493 2012 tes,
513 1977 544 2003 et
569 1971 714 2003 dominio
735 1969 894 2002 carissimi
916 1969 949 2001 in
968 1969 1096 2002 Christo
1117 1967 1174 2001 filii

433 2024 535 2058 nostri
569 2023 707 2066 Philippi
735 2023 963 2066 Hispaniarum
1000 2022 1085 2064 regis
1120 2022 1176 2055 Ca-

434 2078 549 2111 tholici
575 2078 728 2115 subs-unm
762 2077 794 2108 in
832 2078 869 2108 ea
903 2080 1012 2107 autem
1037 2075 1175 2117 regione

436 2132 520 2163 dicta
544 2130 655 2162 civitas
680 2134 712 2161 ct
736 2129 768 2161 in
794 2130 850 2161 illa
875 2128 1083 2170 magnificum
1109 2129 1176 2160 col-

436 2185 558 2227 legium
586 2189 735 2216 extructa
759 2182 983 2225 reperiuntur,
1001 2192 1062 2214 nec
1088 2182 1178 2214 deest

437 2238 545 2280 ampla
570 2236 792 2276 bibliotheca;
820 2236 974 2278 quodque
1001 2234 1177 2267 notabilius

437 2295 493 2330 est,
520 2300 635 2322 novem
663 2288 839 2321 cathedrae
864 2288 897 2320 in
915 2299 964 2328 eo,
991 2293 1022 2320 et
1047 2288 1177 2330 signan—

436 2348 485 2375 ter
507 2341 748 2385 philosophiae,
769 2351 878 2373 sacrae
897 2340 1095 2383 theologiae,
1117 2345 1179 2372 tam

437 2394 654 2427 scholasticae
680 2404 775 2436 quam
801 2393 944 2433 moralis,
979 2393 1056 2425 iuris
1083 2403 1179 2425 cano-

438 2448 502 2481 nici
530 2456 563 2480 et
588 2447 703 2487 civilis,
729 2448 816 2479 ultra
853 2446 1041 2479 cathedram
1072 2445 1180 2478 latini-

438 2527 480 2553 die
512 2526 543 2552 18
577 2525 643 2559 iulii,
673 2524 767 2559 pontif.
797 2531 838 2558 :5¹3
868 2528 896 2551 et
915 2532 930 2550 a
950 2522 1090 2550 Benedicti
1124 2522 1179 2549 Xlll

438 2569 544 2596 constit.
567 2569 632 2596 edit.
653 2575 806 2603 MDchxvu‚
835 2567 879 2594 die
901 2569 911 2594 1
935 2567 1004 2601 iulii,
1025 2566 1121 2601 pontit.
1143 2573 1179 2601 iv,

438 2614 549 2650 erigitur
570 2613 731 2642 universitas
750 2612 778 2641 in
798 2612 906 2641 civitate
930 2610 1126 2640 Camerinensi.

1211 442 1340 470 erectae
1366 438 1519 477 existunt,
1544 447 1745 480 magnusque
1776 442 1951 481 propterea

1211 491 1304 523 adest
1327 491 1524 524 studentium
1543 501 1727 530 concursus,
1753 491 1835 523 itaut
1859 491 1951 524 annis

1212 544 1395 586 praeteritis
1416 543 1641 586 sexagintasex
1659 543 1693 576 in
1711 543 1881 576 matricula
1897 543 1952 576 de-

1212 596 1323 638 scripti
1361 597 1482 629 fuerint
1513 602 1548 628 ut
1575 607 1592 628 a
1620 596 1736 629 schola
1765 596 1951 629 rhetoricae

1213 649 1251 681 ad
1277 648 1366 681 illam
1392 649 1624 692 philosophiae
1650 648 1834 687 transirent,
1860 658 1953 681 secu-

1214 702 1308 743 taque
1332 701 1499 734 vacatione
1524 702 1698 735 cathedrae
1730 700 1897 734 latinitatis
1922 705 1953 733 et

1212 753 1396 787 rhetoricae
1411 754 1606 795 huiusmodi,
1626 765 1684 798 pro
1705 754 1760 787 illa
1774 753 1953 787 obtinenda

1212 806 1364 839 undecim
1390 807 1598 849 oppositores
1622 807 1875 850 comparuerint.

1256 860 1271 902 §
1295 859 1327 893 2.
1353 860 1431 893 Cum
1457 865 1571 900 autem,
1598 860 1682 893 sicut
1706 861 1818 894 eadem
1854 870 1952 903 expo·
1976 867 2148 894 Causaeeriren-

1213 912 1285 945 sitio
1311 911 1540 954 subiungebat,
1572 914 1737 955 completo
1769 912 1950 946 studiorum
1962 895 2149 951 {li'sstss'ssi‘sffiifil

1215 966 1397 1005 curriculo,
1422 965 1470 998 illi
1495 965 1550 1008 qui
1576 965 1786 1004 studuerunt,
1810 966 1859 998 vel
1884 948 2149 998 lau-{3i8‡1??‘⁰b⁶“

1214 1028 1303 1051 ream
1323 1018 1509 1050 doctoratus
1527 1017 1676 1060 recipere
1694 1023 1872 1060 nequeant,
1888 1019 1953 1057 vel,

1215 1082 1290 1104 cum
1316 1071 1458 1104 evidenti
1489 1071 1572 1104 vitae
1603 1070 1789 1103 discrimine
1826 1062 1954 1103 etcum

1215 1124 1354 1156 maxima
1382 1123 1532 1166 impensa
1564 1123 1605 1156 ad
1629 1133 1701 1156 eam
1732 1122 1953 1166 recipiendam

1216 1178 1265 1210 vel
1306 1177 1337 1208 in
1373 1176 1617 1209 universitatem
1659 1176 1756 1208 studii
1793 1176 1954 1218 generalis

1216 1229 1247 1263 S.
1273 1229 1431 1263 Dominici
1457 1235 1510 1262 aut
1534 1229 1567 1263 S.
1603 1229 1693 1262 Fidei
1719 1229 1876 1262 accedere
1911 1234 1957 1262 te-

1216 1287 1372 1322 neantur,
1399 1282 1604 1325 proindeque
1622 1283 1661 1315 ab
1687 1282 1765 1325 ipsis
1793 1291 1956 1325 exponen-

1219 1337 1303 1370 tibus
1329 1337 1433 1369 eidem
1471 1336 1624 1379 Philippo
1659 1335 1728 1377 regi
1758 1335 1956 1378 supplicatio

1218 1390 1362 1423 exhibita
1387 1389 1484 1421 suerit
1505 1399 1563 1431 pro
1589 1388 1794 1431 impetranda
1821 1399 1838 1420 a
1862 1387 1958 1420 nobis

1218 1443 1368 1476 facultate
1394 1446 1609 1474 memoratum
1635 1440 1807 1482 collegium
1832 1440 1865 1472 in
1890 1439 1958 1471 uni-

1218 1495 1402 1528 versitatem
1429 1493 1526 1526 studii
1553 1492 1715 1535 generalis
1741 1491 1901 1534 erigendi,
1922 1501 1958 1524 ac

1218 1549 1362 1580 lauream
1385 1547 1584 1579 doctoralem
1610 1544 1822 1584 concedendi,
1848 1544 1887 1576 ad
1907 1543 1958 1576 in-

1218 1606 1283 1632 star
1308 1598 1526 1631 universitatis
1567 1597 1598 1630 S.
1637 1596 1798 1629 Dominici
1832 1596 1958 1629 insulae

1218 1651 1402 1694 Hispaniae,
1430 1651 1510 1682 itaut
1534 1650 1579 1682 sic
1604 1649 1779 1692 erigendae
1804 1648 1960 1681 universi·

1220 1704 1275 1737 tati
1300 1703 1458 1747 praelati,
1483 1702 1631 1736 canonici
1661 1700 1882 1735 cathedralis¹
1908 1711 1960 1734 ec-

1219 1758 1349 1797 clesiae,
1376 1761 1484 1789 rector
1510 1755 1654 1798 collegii,
1681 1760 1713 1788 et
1749 1754 1959 1787 scientiarum

1218 1810 1251 1843 in
1278 1820 1316 1843 eo
1342 1810 1546 1853 professores
1573 1818 1644 1840 cum
1668 1808 1852 1841 retentione
1887 1817 1959 1850 gra·

1220 1864 1329 1904 duum,
1355 1873 1438 1906 quos
1464 1861 1526 1905 ipsi
1551 1861 1583 1893 in
1610 1861 1679 1893 aliis
1696 1860 1959 1893 universitatibus

1219 1916 1283 1949 iam
1309 1920 1514 1958 receperunt,
1541 1913 1673 1956 adiungi
1699 1915 1837 1946 valeant:
1863 1913 1959 1945 nobis

1219 1974 1396 2012 propterea
1439 1967 1501 2010 ipsi
1544 1971 1743 2010 exponentes
1792 1966 1960 1999 humiliter

1220 2021 1394 2065 supplicari
1414 2021 1560 2054 fecerunt
1583 2026 1615 2052 ut
1641 2020 1673 2052 in
1699 2019 1885 2062 praemissis
1907 2030 1962 2062 op-

1220 2080 1359 2118 portune
1385 2073 1558 2116 providere
1580 2077 1661 2105 etut
1681 2071 1762 2104 infra
1787 2072 1959 2114 indulgere

1221 2127 1259 2160 de
1285 2126 1487 2168 benignitate
1512 2126 1689 2169 apostolica
1714 2125 1935 2167 dignaremur.

1265 2182 1280 2225 g
1297 2180 1328 2213 3.
1348 2179 1412 2213 Nos
1431 2179 1542 2221 igitur,
1563 2179 1650 2222 ipsos
1671 2184 1873 2221 exponentes
1891 2188 1960 2221 spe·
1991 2183 2155 2229 lssmess'ofjctfff

1221 2234 1356 2267 cialibus
1392 2232 1555 2265 favoribus
1594 2237 1625 2264 et
1660 2231 1770 2274 gratiis
1804 2216 2157 2284 prosequiffss'lss‘ss'iiiu'snsf

1221 2288 1379 2326 volenteS,
1406 2291 1437 2318 et
1462 2294 1575 2318 eorum
1602 2284 1783 2325 singulares
1803 2293 1959 2326 personas
1970 2268 2075 2337 ῗιῖἶῗίιέιιιῖι
2091 2268 2157 2315 edii?

1222 2351 1239 2373 a
1264 2338 1431 2383 quibusvis
1458 2336 1812 2375 excommunicationis,
1830 2346 1961 2379 suspen·
1979 2322 2039 2343 ΨΜ

1222 2392 1323 2425 sionis
1349 2396 1381 2424 et
1409 2390 1597 2429 interdicti,
1635 2389 1773 2432 aliisque
1811 2389 1963 2422 ecclesia-

1222 2444 1308 2478 sticis
1333 2444 1504 2477 sententiis
1521 2469 1528 2481 ,
1554 2442 1699 2475 censuris
1724 2448 1756 2475 et
1780 2442 1912 2485 poenis,
1945 2453 1964 2476 a

1222 2498 1291 2530 iure
1316 2498 1366 2530 vel
1391 2497 1431 2529 ab
1456 2495 1608 2535 homine,
1642 2495 1754 2538 quavis
1792 2495 1964 2529 occasione

1223 2551 1271 2583 vel
1297 2551 1391 2582 causa
1416 2548 1500 2588 latis,
1525 2548 1552 2580 si
1578 2547 1696 2591 quibus
1719 2548 1965 2591 quomodolibet

1260 2611 1271 2638 1
1295 2609 1366 2638 Edit.
1387 2609 1473 2637 Maia.
1495 2608 1561 2646 legit
1581 2608 1764 2638 cathedrales
1783 2608 1822 2645 (n.
1844 2607 1895 2645 1¹.)-
