2269 3203
283 183 332 211 An.
349 183 378 212 c.
400 183 469 211 {708
515 175 579 209 330

276 1174 307 1194 ἐίί
323 1175 334 1193 d
346 1177 391 1194 ctae
405 1182 449 1195 voci

1056 190 1232 213 BULLARIL‘M

477 240 583 267 netur.
613 233 692 268 Cum
725 239 850 275 autem,
876 235 960 269 sicut
990 236 1092 269 dictus
1126 237 1239 270 Ioan-'

476 297 535 319 nes
551 293 747 330 procurator
764 288 924 330 generalis
942 289 1036 321 nobis
1052 299 1154 332 nuper
1168 300 1216 322 ex-

475 340 553 383 poni
570 341 654 379 seeit,
670 341 807 374 dilectus
825 342 920 374 etiam
940 341 1026 375 filius
1044 342 1215 374 Anselmus

474 392 671 436 Espittalier,
698 394 833 426 clericus
857 394 961 426 dictae
986 394 1215 436 Congregatio-

475 445 525 477 nis
542 445 714 479 Doctrinae
737 446 950 486 Christianae,
969 447 1006 479 ad
1028 457 1143 479 munus
1161 447 1214 480 de-

475 497 614 531 finitoris
641 499 783 531 adiuncti
821 499 1006 532 huiusmodi
1033 504 1214 542 assumptus

474 550 592 603 fueriti·
630 552 700 594 ipse
737 562 812 585 vero
848 552 986 585 Ioannes
1022 558 1214 595 procurator

475 604 648 646 generalis,
662 615 701 638 ne
720 616 862 648 unquam
881 605 994 638 suturis
1014 606 1213 649 temporibus

475 657 514 690 de
541 657 703 690 validitate
729 658 897 691 electionis
922 658 1081 701 praedicti
1102 658 1213 691 delini-

475 710 554 743 toris
580 710 733 750 adiuncti,
758 711 930 754 minusque
948 711 987 744 de
1005 711 1213 754 beneplacito

475 763 656 806 apostolico
676 775 734 807 pro
760 765 872 797 eadem
898 776 975 798 voce
1002 764 1212 797 deliberativa

474 816 614 849 dubitari
636 817 759 860 possit,
788 817 982 850 electionem
1008 817 1046 850 de
1071 820 1214 860 persona

475 869 551 902 dicti
577 870 721 903 Anselmi
758 870 938 903 definitoris
976 871 1120 903 adiuncti
1157 881 1214 913 per

473 933 534 955 nos
555 922 751 962 confirmari,
772 922 893 966 illique,
913 933 948 956 ac
967 924 1036 956 eius
1061 924 1101 956 ad
1126 924 1211 956 idem

473 986 590 1008 munus
608 986 667 1018 pro
687 981 833 1019 tempore
862 976 1067 1008 assumendis
1085 986 1214 1008 succes-

473 1029 602 1062 soribus
637 1040 749 1062 vocem
788 1029 1033 1062 deliberativam
1076 1030 1211 1062 concedi

472 1082 646 1124 plurimum
672 1082 850 1115 desideret:

303 1147 360 1168 xum
376 1153 461 1168 conm-
509 1135 523 1177 ἓ
538 1134 568 1167 ⁶2.
588 1134 661 1173 Nos,
679 1135 784 1178 ipsum
799 1136 952 1168 loannem
967 1142 1212 1179 procuratorem

453 1181 660 1229 ⁵generalem
686 1188 880 1231 specialibus
899 1189 1078 1221 favoribus'
1095 1196 1126 1222 et
1146 1200 1213 1232 gra-

290 1201 443 1221 ‹letitie-aurai·

277 1227 333 1247 iuxta
354 1228 454 1248 nlncretuu

276 1260 286 1271 p

289 1254 362 1278 ..μιιιιιι
376 1235 460 1276 uqa-m]
474 1241 524 1274 tiis
540 1241 694 1284 prosequi
711 1243 866 1279 volentes,
883 1248 914 1274 et
931 1254 948 1275 a
968 1243 1137 1285 quibusvis
1158 1253 1213 1277 ex-

293 1288 301 1298 *
318 1286 390 1301 ''w‘'
472 1294 790 1335 communicationis,
813 1295 1037 1338 suspensionis
1057 1301 1089 1328 et
1112 1296 1213 1329 inter-

472 1347 559 1387 dicti,
584 1347 721 1391 aliisque
749 1348 981 1381 ecclesiasticis
1017 1350 1212 1390 sententiis,

471 1400 619 1433 censuris
645 1401 818 1443 etpoenis,
837 1412 853 1434 a
875 1401 943 1435 iure
968 1402 1018 1435 vel
1043 1403 1083 1435 ab
1109 1402 1212 1435 homi—

469 1464 521 1493 ne,
548 1454 660 1496 quavis
684 1454 856 1488 occasione
881 1456 930 1488 vel
959 1458 1056 1488 causa
1077 1456 1162 1497 latis,
1184 1457 1210 1489 si

469 1507 587 1550 quibus
609 1508 858 1550 quomodolibet
887 1509 1062 1542 innodatus
1088 1509 1209 1551 existit,

469 1560 507 1592 ad
534 1560 682 1593 effectum
708 1561 930 1603 praesentium
957 1561 1119 1594 dumtaxat
1135 1572 1211 1595 con-

468 1614 683 1656 sequendum,
705 1614 819 1646 barum
845 1614 929 1647 serie
948 1615 1153 1648 absolventes
1179 1620 1210 1648 et

467 1667 656 1699 absolutum
683 1667 751 1700 sore
778 1674 968 1708 censentes,
996 1669 1210 1712 supplicatio-

468 1719 564 1751 nibus
591 1719 659 1752 eius
677 1719 808 1753 nomine
835 1721 928 1753 nobis
952 1731 1054 1765 super
1070 1721 1133 1754 hoc
1152 1722 1210 1754 hu-

467 1772 589 1805 militer
614 1773 772 1815 porrectis
793 1774 947 1814 inclinati,
974 1775 1013 1807 de
1040 1775 1210 1808 venerabi-

467 1825 547 1858 lium
573 1826 706 1858 fratrum
731 1831 915 1860 nostrorum
940 1827 972 1860 S.
1007 1828 1043 1860 R.
1079 1828 1113 1861 Ε.
1141 1839 1210 1861 car-

468 1878 627 1911 dinalium
667 1878 807 1921 negotiis
843 1885 875 1912 et
910 1881 1208 1915 consultationibus

468 1931 695 1974 episcoporum
725 1937 756 1964 et
781 1932 981 1974 regularium
1006 1935 1209 1977 praeposito-

467 1994 539 2016 rum
564 1985 717 2025 consilio,
751 1985 854 2018 eidem
880 1986 1045 2027 Anselmo,
1073 1987 1208 2031 eiusque

467 2036 499 2068 in
526 2037 614 2069 dicto
632 2037 811 2071 delinitoris
837 2039 983 2072 adiuncti
1006 2040 1111 2073 officio
1137 2051 1208 2074 suc-

467 2089 661 2131 cessoribus,
680 2101 790 2124 vocem
817 2092 1065 2126 deliberativam
1084 2099 1147 2126 tam
1175 2095 1207 2127 in

467 2142 608 2185 capitulo
633 2144 777 2184 generali
815 2156 909 2187 quam
945 2146 977 2178 in
1010 2146 1205 2189 definitorio,

466 2205 538 2227 cum
564 2196 713 2228 omnibus
751 2197 928 2240 privilegiis
955 2204 986 2231 et
1011 2200 1208 2234 conditioni·

466 2247 526 2281 bus
553 2248 583 2280 in
611 2248 742 2281 decreto
768 2250 900 2292 capituli
933 2253 1095 2293 generalis
1120 2253 1206 2287 dicto

467 2311 551 2333 anno
573 2310 681 2334 MDCCV
710 2312 790 2334 sess.
816 2313 893 2336 xvin
919 2304 1006 2337 edito
1032 2306 1205 2346 contentis,

467 2354 578 2387 eadem
605 2354 808 2395 auctoritate,
830 2359 943 2388 tenore
968 2358 1205 2399 praesentium,

466 2407 689 2439 concedimus:
706 2408 911 2439 salvatamen
927 2418 1056 2452 semper
1070 2410 1102 2442 in
1117 2421 1206 2453 prae·

466 2459 573 2492 missis
598 2459 787 2492 auctoritate
812 2460 999 2503 praedictae
1024 2462 1206 2507 Congreget-

466 2511 564 2545 tionis
587 2511 813 2546 cardinalium.

501 2575 513 2602 1
536 2573 606 2602 Edit.
627 2573 706 2602 Main.
728 2574 794 2611 legit
812 2574 922 2610 favoris
939 2576 977 2610 (n.
1000 2578 1048 2612 12).
1225 2556 1228 2608 Ι

1658 145 1672 161 9

1258 189 1411 214 ΒΟΜΑΝΠΜ
2001 191 2055 219 An.
2071 192 2101 219 G.
2123 192 2191 221 1708

1302 238 1317 280 g*
1341 237 1372 271 3.
1400 237 1628 278 Decernentes,
1658 239 1788 272 easdem
1806 243 1998 283 praesentes
2035 252 2155 274 Clausutae.

1259 288 1383 321 litteras
1408 300 1538 333 semper
1562 290 1679 331 firmas,
1697 291 1820 324 validas
1838 296 1870 325 et
1894 291 1998 324 effica-

1258 352 1310 374 ces
1335 342 1472 375 existere
1498 348 1530 375 et
1555 343 1633 382 sore,
1665 353 1804 387 suosque
1834 345 1998 386 plenarios

1258 400 1288 427 et
1313 395 1457 438 integros
1479 395 1610 429 effectus
1634 397 1743 430 sortiri
1778 402 1807 430 et
1833 397 1995 439 obtinere,

1257 459 1292 480 ac
1318 449 1403 481 dicto
1422 450 1588 489 Anselmo,
1610 450 1749 493 aliisque
1767 451 1806 483 ad
1831 461 1912 494 quos
1930 461 2000 494 spe·

1258 505 1320 533 ctat
1338 506 1369 533 et
1387 501 1548 544 spectabit
1567 502 1600 534 in
1627 502 1780 543 futurum,
1806 502 1998 546 plenissime

1257 552 1440 595 suffragari,
1467 558 1500 586 et
1524 555 1562 586 ab
1600 554 1665 587 illis
1697 556 1874 598 respective
1899 555 1999 589 invio-

1257 604 1400 638 labiliter
1426 606 1610 646 observari,
1628 607 1741 650 sieque
1760 607 1792 640 in
1812 608 1997 650 praemissis

1257 668 1316 700 per
1342 668 1568 702 quoscumque
1594 658 1716 692 iudices
1753 660 1936 693 ordinarios
1968 666 1999 694 et

1257 711 1444 753 delegatos,
1468 712 1564 744 etiarn
1589 722 1758 745 causarum
1785 713 1895 755 palatii
1921 723 1999 757 apo-

1257 763 1361 796 stolici
1384 764 1561 802 auditores,
1582 765 1716 797 iudicari
1740 771 1771 798 et
1788 765 1916 798 definiri
1943 766 2000 799 de-

1256 816 1348 856 bere,
1368 827 1403 849 ac
1420 816 1546 849 irritum
1572 823 1604 850 et
1625 817 1721 851 inane
1743 817 1767 850 si
1787 828 1879 851 secus
1899 829 1999 862 super

1259 869 1307 902 bis
1322 880 1338 902 a
1354 880 1530 913 quoquam,
1547 870 1660 914 quavis
1679 871 1884 912 auctoritate,
1898 872 1999 905 scien·

1258 928 1305 955 ter
1333 924 1382 956 vel
1404 923 1605 965 ignoranter,
1632 925 1805 966 contigerit
1830 926 1994 959 attentari.

1300 975 1314 1018 ἓ
1338 978 1370 1008 4.
1397 975 1467 1008 Non
1493 976 1695 1009 obstantibus
1729 978 1935 1020 praemissis,
1962 989 1998 1012 ac
2034 995 2190 1024 c.,‚.=.-;‹sorum

1256 1028 1544 1062 constitutionibus
1577 1034 1609 1062 et
1634 1029 1893 1063 ordinationibus
1919 1022 2126 1074 apo-‘¹¹²‘03a1'0'

1256 1081 1392 1120 stolicis,
1415 1091 1556 1121 necnon,
1575 1088 1736 1125 quatenus
1750 1085 1831 1126 opus
1848 1084 1896 1122 sit,
1915 1084 1996 1117 Con-

1257 1133 1456 1175 gregationis
1474 1133 1646 1167 Doctrinae
1665 1134 1865 1179 Cliristiauae
1890 1136 1998 1170 liuius-

1257 1185 1365 1224 modi,
1391 1186 1528 1229 aliisque
1565 1186 1733 1229 quibusvis
1749 1214 1756 1227 ,
1784 1187 1880 1221 etiam
1905 1189 1998 1222 iura·-

1257 1244 1380 1279 mentO,
1424 1239 1670 1273 confirmatione
1711 1241 1891 1284 apostolica
1907 1268 1914 1282 ,
1946 1243 1996 1276 vel

1256 1292 1366 1335 quavis
1389 1292 1539 1325 firmitate
1565 1293 1627 1326 alia
1651 1294 1815 1327 roboratis
1830 1321 1838 1334 ,
1865 1294 1995 1328 statutis

1266 1350 1298 1377 et
1323 1345 1622 1386 consuetudinibus,
1648 1346 1826 1390 privilegiis
1853 1358 1994 1392 quoque,

1256 1397 1389 1431 indultis
1406 1404 1437 1431 et
1458 1399 1575 1431 litteris
1597 1399 1784 1442 apostolicis
1809 1401 1842 1433 in
1867 1407 1996 1435 contra-

1254 1450 1336 1483 rium
1362 1450 1614 1494 praemissorum
1643 1453 1894 1496 quomodolibet
1918 1464 1994 1487 con-

1254 1503 1363 1543 cessis,
1393 1503 1590 1537 contirmatis
1615 1509 1647 1537 et
1671 1505 1848 1546 innovatis;
1876 1506 1994 1550 quibus

1253 1556 1405 1589 omnibus
1442 1563 1473 1590 et
1508 1557 1661 1600 singulis,
1698 1558 1830 1592 illorum
1866 1565 1993 1594 tenores

1253 1609 1478 1652 praesentibus
1515 1620 1573 1653 pro
1604 1612 1702 1654 plene
1728 1617 1759 1645 et
1796 1612 1996 1647 sufficienter

1254 1662 1415 1706 expressis
1440 1673 1476 1696 ac
1501 1664 1541 1696 ad
1568 1664 1700 1697 verbum
1725 1665 1854 1698 insertis
1871 1666 1995 1700 haben-

1253 1719 1309 1755 tes,
1331 1715 1394 1748 illis
1408 1716 1487 1749 alias
1501 1716 1533 1749 in
1548 1727 1607 1750 suo
1622 1718 1740 1751 robore
1762 1719 1992 1761 permansuris,

1252 1769 1290 1801 ad
1328 1769 1580 1811 praemissorum
1617 1769 1765 1804 effectum
1782 1799 1790 1811 ,
1827 1772 1888 1805 liae
1926 1772 1994 1806 vice

1253 1822 1433 1863 dumtaxat,
1459 1823 1647 1866 specialiter
1671 1829 1702 1858 et
1727 1836 1877 1869 expresse
1899 1826 1994 1860 dero-

1252 1885 1379 1917 gamus;
1397 1876 1580 1920 ceterisque
1595 1877 1767 1910 contrariis
1786 1878 1993 1922 quibuscum-

1252 1939 1322 1971 que.

1296 1982 1409 2015 Datum
1436 1982 1567 2023 Romae,
1593 1984 1676 2027 apud
1696 1984 1727 2017 S.
1747 1984 1879 2019 Mariam
1896 1986 1993 2021 Maio-

1250 2044 1331 2075 rem,
1351 2035 1409 2068 sub
1436 2037 1557 2070 annulo
1573 2036 1759 2078 piscatoris,
1775 2038 1826 2072 di'e
1841 2050 1900 2073 xxv
1920 2040 1991 2074 iulii

1249 2097 1416 2129 unccvni,
1440 2089 1652 2132 pontificatus
1684 2091 1785 2124 nostri
1806 2102 1892 2125 anno
1918 2103 1988 2126 vin.

1286 2149 1344 2176 Dat.
1362 2149 1406 2178 die
1421 2150 1456 2178 25
1470 2150 1527 2178 iulii
1548 2152 1624 2184 1708,
1645 2152 1746 2187 pontif.
1768 2161 1841 2181 anno
1860 2160 1920 2181 vni.

1564 2363 1677 2396 CXVII.

1249 2467 1442 2500 Conceditur
1457 2468 1617 2510 fratribus
1639 2470 1739 2502 Tertii
1761 2470 1897 2505 Ordinis
1912 2483 1988 2505 sun-

1292 2519 1335 2551 cli
1359 2519 1531 2552 Francisci
1544 2522 1733 2564 provinciae
1749 2524 1988 2567 Luydunensis,

1292 2575 1326 2604 ut
1351 2571 1515 2606 decedente
1539 2574 1688 2608 ministro
1709 2576 1910 2621 provinciali
1933 2588 1988 2610 sex
