2269 3203
290 247 339 273 An.
362 247 389 275 c.
415 247 480 274 1723
526 238 589 272 9:36

484 295 653 338 beneficia,
679 297 797 341 quibus
823 297 1001 330 animarum
1027 306 1102 328 cura
1128 296 1228 329 inimi-

485 355 555 390 net,
575 349 706 382 nonnisi
730 360 805 382 vere
832 349 958 382 idoneis
984 349 1023 382 ad
1049 354 1227 382 memorata

485 402 591 435 officia
626 413 686 445 per
711 402 838 446 seipsos
870 402 1079 445 adimplenda
1115 402 1226 434 conse-

485 460 609 488 rantur.

338 518 473 543 ewtoeanms
528 508 543 550 ἕ
561 507 614 539 1⁶2.
635 507 817 547 Praeterea,
836 517 877 539 ne
895 506 1137 539 constitutionis
1154 516 1226 539 san-

288 545 525 601 l'.5‚¹„¹·131›‘.‘1·'¹¹i¹''23}‘cti
552 560 598 592 Pii
621 560 643 592 V
669 561 765 592 etiam
803 559 1066 602 praedecessoris
1099 559 1225 599 nostri,

286 603 397 669 iiiimxiiii:
426 603 515 649 {ists-Tin
538 624 600 655 qua
619 618 745 645 taxatur
761 622 901 653 congrua
928 612 1089 644 fructuum
1116 612 1224 655 portio

318 666 322 671 ’
484 666 609 699 vicariis
629 665 796 708 perpetuis
815 665 995 697 animarum
1010 675 1121 697 curam
1139 675 1225 698 exer-

483 719 632 751 centibus
669 718 886 760 assignanda,
919 718 1223 760 interpretationem

483 772 522 804 ab
548 771 617 803 eius
642 770 803 803 sententia
837 770 978 803 alienam
1004 769 1073 804 fieri
1099 771 1224 803 contin-

483 829 554 866 gat,
593 823 793 856 declaramus
829 822 1096 856 constitutionem
1134 823 1223 856 illam

482 876 650 920 pertinere
678 876 843 908 dumtaxat
872 876 912 908 ad
944 875 1081 909 vicarios
1106 886 1224 919 perpe-

482 934 551 962 tuos
578 929 707 962 illarum
728 929 940 962 ecclesiarum
965 928 1221 972 parochialium,

482 992 566 1025 quae
592 982 664 1014 aliis
690 981 844 1022 ccelesiis,
871 981 1099 1021 monasteriis,
1125 981 1224 1013 colle-

482 1036 553 1078 giis,
579 1034 745 1068 beneficiis
767 1040 799 1067 et
816 1034 895 1068 locis
925 1034 987 1078 piis
1014 1034 1123 1067 unitae
1145 1033 1221 1074 sint,

482 1098 610 1121 necnon
647 1087 832 1131 portionem
869 1098 1009 1120 annuam
1043 1087 1221 1125 fructuum,

481 1151 563 1184 quae
590 1140 710 1173 ibidem
746 1141 899 1173 statuitur
924 1140 1119 1183 assignanda
1144 1138 1223 1181 ipsis

481 1194 608 1227 vicariis
627 1194 659 1226 in
674 1195 799 1226 summa
816 1203 880 1226 non
898 1193 1012 1226 maiori
1038 1202 1135 1235 quam
1149 1201 1224 1224 cen-

484 1252 548 1279 tum
563 1258 623 1280 nec
641 1246 758 1279 minori
778 1257 875 1289 quam
901 1245 1138 1289 quinquaginta
1159 1254 1223 1277 scu-

482 1306 598 1339 torum,
620 1299 759 1342 intelligi
786 1299 905 1332 debere
922 1299 962 1331 de
984 1298 1082 1332 scutis
1106 1308 1223 1339 argen-

484 1353 542 1386 teis
569 1353 719 1386 iuliorum
748 1352 861 1384 decem
894 1356 1043 1385 monetae
1069 1360 1222 1383 romanae

484 1417 542 1450 pro
568 1406 714 1449 quolibet
738 1410 840 1437 scuto.

296 1465 473 1511 .P}3³‘,'.¹1[¹⁴l'.l!ll¹5
527 1459 541 1502 g
567 1457 619 1491 13.
639 1457 770 1496 Quoties
793 1458 902 1500 itaque
920 1457 953 1489 in
970 1457 1039 1489 aliis
1058 1456 1223 1499 paroehia-

288 1497 473 1555 ἷκῖῧῖνὲψικιῇῡε-
486 1511 570 1543 libus
595 1510 754 1550 ecclesiis,
772 1520 864 1553 quae,
882 1514 917 1542 ut
940 1509 1132 1552 praefertur,
1151 1509 1221 1541 uni-

287 1548 473 1596 ii's'nzae‘iss¹='i;i·ffii‹'1²e=¹.⁰
486 1568 535 1596 tae
560 1573 625 1596 non
651 1563 728 1602 sint,
748 1562 931 1605 oportuerit
948 1571 983 1594 ex
1005 1561 1113 1603 aliqua
1138 1560 1223 1593 iusta

484 1617 580 1648 causa
606 1614 769 1658 provideri
804 1625 864 1657 per
895 1614 1101 1647 coadiutores
1127 1624 1222 1656 paro-

484 1670 618 1702 chorum
644 1675 700 1701 aut
732 1678 792 1711 per
825 1668 962 1700 vicarios
990 1667 1220 1710 temporarios,

483 1733 579 1756 curae
605 1722 665 1754 erit
690 1721 862 1764 episcopis,
879 1730 938 1763 pro
958 1721 1030 1753 data
1044 1720 1104 1752 sibi
1122 1731 1139 1753 a
1156 1720 1223 1752 Tri-

484 1775 617 1809 demina
646 1775 775 1818 Synodo
800 1778 973 1817 potestate,
998 1778 1124 1816 partem
1150 1773 1220 1805 sru-

483 1834 590 1861 ctuum
609 1826 781 1870 praedictis
807 1825 1048 1859 coadiutorihus
1070 1831 1122 1858 aut
1139 1825 1223 1858 vica-

484 1881 538 1913 riis
557 1880 781 1922 assignandam
797 1879 1014 1912 determinare
1029 1878 1061 1911 in
1076 1880 1112 1911 ea
1126 1889 1224 1922 quan-

484 1935 594 1973 titate,
621 1943 716 1976 quae,
742 1943 800 1976 pro
826 1942 884 1965 suo
909 1931 1063 1975 prudenti
1089 1931 1223 1964 arbitrio

483 1992 515 2019 et
539 1985 751 2025 conscientia,
768 1985 965 2018 conveniens
985 1984 1159 2025 videbitur,
1179 1994 1223 2017 ra-

484 2039 568 2072 tione
584 2038 737 2071 videlicet
755 2037 867 2070 habita
884 2037 1069 2070 reddituum
1091 2042 1123 2069 et
1140 2047 1224 2069 emo-

485 2093 705 2125 lumentorum
753 2090 909 2124 ecclesiae
954 2090 1154 2133 parochialis
1189 2090 1222 2123 in

483 2155 545 2188 qua
570 2144 714 2187 deputati
747 2143 886 2183 suerint,
913 2153 1041 2177 necnon
1067 2143 1223 2186 inspectis

483 2197 728 2230 conditionibus
754 2195 839 2235 loci,
868 2205 1002 2228 numero
1029 2195 1220 2236 animarum,

484 2250 640 2292 qualitate
667 2248 798 2288 laboris,
817 2254 847 2280 ct
864 2248 1044 2291 quantitate
1058 2248 1221 2291 impensa-

483 2313 551 2334 rum
583 2312 662 2345 qnas
706 2301 871 2334 commissi
909 2300 1005 2334 officii
1046 2301 1222 2334 necessitas

483 2354 705 2398 postulaverit.
745 2354 834 2392 Quod
867 2354 892 2386 si
922 2354 1055 2397 parochi
1086 2354 1125 2386 ab
1154 2354 1222 2397 epi-

483 2408 593 2450 scopis
617 2407 744 2447 moniti,
772 2417 917 2449 congruo
943 2407 1055 2439 iisdem
1081 2406 1220 2439 termino

483 2459 647 2503 praefixo,
674 2458 881 2491 coadiutores
907 2468 962 2490 seu
987 2458 1122 2490 vicarios
1146 2463 1223 2491 tem-

483 2511 643 2556 porarios,
665 2510 794 2554 quoties
820 2521 902 2553 opus
928 2510 1034 2551 suerit,
1055 2521 1221 2544 assumere

483 2565 708 2608 neglexerint3
732 2569 889 2608 poterunt
907 2564 968 2607 ipsi
987 2564 1132 2608 episcopi
1152 2574 1219 2605 eos,

484 2628 565 2662 quos
576 2617 653 2651 huic
668 2616 794 2651 muneri
807 2616 943 2651 idoneos
957 2617 1154 2659 censuerint,
1171 2627 1221 2651 au-

1069 249 1249 272 BULLAl'llUM
1277 249 1432 274 ROMANUM

2017 253 2064 281 An.
2085 253 2115 281 G.
2134 253 2201 283 1723

1270 298 1418 331 ctoritate
1442 299 1574 342 propria
1591 298 1756 342 deputare,
1775 310 1848 333 cum
1863 300 2007 344 assigna-

1271 350 1356 384 tione
1377 352 1559 385 antedictae
1585 353 1744 395 portionis
1769 353 1943 387 fructuum.
1969 354 2008 388 Et

1270 403 1495 445 nihilominus,
1514 404 1568 437 ubi
1588 405 1683 438 etiam
1700 406 1857 448 praedicti
1876 407 2008 440 coadiu-

1271 461 1357 489 tores
1383 462 1438 489 aut
1463 456 1572 490 vicarii
1598 459 1784 501 temporarii
1811 470 1828 492 a
1852 460 2007 502 parochis

1270 508 1425 541 nominati
1452 510 1500 542 vel
1526 511 1684 553 assumpti
1709 511 1854 550 suerint,
1882 512 1921 544 de
1947 522 2006 545 eo-

1269 571 1340 592 rum
1365 561 1542 595 idoneitate
1580 563 1744 606 episcopis
1776 569 1924 597 constare
1948 575 2008 608 per

1269 623 1403 646 examen
1428 614 1546 648 debeat
1565 620 1740 659 antequam
1761 617 1800 649 ad
1818 617 2006 650 exercitium

1268 665 1502 707 admittantur3
1526 677 1587 700 nec
1607 668 1684 700 satis
1710 668 1750 701 sit
1767 669 1855 712 quod
1874 669 1912 702 ad
1930 680 2007 702 con-

1268 718 1426 752 sessiones
1462 719 1638 753 audiendas
1669 726 1763 754 antea
1797 722 1918 755 suerint
1942 733 2003 766 ap-

1266 772 1403 814 probati,
1430 772 1490 805 nisi
1515 772 1585 806 aliis
1610 774 1706 806 etiam
1731 774 1943 818 qualitatibus
1965 775 2005 809 ad

1267 835 1377 858 curam
1403 825 1583 858 animarum
1605 832 1691 859 recte
1719 828 1933 860 exercendam
1954 838 2006 871 op-

1267 877 1415 920 portunis
1440 877 1582 921 praediti
1618 884 1804 912 noscantur.
1831 878 1952 918 Quibus
1978 880 2005 913 si

1267 937 1407 969 careant,
1425 940 1484 963 nec
1501 931 1636 973 parochi
1663 931 1782 964 deinde
1805 931 1888 965 intra
1906 933 2005 965 alium

1266 982 1405 1016 similem
1435 983 1608 1016 terminum
1634 983 1673 1015 ab
1699 983 1864 1027 episcopis
1889 985 2005 1028 praefi-

1267 1036 1409 1078 gendum
1438 1035 1519 1068 alios
1552 1046 1628 1068 vere
1659 1035 1795 1069 idoneos
1820 1037 2006 1071 nominave-

1267 1088 1349 1129 rint,
1377 1094 1452 1121 tunc
1483 1088 1604 1131 pariter
1639 1089 1678 1121 ad
1707 1089 1796 1132 ipsos
1831 1090 2006 1133 episcopos

1267 1141 1368 1174 libere
1394 1146 1523 1184 spectet
1548 1141 1714 1184 deputatio
1731 1152 1803 1175 cum
1829 1142 1914 1175 dicta
1933 1152 2007 1175 con·

1267 1203 1366 1236 grtiae
1392 1193 1631 1236 assignatione,
1657 1204 1716 1226 nec
1744 1195 1810 1226 ulla
1836 1195 2003 1237 parocho-

1266 1257 1336 1279 rum
1361 1246 1576 1279 contradictio
1601 1252 1654 1279 aut
1678 1247 1840 1289 exemptio
1865 1252 1921 1280 aut
1947 1259 2006 1292 ap-

1270 1297 1419 1341 pellatio,
1437 1302 1492 1330 aut
1508 1297 1740 1341 cuiuscumque
1762 1298 1876 1332 iudicis
1889 1299 2007 1332 inhibi-

1267 1352 1320 1392 tio⁷
1339 1351 1561 1383 executionem
1580 1350 1799 1394 deputationis
1818 1356 1849 1384 et
1866 1352 2007 1394 assigna-

1266 1403 1361 1436 tionis
1386 1409 1491 1436 certae
1516 1403 1617 1446 partis
1638 1403 1800 1435 fructuum
1820 1403 1851 1436 in
1877 1404 2005 1438 casibus

1265 1456 1452 1499 praemissis
1477 1455 1678 1498 suspendere
1710 1455 1834 1498 possit,
1862 1455 2005 1500 itemque

1266 1518 1331 1541 non
1346 1508 1495 1541 obstante
1521 1507 1667 1551 qualibet
1683 1508 1845 1541 contraria
1868 1518 2006 1542 consue·

1267 1561 1377 1595 tudine
1399 1561 1495 1594 etiam
1521 1560 1781 1593 immemorabili.

1310 1615 1324 1658 g
1338 1614 1391 1647 14.
1411 1614 1538 1653 Verum,
1556 1613 1632 1656 quia
1647 1623 1713 1646 non
1730 1613 1806 1646 satis
1823 1614 2002 1648 animarum
2041 1622 2200 1648 Constituantur

2014 1650 2120 1672 ecciesiae
2144 1652 2200 1673 vica-

1266 1677 1361 1700 curae
1387 1673 1418 1700 et
1435 1666 1682 1699 necessitatibus
1708 1666 1903 1710 quandoque
1927 1677 2058 1701 con-nae
2074 1678 2107 1707 vei
2131 1684 2199 1699 novae

1266 1722 1385 1754 sultum
1412 1724 1461 1752 est
1486 1729 1544 1762 per
1569 1720 1632 1752 hoc
1667 1720 1754 1762 quod
1787 1720 1826 1752 ad
1852 1704 2144 1756 obeundagssissei'i'ff'
2162 1705 2198 1726 ’Μ

1266 1772 1467 1816 parochialia
1490 1772 1601 1805 munia
1625 1772 1678 1805 alii
1704 1773 1892 1806 sacerdotes
1912 1784 2006 1817 paro-

1266 1827 1336 1859 chis
1362 1825 1600 1867 adiungantur,
1627 1825 1683 1858 sed
1713 1825 1836 1859 maiora
1861 1826 2005 1860 remedia

1266 1878 1416 1912 adhiberi
1442 1881 1579 1921 oportet,
1597 1878 1724 1921 quoties
1750 1888 1868 1922 nempe
1893 1879 1935 1912 ob
1957 1880 2006 1913 lo-

1267 1943 1377 1966 corum
1393 1931 1579 1965 distantiam
1598 1932 1663 1965 sive
1676 1931 1822 1965 itineris¹
1840 1932 2006 1966 difficulta-

1268 1990 1331 2019 tem
1357 1985 1548 2029 parochiani
1574 1984 1642 2018 sine
1660 1995 1777 2027 magno
1798 1985 2004 2019 incommodo

1267 2049 1324 2082 pro
1349 2038 1559 2072 sacramentis
1576 2037 1795 2082 percipiendis
1821 2037 2004 2082 divinisque

1266 2091 1378 2126 officiis
1404 2090 1573 2125 audiendis
1598 2091 1753 2125 accedere
1771 2090 1809 2124 ad
1831 2091 2003 2125 ecclesiam

1266 2143 1488 2187 parochialem
1506 2149 1679 2187 nequeant,
1699 2148 1774 2176 tunc
1793 2142 1923 2186 quidem
1941 2153 2002 2177 me·

1266 2197 1421 2230 minerint
1445 2196 1590 2240 episcopi
1606 2197 1705 2230 licere
1725 2195 1785 2229 sibi
1800 2206 1860 2238 pro
1881 2205 1940 2229 suo
1955 2206 2004 2229 ar-

1264 2249 1371 2292 bitrio,
1387 2249 1495 2283 invitis
1520 2249 1617 2282 etiam
1643 2248 1834 2288 rectoribus,
1851 2248 1901 2282 vel
1919 2248 2004 2282 intra

1266 2303 1397 2335 easdem
1423 2301 1596 2345 parochias
1614 2301 1776 2334 destinare
1797 2300 1875 2334 alias
1900 2302 2005 2335 eccle-

1265 2355 1329 2387 sias
1355 2355 1387 2387 in
1412 2355 1530 2398 quibus
1566 2353 1751 2386 sacerdotes
1781 2353 2003 2395 parochorum

1265 2407 1469 2440 coadiutores
1486 2410 1690 2439 sacramenta
1714 2405 1897 2439 ministrent
1910 2411 1941 2439 et
1959 2405 2004 2439 di-

1264 2460 1372 2492 vinum
1390 2460 1510 2492 cultum
1528 2458 1714 2497 exhibeant,
1731 2459 1779 2491 vel
1796 2468 1894 2491 novas
1907 2469 2002 2502 paro-

1264 2512 1353 2545 chias
1379 2521 1541 2553 novasque
1573 2510 1778 2554 parochiales
1808 2511 1958 2544 ecclesias
1983 2522 2001 2544 a

1263 2563 1425 2598 veteribus
1451 2562 1617 2596 distinctas
1647 2562 1843 2596 constituere
1859 2589 1867 2603 ,
1895 2562 2000 2607 iisque

1300 2626 1310 2652 1
1332 2624 1403 2652 Edit.
1425 2624 1505 2651 Μαίη,
1526 2623 1593 2659 legit
1612 2623 1718 2652 ztineri
1736 2626 1775 2659 (R.
1792 2623 1838 2659 ¹12).
