2269 3203
285 268 334 295 All.
357 268 385 295 c.
405 268 468 295 1721
520 257 583 291 896

481 317 587 350 totalis
612 317 776 358 laesionis,
797 318 884 351 nullo
904 329 1045 362 unquam
1072 323 1219 362 tempore

480 371 519 403 de
546 371 768 414 subreptionis
788 372 836 404 vel
852 371 1056 415 obreptionis
1074 377 1131 404 aut
1150 372 1219 405 nul-

480 424 579 456 litatis
604 424 702 464 vitio,
730 434 785 456 seu
812 423 1004 457 intentionis
1037 435 1114 457 suae
1131 451 1138 464 ‚
1166 430 1220 457 aut

481 478 640 509 interesse
678 477 868 510 habentium
895 478 1088 517 consensus,
1115 477 1217 510 aliove

480 528 630 572 quolibet
669 528 763 561 etiam
797 529 1003 572 quantumvis
1035 539 1152 572 magno
1183 539 1218 562 ac

479 581 684 615 substantiali
704 592 739 615 ac
763 581 943 624 incogitato
970 587 1001 614 et
1017 581 1217 624 incogitabili

480 634 745 677 individuamque
764 634 1007 677 expressionem
1029 634 1217 677 requirente

479 688 607 720 defectu
633 687 752 727 notari,
781 687 975 730 impugnari,
1000 687 1144 730 infringi,
1168 697 1218 720 re-

479 740 610 773 tractari
630 741 678 773 vel
705 739 897 780 modificari,
919 741 957 773 ad
984 741 1066 773 viam
1085 750 1141 773 seu
1161 745 1218 773 ter-

477 794 582 826 minos
618 793 697 826 iuris
729 793 852 834 reduci,
877 798 930 826 aut
957 794 1109 827 adversus
1145 793 1217 827 illas

477 847 668 891 aperitionis
706 847 790 888 oris,
818 847 1034 881 restitutionis
1070 847 1101 880 in
1135 848 1218 880 inte-

478 911 580 943 grum,
609 901 737 934 aliudve
764 901 993 945 quodcumque
1018 901 1117 942 iuris,
1145 900 1217 934 sacti

476 955 526 987 rel
552 954 676 997 gratiae
702 955 882 988 remedium
907 955 1062 988 intentari
1088 956 1138 988 vel
1164 954 1218 987 im-

477 1006 678 1050 petrari,aut
701 1007 885 1051 impetrato,
911 1018 966 1040 seu
994 1007 1089 1040 etiam
1116 1012 1218 1047 motu,

477 1059 614 1092 scientia
640 1065 672 1092 et
697 1060 865 1102 potestatis
890 1059 1097 1104 plenitudine
1131 1059 1218 1103 pari-

476 1113 536 1144 bus
557 1122 712 1145 concesso
730 1114 779 1146 vel
798 1119 959 1152 emanato‚
979 1113 1166 1156 quempiam
1184 1112 1217 1145 in

477 1164 596 1198 iudicio
617 1167 667 1198 vel
693 1172 782 1198 extra
806 1166 888 1199 illud
907 1166 951 1198 uti
971 1176 1027 1198 seu
1053 1176 1088 1198 se
1106 1165 1217 1198 iuvare

477 1219 543 1251 ullo
559 1219 656 1252 modo
673 1228 790 1262 posse;
811 1219 869 1252 sed
896 1219 983 1262 ipsas
1003 1219 1127 1252 litteras
1144 1229 1217 1251 con-

477 1271 633 1304 ficiendas
659 1282 792 1314 semper
816 1272 944 1313 firmas,
972 1272 1094 1305 validas
1120 1277 1150 1305 et
1176 1272 1218 1304 es-

476 1325 591 1358 sicaces
617 1325 755 1358 existere
782 1330 813 1358 et
838 1325 919 1364 sore,
939 1336 1080 1369 suosque
1106 1326 1219 1368 plena-

477 1378 542 1411 rios
569 1383 600 1411 et
625 1378 771 1420 integros
798 1377 930 1411 effectus
948 1378 1056 1411 sortiri
1082 1383 1113 1410 et
1136 1377 1219 1411 obti-

477 1442 574 1471 nere,
600 1442 636 1464 ac
668 1433 752 1472 illis,
780 1433 819 1465 ad
845 1442 925 1475 qnos
951 1436 1079 1475 spectat
1104 1436 1135 1464 et
1159 1441 1218 1474 pro

477 1491 626 1529 tempore
663 1486 936 1529 quandocumque
961 1489 1158 1528 spectasset,
1186 1484 1217 1516 in

475 1539 624 1572 omnibus
660 1545 690 1573 et
722 1550 782 1582 per
808 1539 917 1572 onmia
941 1538 1129 1582 plenissime
1154 1537 1219 1570 sus-

477 1592 604 1635 sragari,
631 1598 662 1626 et
687 1593 726 1626 ab
751 1593 815 1626 illis
842 1592 1022 1636 respective
1049 1590 1219 1625 inviolabi-

475 1645 550 1678 liter
574 1645 750 1687 observari,
778 1645 891 1689 sicque
917 1651 948 1678 et
972 1656 1038 1678 non
1065 1645 1161 1678 aliter
1185 1644 1217 1676 in

475 1699 663 1741 praemissis
690 1709 747 1741 per
772 1709 997 1742 quoscumque
1016 1698 1141 1731 iudices
1165 1707 1218 1730 or-

476 1752 621 1784 dinarios
649 1758 682 1784 et
707 1752 889 1794 delegatos,
922 1751 1020 1784 etiam
1045 1761 1216 1783 causarum

474 1804 587 1847 palatii
611 1804 783 1848 apostolici
809 1805 990 1844 auditores,
1010 1814 1045 1837 ac
1071 1804 1102 1836 S.
1123 1804 1161 1836 R.
1180 1803 1215 1836 E.

475 1857 672 1896 cardinales,
696 1858 793 1890 etiam
823 1857 862 1889 de
895 1858 996 1890 latere
1014 1857 1152 1899 legatos,
1173 1866 1218 1889 ce-

476 1915 628 1953 terosque
654 1910 817 1953 quoslibet
831 1920 1038 1953 quacumque
1059 1909 1219 1952 praeemi-

476 1963 587 1996 nentia
612 1968 644 1996 et
668 1967 828 2006 potestate
857 1963 1031 2006 fungentes
1054 1962 1219 1996 etsunctu-

476 2027 538 2056 ros,
556 2016 685 2050 sublata
699 2016 745 2049 eis
770 2021 801 2049 et
826 2026 939 2049 eornm
956 2015 1092 2049 cuilibet
1106 2015 1218 2058 quavis

475 2069 572 2103 aliter
596 2069 761 2102 indicandi
789 2074 821 2102 et
845 2069 1085 2112 interpretandi
1119 2068 1217 2102 sacul-

477 2127 540 2156 tate
564 2128 596 2156 et
625 2123 838 2163 auctoritate,
865 2123 1003 2156 iudicari
1034 2129 1066 2156 et
1089 2123 1217 2156 definiri

475 2177 622 2217 deberc3
650 2188 687 2210 ac
716 2177 844 2210 irritum
871 2183 902 2211 et
934 2178 1031 2210 inane
1065 2178 1091 2210 si
1124 2188 1217 2211 secus

474 2240 574 2273 super
599 2230 650 2263 liis
669 2241 686 2262 a
703 2240 881 2273 quoquam,
908 2231 1019 2273 quavis
1043 2230 1219 2264 auctorita-

474 2289 522 2323 te,
556 2283 696 2316 scienter
728 2284 778 2316 vel
805 2284 1016 2326 ignoranter,
1042 2284 1220 2327 contigerit

475 2337 644 2370 attentari.
661 2337 728 2370 Non
744 2337 946 2370 obstantibus
966 2337 1123 2380 praedicti
1141 2337 1217 2370 Sixti

1066 271 1243 294 nrrntntt‘n
1271 271 1426 296 ROMANL'M

1264 319 1427 360 hei-etur,
1468 320 1608 364 aliisque
1650 320 1936 355 constitutionibus
1969 327 2001 356 et

1262 373 1525 407 ordinationibus
1549 374 1755 416 apostolicis,
1774 385 1903 408 necnon
1927 375 2000 408 civi-

1263 427 1335 459 tatis
1361 426 1589 460 Maceratensis
1615 432 1647 460 et
1672 427 1841 461 tribunalis
1870 428 2000 472 praedi-

1261 484 1406 519 ctorum,
1431 490 1468 512 ac
1502 479 1760 523 quibuscumque
1785 480 1876 519 aliis,
1902 480 1998 514 etiam

1262 531 1453 572 iuramento,
1479 532 1727 566 confirmatione
1745 533 1935 576 apostolica,
1951 535 1999 567 vel

1262 584 1374 626 quavis
1404 584 1556 618 firmitate
1582 585 1643 618 alia
1668 585 1850 625 roboratiS,
1875 586 2000 620 statutis

1263 641 1294 668 et
1318 637 1621 678 consuetudinibus,
1644 638 1824 681 privilegiis
1855 649 1999 682 quoque,

1262 688 1396 722 indultis
1432 693 1463 723 et
1491 690 1608 724 litteris
1633 691 1824 734 apostolicis
1842 717 1850 732 ‚
1876 691 1999 725 eisdem

1262 741 1380 775 civitati
1415 748 1445 775 et
1479 743 1651 784 tribunali,
1679 750 1711 777 et
1735 744 1902 788 quibusvis
1927 744 1999 778 aliis

1261 795 1433 838 personis,
1458 797 1516 829 sub
1542 797 1799 841 quibuscumque
1824 797 1999 830 verborum

1263 848 1429 881 tenoribus
1456 854 1487 881 et
1519 850 1644 890 formis,
1671 860 1707 883 ac
1731 861 1804 884 cum
1831 849 2000 893 quibusvis

1263 900 1359 934 etiam
1374 902 1654 944 derogatoriarum
1672 903 1897 946 derogatoriiS,
1914 902 2001 936 aliis-

1262 964 1325 997 que
1351 954 1587 988 efficacioribus
1611 960 1642 988 et
1667 955 1805 988 insolitis
1831 955 1998 997 clausulis,

1262 1018 1297 1039 ac
1323 1007 1539 1047 irritantibus,
1566 1014 1598 1041 et
1623 1008 1693 1041 aliis
1719 1008 1864 1047 decretis,
1892 1008 1923 1041 in
1947 1018 2001 1051 ge-

1261 1070 1339 1093 nere
1364 1060 1410 1093 vel
1429 1060 1461 1092 in
1487 1060 1608 1104 specie,
1627 1061 1722 1094 etiam
1745 1066 1846 1101 motu,
1864 1060 2000 1094 scientia

1263 1118 1294 1145 et
1318 1113 1488 1156 potestatis
1506 1113 1710 1156 plenitudine
1735 1114 1878 1157 paribus,
1904 1113 1999 1146 etiam

1262 1165 1552 1206 consistorialiter,
1580 1172 1611 1199 et
1644 1166 1722 1200 alias
1754 1166 2001 1209 quomodolibet

1261 1218 1295 1251 in
1320 1219 1521 1251 contrarium
1545 1219 1802 1262 praemissorum
1827 1218 1998 1258 concessis,

1262 1270 1459 1304 confirmatis
1478 1298 1486 1312 ,
1510 1282 1546 1304 ac
1575 1272 1699 1315 pluries
1726 1277 1758 1305 et
1781 1271 2001 1315 quantiscum-

1263 1335 1325 1368 que
1369 1324 1491 1357 vicibus
1530 1325 1717 1368 approbatis
1754 1331 1786 1358 et
1819 1324 1998 1365 innovatis;

1262 1377 1380 1422 quibus
1406 1377 1557 1410 omnibus
1576 1383 1606 1410 et
1629 1378 1776 1420 singulis,
1795 1378 1922 1410 etiamsi
1939 1388 1999 1421 pro

1261 1432 1392 1464 illorum
1417 1430 1587 1463 sufficienti
1621 1430 1834 1473 derogatione
1865 1430 1905 1463 de
1934 1430 1999 1464 illis

1263 1494 1443 1528 eorumque
1463 1484 1536 1517 totis
1557 1483 1724 1517 tenoribus
1744 1483 1908 1527 specialis,
1928 1493 2001 1527 spe-

1262 1538 1362 1580 cifica,
1376 1548 1530 1581 expressa
1549 1542 1581 1571 et
1594 1537 1771 1577 individua,
1789 1547 1825 1570 ac
1843 1537 1883 1570 de
1899 1536 2000 1570 verbo

1262 1592 1301 1625 ad
1326 1593 1478 1631 verbum,
1505 1601 1571 1624 non
1604 1596 1711 1623 autem
1745 1600 1806 1634 per
1839 1589 2000 1623 clausulas

1262 1646 1432 1688 generales
1450 1644 1537 1677 idem
1557 1643 1780 1687 importantes,
1806 1643 1926 1677 mentio
1943 1652 2001 1676 seu

1262 1698 1395 1742 quaevis
1420 1697 1483 1730 alia
1504 1696 1670 1740 expressio
1692 1696 1851 1737 habenda,
1873 1701 1927 1729 aut
1943 1695 2000 1729 ali-

1262 1762 1324 1794 qua
1338 1751 1400 1785 alia
1418 1749 1577 1794 exquisita
1589 1750 1691 1783 forma
1707 1750 1745 1782 ad
1760 1749 1824 1782 hoc
1840 1748 2001 1783 servanda

1262 1806 1363 1846 soret,
1385 1809 1514 1837 tenores
1532 1802 1729 1842 huiusmodi,
1747 1812 1784 1835 ac
1800 1802 1825 1835 si
1845 1803 1884 1835 de
1904 1802 2001 1835 verbo

1261 1857 1458 1897 adverbum,
1475 1856 1556 1889 nihil
1576 1857 1704 1900 penitus
1718 1856 1839 1889 omisso
1854 1860 1887 1889 et
1901 1856 2001 1889 forma

1261 1911 1294 1944 in
1321 1911 1386 1944 illis
1412 1909 1525 1943 tradita
1542 1909 1721 1949 observata,
1741 1909 2002 1952 exprimerentur

1262 1970 1294 1997 et
1318 1964 1553 2003 insererentur,
1570 1962 1685 1996 litteris
1710 1962 1923 1996 conficiendis
1942 1962 2001 1994 hu-

1261 2016 1402 2050 iusmodi
1427 2025 1486 2059 pro
1505 2015 1600 2059 plene
1619 2020 1649 2048 et
1663 2014 1859 2048 sufficienter
1874 2024 2002 2058 expres-

1262 2071 1306 2104 sis
1331 2076 1363 2104 et
1388 2069 1518 2103 insertis
1544 2069 1682 2110 habens,
1704 2068 1767 2102 illis
1794 2068 1872 2102 alias
1890 2069 1923 2102 in
1941 2079 2000 2103 suo

1262 2123 1381 2157 robore
1406 2122 1651 2166 permansuris,
1678 2122 1717 2155 ad
1746 2121 2000 2165 praemissorum

1263 2176 1425 2217 effectum,
1451 2178 1488 2210 ea
1512 2176 1580 2209 vice
1606 2175 1787 2215 dumtaxat,
1813 2174 2001 2218 specialiter

1262 2236 1294 2263 et
1319 2239 1471 2273 expresse
1498 2229 1675 2272 derogavit,
1702 2238 1738 2261 ac
1762 2228 1949 2272 plenissime
1968 2233 2001 2261 et

1262 2284 1459 2328 amplissime
1485 2283 1676 2326 derogatum
1701 2292 1773 2315 esse
1797 2282 1920 2323 voluit;
1948 2292 2001 2316 ce·

1263 2338 1405 2379 terisque
1431 2336 1602 2370 contrariis
1628 2335 1903 2379 quibuscumque.

2008 272 2058 300 An.
2079 273 2108 300 C.
2128 274 2191 302 1721

1304 2388 1370 2432 §2-
1398 2388 1442 2422 Ne
1461 2394 1566 2422 autem
1591 2388 1630 2421 de
1652 2388 1865 2421 concessione
1895 2393 1927 2422 et
1954 2398 2000 2422 as-
2030 2394 2195 2416 Conflrmzuoet

2010 2427 2064 2442 nom
2083 2423 2193 2442 concessio

1261 2442 1442 2484 signatione
1467 2442 1626 2484 perpetua
1663 2441 1862 2474 auditoratns
1898 2442 1998 2475 Rotae
2010 2449 2127 2478 rrceusnu
2146 2454 2194 2472 :ra-

1259 2494 1486 2528 Maceratensis
1517 2494 1571 2526 uni
1597 2504 1632 2527 ex
1661 2494 1784 2527 civibus
1811 2476 2194 2547 originariis'p'ffereudjitffis‘ffiss

1259 2548 1363 2580 dictae
1384 2547 1520 2580 civitatis
1540 2547 1764 2580 Urbinatensis
1791 2558 1809 2580 a
1832 2547 1998 2591 praedicto
2009 2534 2147 2580 ³¹}›0szoneao.
2183 2533 2193 2548 ⁰

1257 2600 1423 2634 Clemente
1437 2600 1690 2643 praedecessore
1703 2600 1794 2640 sacta,
1805 2610 1842 2633 ac
1856 2600 1998 2642 decreto,

1258 2654 1488 2699 derogatione,
1515 2654 1699 2699 ceterisque
1724 2653 1912 2698 praedictis,
1937 2663 1997 2698 pro

474 2389 738 2433 praedecessoris
764 2390 903 2428 litteris,
929 2400 964 2422 ac
996 2390 1069 2433 piae
1094 2400 1218 2422 memo-

474 2442 542 2475 riae
561 2441 721 2474 Bonisacii
747 2442 852 2484 Papae
872 2442 933 2474 Vlll
952 2442 1216 2484 praedecessoris

474 2495 587 2534 nostri,
615 2501 689 2527 tunc
715 2495 773 2533 sui,
801 2495 839 2527 de
866 2496 938 2534 una,
958 2500 989 2527 et
1014 2494 1144 2527 concilii
1166 2505 1216 2538 ge-

474 2548 597 2582 neralis
623 2548 662 2581 de
690 2548 812 2580 duabus
838 2547 944 2587 dietis,
972 2547 1148 2580 dummodo
1172 2549 1214 2581 ul·

475 2608 524 2634 tra
554 2606 618 2634 tres
654 2601 755 2634 dietas
789 2600 904 2644 aliquis
938 2600 1131 2634 auctoritate
1165 2611 1216 2635 ea-

474 2655 622 2689 rumdem
640 2653 823 2688 litterarum
841 2653 873 2687 in
892 2653 1048 2689 iudicium
1066 2664 1133 2689 non
1152 2659 1213 2690 tra-
