2269 3203
240 219 290 246 An.
311 217 339 245 c.
359 217 424 246 1712
471 207 534 241 539

435 266 516 298 tibus
541 265 580 298 ad
606 274 638 298 se
664 265 774 298 accitis
807 265 974 304 iniunxit,
1010 269 1044 295 ut
1079 264 1167 306 ipsos

432 318 726 352 excommunicatos
758 318 795 350 ad
833 316 1098 350 communionem
1136 315 1169 347 in

433 371 548 404 divinis
573 376 604 404 et
628 377 906 404 sacramentorum
939 367 1167 412 participatio-

433 424 506 457 nem
531 425 747 464 admitterent,
775 424 934 466 gravibus,
961 422 986 455 si
1012 432 1104 455 secus
1128 422 1171 454 se-

432 478 560 517 cissent,
586 477 712 510 indictis
738 476 863 520 poenis,
883 477 960 519 quin
979 476 1074 509 etiam
1090 485 1171 508 non·

432 531 548 570 nullos,
568 531 623 574 qui
642 530 739 563 divini
759 530 867 562 iudicii
891 530 1005 562 timore
1028 528 1169 572 correpti

433 583 470 615 iis
507 588 709 616 sacramenta
743 581 905 615 Ecclesiae
941 581 1170 615 administrare

432 641 506 668 ante
524 636 602 668 illud
621 642 750 678 tempus
768 635 884 668 merito
902 634 1169 674 detrectaverant,
1192 661 1194 668 ,

431 688 629 732 pecuniariis
653 688 784 721 mulctis
815 688 966 727 afficere,
998 693 1029 720 et
1053 687 1090 719 ad
1118 698 1171 720 eas

431 741 728 784 repraesentandas
746 741 775 774 vi
794 742 994 784 compellere
1013 751 1077 774 non
1102 751 1172 774 eru-

431 794 510 827 buit.
521 795 702 834 Praeterea,
714 799 846 838 peccata
862 794 1004 837 peccatis
1016 794 1170 834 adiicens,

432 848 532 881 misso
558 848 730 881 Francisco
746 848 879 881 Aucello
901 853 1019 891 nepote
1035 857 1094 880 suo
1110 849 1172 879 una

432 911 503 934 cum
529 901 702 935 Laurentio
727 901 915 934 Mauricello
941 902 1005 934 sive
1035 900 1171 934 Morello

432 959 604 988 executore
630 954 668 988 ad
696 954 849 987 dilectum
883 953 983 987 fitium
1017 953 1171 987 Didacum

431 1007 575 1040 Ilurtado
587 1007 743 1050 praedicti
756 1007 878 1040 Nicolai
895 1006 1010 1039 Mariae
1026 1006 1171 1050 episcopi

431 1059 584 1092 vicarium
599 1060 630 1092 in
645 1059 869 1103 spiritualibus
886 1060 1083 1102 generalem,
1097 1064 1173 1091 tunc

431 1113 568 1146 maxime
596 1113 626 1145 in
653 1112 829 1156 episcopali
855 1112 977 1156 palatio
1003 1113 1041 1145 de
1075 1111 1171 1145 rebus
1193 1126 1195 1136 ι

432 1165 472 1197 ad
497 1171 643 1199 sanctum
662 1165 808 1199 Officium
834 1165 1075 1209 pertinentibus
1101 1176 1172 1198 euin

432 1219 678 1252 consultoribus
705 1224 735 1252 et
759 1217 1038 1262 qualificatoribus
1065 1218 1102 1251 ad
1140 1217 1171 1251 id

433 1273 595 1316 deputatis
620 1277 779 1315 agentem,
806 1272 877 1316 pari
897 1272 1081 1305 temeritate
1099 1282 1172 1314 per-

431 1326 588 1359 sonaliter
613 1326 641 1359 ei
667 1325 813 1369 praecipi
839 1336 875 1358 ac
901 1325 1042 1358 intimari
1069 1325 1169 1364 fecit,
1193 1338 1195 1360 i

431 1383 474 1419 ut,
493 1379 553 1411 sub
574 1381 679 1422 poena
698 1378 986 1421 quadrigentarum
1005 1377 1171 1410 unciarum

432 1437 583 1465 monetae
609 1431 741 1472 siculae,
758 1442 859 1474 usque
878 1431 917 1464 ad
935 1442 1052 1464 novum
1070 1431 1171 1475 ipsius

431 1484 591 1518 Vincentii
610 1484 806 1525 mandatum,
822 1484 953 1518 domum
968 1495 1028 1528 pro
1042 1494 1172 1517 carcere

432 1537 599 1571 retineret.
612 1537 754 1581 Cumque
768 1537 854 1570 idem
870 1537 1018 1577 Didacus,
1033 1537 1171 1570 vicarius

433 1590 611 1633 generalis,
628 1590 731 1633 ipsius
751 1589 911 1622 Vincentii
936 1590 1092 1633 impetum
1119 1600 1173 1623 co-

433 1653 543 1676 ercere
560 1671 567 1684 ‚
591 1653 731 1687 eumque
757 1644 794 1676 ad
823 1643 1006 1676 salubriora
1036 1643 1173 1676 consilia

432 1706 586 1730 revocare
612 1701 770 1739 satagens,
797 1696 844 1729 illi
873 1696 1109 1729 transmisisset
1126 1695 1173 1728 iu-

433 1749 550 1782 diciale
574 1749 796 1791 monitorium,
823 1759 887 1793 quo
908 1754 970 1782 tam
988 1749 1057 1792 ipse
1077 1760 1173 1793 quam

434 1802 624 1836 Franciscus
661 1802 729 1836 eius
767 1812 870 1846 nepos
910 1813 945 1835 ac
981 1803 1173 1835 Laurentius

433 1856 589 1899 praedicti
615 1866 744 1889 causam
770 1855 879 1889 dicere
904 1855 1171 1899 requirebantur,

433 1914 572 1953 propter
597 1920 691 1954 quam
710 1909 898 1943 declarandi
917 1920 982 1942 non
1002 1913 1110 1942 essent
1128 1908 1175 1940 in-

433 1963 544 1996 nodati
570 1962 734 2003 censuris,
763 1973 846 2006 quae
873 1962 1063 2005 apostolicis
1097 1971 1174 1994 con·

435 2015 675 2055 stitutionibus,
706 2026 742 2048 ac
774 2014 966 2058 praesertim
994 2014 1097 2047 felicis
1124 2024 1175 2046 re-

435 2067 632 2101 cordationis
657 2067 727 2100 Iulii
752 2067 858 2110 Papae
884 2067 921 2099 llI
952 2077 1033 2109 quae
1059 2066 1174 2109 incipit

435 2119 523 2153 Licet
547 2131 566 2152 a
591 2120 726 2153 diversis
744 2148 752 2160 ‚
780 2129 907 2153 necnon
939 2119 986 2152 Pii
1020 2119 1124 2162 Papae
1151 2118 1173 2150 V

434 2173 722 2214 praedecessorum
758 2178 965 2212 nostrorum,
992 2171 1084 2204 cuius
1113 2171 1174 2203 ini-

436 2226 516 2258 tium
541 2231 589 2258 est
612 2225 648 2258 Si
665 2225 702 2258 de
716 2225 933 2269 proteyeizdis,
948 2225 1100 2258 adversus
1118 2224 1175 2257 im-

436 2277 609 2320 pedientes
634 2277 845 2320 inquisitores
864 2283 895 2309 et
913 2287 1024 2309 causas
1042 2282 1173 2309 sanctae

436 2329 658 2374 Inquisitionis
683 2329 969 2372 praescribuntur:
990 2329 1077 2362 idem
1101 2329 1175 2361 Vin-

436 2382 570 2422 centius,
580 2385 673 2415 caeca
687 2382 933 2424 inconsultaque
947 2382 1101 2424 abreptus
1116 2380 1174 2420 ira,

437 2436 475 2468 eo
488 2435 639 2468 audaciae
654 2444 846 2478 progressus
865 2435 931 2474 suit,
945 2439 980 2466 ut
998 2443 1063 2466 non
1079 2433 1174 2466 modo

435 2489 532 2522 binos
558 2488 759 2528 sacerdotes,
776 2487 829 2530 qui
848 2486 1008 2520 eiusmodi
1035 2486 1175 2519 monito-

1014 213 1193 239 ὩΓῙᾸΥᾹΠῘΙἬ
1218 213 1371 237 ΠΟΜΛΝΓΜ

1213 262 1422 302 mandaverit,
1450 271 1560 294 verum
1593 261 1747 303 insuper,
1774 259 1946 302 assumptis

1213 325 1322 348 secum
1348 314 1468 348 loanne
1495 314 1636 357 Baptista
1662 313 1700 346 de
1726 311 1864 345 Albertis
1890 321 1948 344 no-

1214 368 1307 408 tario,
1331 367 1462 401 Nicolao
1487 367 1615 400 Sciacca
1640 366 1796 405 actuario,
1821 364 1949 408 praedi-

1214 427 1264 454 cto
1298 421 1470 454 Laurentio
1503 419 1690 453 Mauricello
1723 429 1778 451 seu
1815 417 1948 451 Morello

1214 479 1244 507 et
1268 474 1409 517 losepho
1435 473 1570 507 Xbiaxia
1595 471 1833 511 executoribus,
1854 471 1949 513 vulgo

1213 527 1383 570 alqoziriis
1407 526 1611 570 nuncupatis,
1637 535 1764 558 necnon
1791 524 1950 567 quinqua-

1215 581 1301 624 ginta
1333 579 1486 613 militibus
1513 578 1711 612 stationariis
1728 605 1735 618 ,
1762 577 1948 621 episcopale

1216 634 1379 678 palatium,
1402 633 1455 666 ubi
1481 632 1683 676 supradictus
1708 631 1844 664 Didacus
1870 630 1951 663 vica-

1216 687 1282 719 rius
1309 686 1471 729 generalis
1497 686 1694 725 morabatur,
1720 684 1839 717 bellico
1861 692 1950 715 more

1216 739 1487 783 circumsepserit,
1514 744 1650 782 portam,
1670 738 1698 771 vi
1725 736 1881 776 adhibita,
1902 746 1952 769 oc-

1216 792 1390 836 cupaverit,
1413 792 1606 835 iniectisque
1632 791 1663 824 in
1686 790 1833 824 cumdem
1859 788 1952 821 Dida-

1217 856 1288 879 cum
1317 845 1468 878 vicarium
1496 845 1680 887 generalem
1707 842 1874 885 sacrilegis
1891 852 1952 874 ma·

1216 898 1324 938 nibus,
1349 903 1415 930 tum
1442 898 1562 941 ipsum,
1584 902 1648 929 tum
1676 896 1771 929 etiam
1798 895 1952 929 dilectum

1216 951 1316 984 tilium
1336 951 1570 994 ildephonsum
1587 949 1739 988 Aretium,
1758 948 1952 989 monachum

1216 1003 1342 1037 Ordinis
1380 1003 1481 1037 sancti
1520 1002 1686 1036 Benedicti
1722 1001 1952 1044 Congregatio-

1217 1057 1265 1089 nis
1291 1056 1490 1090 Cassinensis
1508 1055 1678 1089 memorati
1696 1054 1817 1087 Nicolai
1838 1053 1953 1086 Mariae

1217 1109 1361 1153 episcopi
1389 1109 1632 1148 confessarium,
1648 1108 1791 1152 captivos
1817 1105 1953 1140 detineri

1217 1163 1440 1206 praeceperit,
1474 1162 1673 1205 domumque
1710 1160 1810 1204 ipsius
1842 1158 1954 1192 Didaci

1217 1215 1323 1248 vicarii
1351 1215 1536 1258 generalis,
1571 1215 1602 1247 in
1630 1224 1724 1258 quam
1758 1213 1854 1246 ambo
1880 1222 1954 1244 mox

1217 1280 1285 1303 sese
1304 1274 1504 1313 receperant,
1528 1280 1545 1301 a
1563 1267 1737 1312 praedictis
1756 1265 1953 1299 stationariis

1216 1321 1371 1355 militibus
1397 1322 1450 1354 diu
1476 1326 1639 1364 noctuque
1665 1330 1724 1363 per
1748 1319 1859 1362 plures
1884 1317 1952 1350 dies

1217 1374 1371 1408 custodiri
1398 1374 1530 1413 secerit;
1558 1373 1596 1406 ad
1618 1373 1698 1406 haec
1726 1372 1796 1416 pari
1822 1370 1955 1404 audacia

1217 1428 1247 1461 in
1267 1426 1446 1460 custodiam
1466 1425 1636 1458 tradiderit
1660 1424 1833 1465 notarium,
1852 1428 1955 1457 actua-

1217 1480 1307 1521 rium,
1326 1491 1361 1513 ac
1388 1479 1534 1522 reliquos
1558 1488 1672 1512 omnes
1698 1477 1805 1510 curiae
1831 1476 1954 1520 episco-

1216 1533 1299 1576 palis
1325 1532 1505 1576 Liparensis
1530 1531 1704 1571 ministros,
1720 1539 1850 1563 necnon
1875 1529 1955 1562 dile-

1217 1592 1301 1619 ctum
1317 1586 1439 1629 pariter
1456 1584 1555 1617 filium
1573 1583 1777 1617 Franciscum
1791 1582 1952 1622 Canalem,

1217 1639 1398 1683 parochum
1435 1637 1633 1671 cathedralis
1672 1636 1830 1670 ecclcsiae
1863 1635 1955 1679 Lipa-

1218 1692 1334 1733 rensis,
1356 1696 1387 1724 et
1408 1696 1480 1724 octo
1507 1690 1586 1724 alios
1611 1689 1811 1729 sacerdotes,
1829 1698 1894 1721 non
1914 1688 1955 1721 al-

1194 1745 1196 1753 *
1219 1745 1316 1778 terius
1343 1744 1486 1777 criminis
1512 1754 1604 1784 t'eOS,
1622 1743 1684 1776 nisi
1710 1743 1796 1786 quod
1823 1741 1955 1785 praesa-

1220 1798 1256 1831 tis
1275 1798 1475 1837 officialibus,
1495 1797 1611 1840 quibus
1636 1796 1733 1829 sacris
1750 1795 1955 1828 interdictum

1219 1857 1306 1891 erat,
1340 1850 1497 1883 ecclesiae
1535 1854 1738 1882 sacramenta
1769 1848 1954 1880 ministrare

1218 1904 1420 1937 abnuissent.
1448 1903 1503 1936 His
1527 1913 1601 1936 vero
1626 1901 1758 1934 minime
1785 1905 1953 1934 contentus

1218 1958 1380 2002 praefatus
1399 1956 1585 1989 Vincentius
1605 1955 1724 1988 dictum
1741 1954 1893 1987 Didacum
1910 1953 1956 1987 vi-

1219 2011 1339 2044 carium
1358 2010 1546 2053 generalem
1563 2008 1658 2042 bonis
1685 2017 1817 2051 quoque
1838 2015 1954 2040 exuere

1218 2074 1388 2107 aggressus
1415 2062 1485 2102 suit,
1512 2061 1648 2105 eiusque
1675 2059 1882 2094 domesticam
1905 2069 1956 2092 su-

1218 2116 1415 2160 pellectilem
1440 2126 1457 2148 a
1482 2114 1674 2158 supradictis
1712 2113 1776 2147 suis
1801 2111 1956 2145 ministris

1218 2175 1249 2202 et
1274 2168 1502 2202 executoribus
1527 2173 1676 2201 accurate
1698 2165 1838 2199 describi
1864 2163 1951 2205 feeit,

1219 2233 1253 2255 ac
1278 2222 1410 2265 publico
1435 2221 1467 2254 in
1494 2221 1564 2253 soro
1599 2220 1747 2253 venalem
1777 2228 1810 2251 se
1836 2227 1956 2260 propo-

1219 2276 1356 2308 siturum
1383 2273 1571 2307 comminari
1597 2283 1662 2305 non
1689 2271 1807 2311 timuit,
1824 2270 1885 2303 nisi
1910 2270 1956 2302 in-

1219 2339 1298 2371 gens
1322 2327 1482 2370 pecuniae
1507 2336 1630 2359 summa
1655 2335 1688 2357 re
1714 2325 1783 2367 ipsa
1809 2323 1869 2357 sibi
1899 2333 1956 2356 nu-

1219 2385 1411 2419 meraretur;
1424 2389 1517 2422 quam
1531 2388 1603 2410 curn
1619 2377 1804 2421 praedictus
1818 2376 1955 2409 Didacus

1218 2432 1354 2466 vicarius
1380 2431 1542 2474 generalis
1567 2435 1751 2473 promptam
1773 2440 1838 2462 non
1860 2428 1956 2462 habe-

1218 2491 1278 2525 ret,
1298 2485 1399 2524 illam,
1427 2484 1464 2517 ad
1490 2483 1712 2517 redimendam
1737 2493 1827 2516 suam
1845 2482 1954 2526 supel-

436 2542 520 2574 rium
543 2541 606 2585 ipsi
626 2540 846 2580 reddiderant,
865 2539 1046 2581 constringi
1065 2539 1174 2571 vincu-
1217 2538 1361 2572 lectilem
1401 2537 1578 2581 praefatam
1597 2563 1603 2577 ,
1636 2537 1769 2570 foenore
1805 2536 1953 2580 accipere

437 2595 475 2628 lis
501 2604 535 2628 ac
556 2594 770 2628 arctissimum
794 2592 828 2626 in
854 2602 1018 2627 carcerem
1044 2591 1172 2626 detrudi
1217 2591 1404 2635 compulsus
1429 2590 1498 2623 fuit.
1527 2588 1591 2625 Nec
1616 2594 1723 2624 tamen
1737 2591 1782 2624 ,ca
1802 2590 1956 2634 expressa

1956 209 2006 237 An.
2027 208 2057 237 C.
2073 209 2140 238 ¹712
