2269 3203
85 205 139 232 An.
159 203 186 230 C.
211 203 271 232 171¹

151 1269 266 1292 Dei-epatu>

80 1296 194 1317 contrat-101
201 1301 243 1315 utu.

908 199 1050 229 CLEMRNS
1075 203 1109 228 XI
1133 204 1182 229 Pr.

279 262 341 297 que
366 254 533 297 plenarios
567 259 598 287 et
622 254 767 295 integros
793 251 925 286 ell'ectus
949 262 1017 286 sor-

280 306 331 339 tiri
357 312 390 339 et
415 306 578 346 obtinere,
595 317 631 339 ac
648 306 723 345 illis,
736 305 774 338 ad
793 316 875 349 quos
891 312 1017 349 spectat

279 364 310 392 et
336 369 393 402 pro
420 364 565 402 tempore
591 359 865 402 quandocumque
895 365 1018 401 specta-

278 411 346 452 bit,
372 412 404 444 in
431 411 581 444 omnibus
606 417 636 444 et
661 422 720 454 per
755 413 864 445 onmia
896 413 1017 455 plenis-

278 464 357 497 sime
393 463 584 506 suffragari,
612 470 643 496 et
679 465 718 497 ab
756 464 801 497 eis
836 466 1016 508 respective

278 516 487 549 inviolabiter
526 522 557 549 et
592 517 785 550 inconcusse
828 517 1014 558 observari,

276 570 389 613 sicque
415 569 448 601 in
484 570 669 613 praemissis
700 581 760 614 per
792 581 1016 614 quoscumque

275 622 399 655 iudices
431 622 618 655 ordinarios
643 629 675 656 et
706 624 893 665 delegatos,
919 625 1015 657 etiam

276 685 444 708 causarum
463 676 575 719 palatii
600 676 772 720 apostolici
786 677 962 716 auditores,
980 688 1015 709 ac

276 728 307 761 S.
336 728 372 761 R.
393 729 428 761 E.
449 728 651 768 cardinales,
669 730 766 762 etiam
793 730 832 762 de
856 731 957 762 latere
976 731 1017 762 le-

275 787 370 824 gatos
386 787 417 814 et
430 781 520 814 Sedis
536 782 720 825 praedictae
735 782 880 822 nuncios,
896 783 1014 815 aliosve

276 834 441 877 quoslibet
474 845 676 878 quacumque
703 834 957 878 praeeminentia
983 840 1015 867 et

276 893 433 930 potestate
459 887 631 931 fungentes
657 893 689 920 et
719 888 906 927 iuncturos,
939 887 1014 920 sub--

276 941 338 973 lata
363 940 409 974 eis
434 947 464 974 et
482 951 593 974 eorum
619 941 755 974 cuilibet
779 941 891 984 quavis
921 941 1015 974 aliter

275 993 439 1026 iudicandi
466 1000 497 1026 et
529 994 764 1038 interpretandi
802 995 951 1027 facultate
983 999 1014 1026 et

275 1047 486 1086 auctoritate,
513 1047 646 1081 iudicari
664 1053 695 1080 et
715 1047 844 1080 deliniri
871 1047 1011 1087 debere,

275 1109 312 1132 ac
336 1098 463 1132 irritum
489 1106 519 1132 et
545 1099 641 1132 inane
667 1099 693 1132 si
719 1111 815 1132 secus
839 1111 938 1144 super
964 1099 1013 1132 nis

275 1163 292 1185 a
318 1163 497 1196 quoquam,
513 1153 625 1196 quavis
651 1153 853 1193 auctoritate,
871 1154 1014 1186 scienter

276 1205 326 1238 vel
350 1205 565 1247 ignoranter,
593 1206 767 1249 contigerit
794 1206 958 1239 attentari.

318 1258 333 1301 ξ
357 1257 389 1290 6.
416 1257 486 1290 Νοη
511 1259 716 1291 obstantibus
742 1259 941 1302 praemissis,
966 1270 1013 1297 ac,

275 1316 438 1355 quatenus
462 1321 543 1354 opus
568 1311 632 1351 sit,
659 1314 772 1345 nostra
796 1318 824 1344 et
851 1312 1014 1346 Cancella-

275 1364 342 1398 riae
371 1366 574 1408 Apostolicae
600 1365 713 1409 regula
745 1366 784 1399 de
815 1366 885 1399 iure
915 1377 1014 1409 quae-

275 1418 338 1451 sito
363 1429 429 1452 non
455 1419 622 1458 tollendo,
649 1419 786 1462 aliisque
811 1419 1013 1462 apostolicis,

275 1481 310 1503 ac
335 1471 369 1504 in
389 1471 625 1505 universalibus
647 1472 965 1515 provincialibusque
984 1478 1015 1505 et

275 1524 484 1568 synodalibus
519 1525 668 1558 conciliis
704 1525 824 1565 editis,
854 1525 1015 1568 generali-

275 1578 334 1610 bus
358 1578 407 1611 vel
439 1578 646 1622 specialibus,
666 1579 957 1612 constitutionibus
984 1584 1015 1613 et

275 1631 552 1671 ordinationibus,
568 1641 697 1664 necnon
715 1631 894 1675 quibusvis,
916 1633 1012 1666 etiam

274 1683 470 1723 iuramento,
486 1683 734 1717 confirmatione
755 1685 946 1728 apostolica,
960 1692 1015 1718 aut

274 1737 388 1780 quavis
410 1735 563 1770 firmitate
590 1737 653 1770 alia
677 1737 855 1777 roboratis,
885 1739 1013 1771 statutis

275 1796 308 1822 et
338 1789 654 1830 consuetudinibus,
689 1790 784 1823 etiam
809 1791 1015 1824 immemora-

274 1842 417 1883 bilibus,
442 1842 625 1886 privilegiis
650 1853 800 1886 quoque,
827 1843 962 1876 indultis
983 1849 1015 1877 et

274 1895 394 1929 litteris
426 1896 635 1939 apostolicis,
661 1896 827 1939 quibusvis
853 1897 1013 1940 personis,

275 1948 371 1982 etiarn
389 1958 594 1992 quacumque
621 1949 839 1982 ecclesiastica
856 1951 904 1982 vel
922 1961 1016 1983 mun-

275 2002 359 2035 dana
383 2002 542 2045 dignitate
577 2002 795 2045 fulgentibus,
821 2009 852 2035 et
885 2013 1015 2047 quomo-

275 2054 402 2088 dolibet
418 2054 612 2098 qualificatis
629 2066 666 2088 ae
687 2055 861 2098 specialem
888 2067 1016 2099 expres-

273 2107 398 2141 sionem
425 2107 671 2151 requirentibus
690 2135 697 2149 ,
723 2109 783 2141 sub
809 2109 1037 2152 quibuscum,

275 2171 337 2204 que
361 2161 535 2194 verborum
561 2161 728 2194 tenoribus
754 2168 786 2195 et
818 2162 928 2195 formis
944 2189 951 2203 ‚
980 2173 1016 2195 ac

275 2224 349 2247 eum
366 2214 533 2258 quibusvis
554 2214 652 2248 etiam
669 2214 946 2258 derogatoriarum
965 2217 1015 2250 de-

275 2267 464 2309 rogatoriis,
495 2267 634 2310 aliisque
668 2268 915 2309 efficacioribus,
950 2269 1016 2302 effi-

275 2320 450 2354 cacissimis
475 2327 506 2354 et
537 2321 678 2355 insolitis
714 2322 869 2355 clausulis
905 2327 937 2355 et
961 2323 1015 2356 de-

275 2372 381 2413 cretis,
402 2373 499 2406 etiam
516 2379 616 2414 motu,
635 2374 770 2407 scientia
794 2380 826 2408 et
849 2377 1015 2418 potestatis
1035 2394 1036 2400 =

274 2425 479 2468 plenitudine
499 2427 639 2469 paribus,
665 2438 702 2461 ae
727 2428 1012 2470 consistorialiter,

276 2482 308 2509 et
341 2477 420 2510 alias
459 2479 711 2521 quomodolibet
744 2480 776 2512 in
816 2481 1014 2514 eontrarium

276 2529 530 2572 praemissorum
555 2532 804 2574 quomodolibet
828 2534 1012 2575 concessis,

276 2592 312 2616 ac
337 2581 604 2626 quantiscumque
636 2585 760 2618 vicibus
792 2586 1012 2628 confirmatis,
1034 2602 1035 2610 ¹

1059 253 1260 297 approbatis,
1287 259 1318 288 et
1343 254 1524 296 innovatis;
1557 257 1674 299 quibus
1699 258 1804 291 omni—

1058 306 1119 339 bus
1137 311 1167 339 et
1187 307 1337 349 singulis,
1358 308 1482 340 etiamsi
1507 319 1565 351 pro
1584 310 1713 343 illorum
1739 312 1803 344 sus-

1060 359 1182 393 sicienti
1228 361 1442 404 derogatione
1488 362 1526 395 de
1569 363 1632 395 illis
1674 374 1802 397 eorum-

1060 423 1121 455 que
1149 413 1223 446 totis
1250 414 1419 446 tenoribus
1444 415 1614 458 specialis,
1638 416 1800 459 specifica,

1060 476 1214 508 expressa
1245 472 1278 499 et
1311 467 1478 500 individua
1516 469 1636 502 mentio
1662 470 1701 502 ad
1738 470 1801 503 hoe

1059 519 1216 551 servanda
1235 519 1328 559 soret,
1349 525 1477 553 tenores
1507 521 1704 561 huiusmodi,
1720 532 1755 555 ac
1774 523 1801 555 si

1060 572 1098 604 de
1116 573 1214 605 verbo
1232 573 1272 605 ad
1284 574 1426 611 verbum,
1440 574 1521 607 nihil
1536 575 1666 618 penitus
1680 576 1801 609 omisso

1059 630 1091 656 ct
1108 624 1211 657 forma
1226 625 1259 657 in
1281 625 1344 659 illis
1367 627 1481 659 tradita
1499 627 1678 668 observata,
1697 629 1802 672 expri-

1059 683 1224 710 merentur
1249 683 1277 710 et
1305 678 1538 719 insererentur,
1565 680 1680 713 iisdem
1708 691 1802 724 prae-

1058 730 1201 762 sentibus
1228 741 1286 773 pro
1323 732 1421 773 plene
1457 738 1488 765 ct
1513 733 1716 767 sufficienter
1741 745 1798 767 ex-

1059 784 1176 825 pressis
1202 794 1237 816 ac
1264 783 1302 817 de
1322 785 1421 817 verbo
1442 785 1481 818 ad
1507 786 1641 818 verbum
1667 787 1800 820 insertis

1058 836 1229 876 habentes,
1253 837 1318 870 illis
1344 838 1424 870 alias
1451 838 1480 871 in
1507 850 1565 872 suo
1590 840 1711 873 robore
1733 851 1803 883 per-

1057 890 1237 929 mansuris,
1265 891 1303 922 ad
1335 892 1589 934 praemissorum
1623 893 1798 933 effectum,

1058 941 1118 974 liae
1139 943 1207 975 vice
1246 943 1435 984 dumtaxat,
1468 945 1658 988 specialiter
1684 951 1716 979 et
1747 957 1801 979 ex-

1057 1005 1167 1037 presse
1198 996 1404 1039 derogamus,
1422 1009 1457 1030 ac
1476 998 1664 1041 plenissime
1682 1004 1713 1032 et
1733 1010 1800 1032 am·

1057 1049 1204 1091 plissime
1225 1050 1413 1092 derogatum
1440 1062 1512 1084 esse
1539 1053 1698 1092 volumus,
1717 1058 1800 1085 cete·

1057 1102 1165 1145 risque
1191 1103 1366 1136 contrariis
1389 1104 1665 1148 quibuscumque.

1100 1156 1114 1198 ξ
1147 1157 1177 1188 7.
1210 1156 1364 1189 Volumus
1398 1164 1504 1190 autem
1538 1164 1571 1190 ut
1605 1160 1796 1193 earumdem

1057 1209 1277 1252 praesentium
1300 1210 1478 1243 litterarum
1500 1212 1724 1255 transumptis,
1741 1223 1799 1245 seu

1056 1263 1222 1305 exemplis.
1244 1264 1339 1295 etiam
1358 1264 1534 1307 impressis,
1549 1275 1645 1297 manu
1664 1266 1798 1299 alicuius

1056 1315 1174 1347 notarii
1192 1315 1314 1358 publici
1332 1317 1533 1359 subscriptis,
1549 1323 1580 1349 et
1597 1318 1706 1360 sigillo
1725 1329 1799 1361 per-

1055 1377 1153 1400 sonae
1174 1368 1206 1400 in
1228 1368 1448 1401 ecclesiastiea
1469 1369 1628 1412 dignitate
1649 1372 1800 1404 constitu-

1058 1425 1107 1453 tae
1126 1421 1268 1457 munitis,
1286 1421 1398 1454 eadem
1418 1432 1550 1465 prorsus
1572 1423 1652 1456 sides
1678 1429 1740 1456 tarn
1766 1424 1798 1457 in

1056 1473 1178 1507 iudicio
1204 1484 1300 1517 quam
1318 1479 1406 1507 extra
1425 1475 1505 1508 illud
1525 1476 1695 1513 habeatur.
1716 1488 1798 1521 quae

1057 1526 1134 1569 ipsis
1159 1527 1388 1570 praesentibus
1419 1528 1600 1561 haberetur
1635 1530 1658 1562 si
1693 1530 1799 1563 forent

1057 1580 1224 1613 exhibitae
1236 1581 1285 1614 vel
1307 1586 1471 1614 ostensae.

1101 1633 1216 1666 Datum
1241 1633 1374 1673 Romae,
1395 1635 1479 1677 apud
1502 1634 1532 1668 S.
1553 1635 1685 1668 Mariam
1703 1635 1800 1669 Maio·

1058 1697 1136 1728 rem,
1152 1687 1212 1720 sub
1229 1688 1351 1721 annulo
1369 1688 1554 1728 Piscatoris,
1573 1689 1625 1722 die
1642 1699 1739 1723 xxvm
1755 1689 1799 1721 iu-

1059 1740 1091 1773 lii
1118 1749 1249 1780 unccxl,
1275 1740 1486 1784 pontificatus
1511 1743 1614 1774 nostri
1641 1753 1728 1775 anno
1753 1753 1796 1775 xi.

1092 1802 1153 1830 Dat.
1175 1801 1218 1829 die
1238 1803 1272 1830 ⁹28
1292 1802 1349 1829 iulii
1369 1803 1450 1838 1711,
1473 1804 1570 1838 pontis.
1592 1812 1663 1831 anno
1680 1812 1717 1830 xi.

1372 1961 1482 1994 CLVII.

1058 2039 1278 2072 Declarantur
1306 2040 1421 2072 nullae
1452 2051 1558 2084 preces
1591 2042 1796 2085 primariae,

1102 2093 1248 2125 Romano
1272 2094 1409 2136 imperio
1437 2098 1584 2133 vacante,
1610 2105 1630 2127 a
1663 2095 1798 2128 vicariis

1101 2146 1332 2189 imperialibus
1357 2147 1524 2190 expeditae
1537 2147 1558 2181 ¹.

1095 2243 1103 2268 1
1128 2242 1240 2270 Constit.
1261 2242 1325 2270 edit.
1341 2248 1448 2270 unccvn
1459 2267 1466 2278 ,
1484 2244 1580 2279 pontif.
1596 2251 1644 2277 vu,
1660 2245 1735 2272 nulla
1749 2245 1796 2273 de-

1057 2287 1159 2313 clarata
1173 2286 1223 2313 suit
1243 2287 1386 2314 concordia
1405 2296 1487 2323 super
1502 2288 1622 2315 hibernis
1636 2289 1797 2316 stationibus

1058 2338 1117 2357 cum
1147 2330 1277 2357 militibus
1309 2331 1470 2365 Germanis3
1499 2332 1563 2359 item
1592 2334 1700 2360 constit.
1730 2333 1796 2360 edit.

1058 2381 1168 2409 unccxt,
1190 2375 1233 2402 die
1252 2375 1287 2402 28
1305 2375 1374 2410 iulii,
1392 2377 1488 2411 pontis.
1508 2384 1545 2411 xx,
1566 2377 1702 2405 declarata
1720 2377 1796 2405 suere

1058 2419 1131 2446 nulla
1157 2423 1234 2455 gesta
1254 2427 1269 2447 a
1288 2427 1385 2455 magno
1414 2420 1526 2448 consilio
1552 2421 1697 2448 Varsaviae
1716 2430 1798 2457 super

1056 2463 1193 2490 solutione
1225 2472 1338 2490 onerum
1368 2464 1401 2491 ab
1431 2464 1621 2492 ecclesiasticis
1654 2465 1794 2498 facienda,

1057 2511 1083 2534 et
1102 2508 1210 2534 constit.
1231 2507 1296 2535 edit.
1317 2515 1438 2543 mccxli,
1454 2509 1497 2536 die
1511 2509 1528 2536 9
1543 2509 1610 2543 iulii,
1627 2509 1734 2544 prontif.
1751 2515 1795 2543 xtt,

1056 2551 1209 2579 declaratur
1228 2552 1332 2580 nullum
1362 2553 1481 2581 edictum
1500 2554 1644 2583 comitatus
1664 2553 1795 2581 Niciensis

1056 2603 1139 2630 super
1159 2595 1252 2623 eedem
1272 2605 1301 2623 re
1321 2596 1432 2624 editum.

1809 209 1860 236 An.
1881 208 1911 237 C.
1928 209 1992 237 1711

1849 1167 1911 1188 fides
1936 1170 1993 1187 tran-

1809 1198 1945 1219 suttipltitttm.
