2269 3203
102 211 151 239 An.
170 209 200 239 C.
215 210 285 239 1712>

173 537 286 563 ilc-rogatio

104 566 186 585 contrat
193 570 267 585 ieiuni.

924 209 1066 234 CLEMENS
1092 210 1121 234 XI
1146 210 1194 234 PP.

295 260 389 295 candi
415 266 447 294 et
479 261 714 305 interpretandi
742 260 892 293 facultate
925 264 956 291 ct
980 270 1038 291 au-

296 316 456 355 ctoritate,
475 315 608 349 iudiCari
627 319 656 347 et
678 313 806 347 definiri
834 312 974 351 debere;
1002 322 1038 345 ac

297 369 424 402 irritum
450 375 480 401 et
506 368 602 401 inane
628 367 653 400 si
681 377 776 400 secus
811 376 910 410 super
946 366 996 398 liis
1021 376 1038 398 a

297 432 477 465 quoquam,
515 420 627 464 quavis
652 418 856 459 auctoritate,
896 419 1039 452 scienter

297 476 347 507 vel
373 475 565 517 ignoranter
582 500 589 513 ‚
616 472 793 515 contigerit
818 472 984 505 attentari.

340 528 355 571 g
380 527 411 560 st.
450 526 520 560 Non
545 525 751 560 obstantibus
777 524 977 568 praemissis,
1003 535 1039 557 ac

297 581 500 624 apostolicis,
527 585 558 613 et
582 579 613 612 in
642 579 879 612 universalibus
906 578 1039 621 provin-

298 635 498 677 cialibusque
516 632 772 677 etsvnodalibus
798 631 948 664 conciliis
973 631 1040 664 edi-

299 689 352 728 tis,
381 687 588 731 generalibus
612 687 661 718 vel
690 685 898 729 specialibus,
919 684 1040 718 consti-

298 741 478 775 tutionibus
494 745 525 774 et
538 739 864 779 ordinationibus,et,
880 742 1040 782 quatenus

298 805 379 839 opus
404 794 456 835 sit,
484 795 596 827 nostra
621 799 653 826 et
669 791 888 826 Cancellariae
907 792 1041 834 Aposto-

299 848 379 882 licae
405 846 517 890 regula
542 847 581 879 de
612 846 683 879 iure
713 844 862 889 quaesito
888 854 953 877 non
980 845 1040 877 tol-

299 901 411 940 lendo,
438 900 564 943 legibus
591 908 721 942 quoque
746 898 841 930 etiam
867 896 1041 940 imperiali-

298 955 360 987 bus
379 960 410 987 ct
435 953 693 997 municipalibus,
713 962 840 985 necnon
859 950 1040 994 quibusvis,

299 1008 395 1041 etiam
422 1008 618 1045 iuramento,
639 1005 888 1039 confirmatione
914 1009 1042 1048 aposto-

300 1061 373 1101 lica,
391 1062 439 1093 vel
460 1060 574 1103 quavis
596 1058 748 1092 firmitate
776 1058 838 1091 alia
863 1057 1041 1097 roboratis,

299 1113 427 1146 statutis
453 1119 485 1146 et
505 1111 809 1152 consuetudinilms,
830 1122 865 1143 ac
883 1110 1042 1154 praescri-

301 1167 470 1210 ptionibus
507 1171 807 1209 quantumcumque
843 1163 1043 1206 longissimis

300 1226 331 1252 ct
356 1218 681 1258 immemorabilibus,
704 1217 885 1261 privilegiis
904 1227 1041 1259 quoque,

299 1274 435 1307 indultis
465 1279 498 1307 et
521 1272 639 1306 litteris
668 1271 865 1314 apostolicis,
891 1270 1041 1314 praefatis

300 1332 332 1360 et
356 1327 427 1360 aliis
454 1325 619 1369 quibusvis
645 1325 812 1368 personis,
839 1323 934 1356 etiam
964 1333 1044 1366 qua-

299 1391 437 1423 cumque
464 1379 623 1422 dignitate
657 1378 875 1421 fulgentibus,
902 1382 933 1410 et
966 1387 1043 1420 quo-

299 1432 481 1466 modolibet
498 1431 700 1475 qualificatis,
724 1442 742 1463 a
767 1430 849 1464 Sede
867 1429 1042 1473 praedicta,

301 1497 337 1519 ex
373 1495 576 1529 quacumque
614 1487 718 1524 causa,
744 1484 839 1517 etiam
873 1494 931 1527 per
960 1483 1041 1516 viam

301 1544 489 1572 contractus
517 1544 549 1571 et
580 1537 867 1576 remunerationis,
893 1536 952 1569 sub
978 1536 1044 1579 qui·

300 1592 499 1636 buscumque
525 1591 696 1625 verborum
724 1590 891 1624 tenoribus
918 1596 949 1623 et
985 1590 1044 1622 sor-

301 1645 361 1678 mis
377 1672 384 1685 ,
412 1655 448 1677 ae
473 1655 544 1677 cum
563 1645 727 1688 quibusvis
752 1644 849 1677 etiam
878 1644 1044 1686 derogato-

301 1698 420 1731 riarum
453 1697 684 1740 derogatoriis,
719 1697 857 1740 aliisque
890 1695 1045 1729 efficacio-

301 1751 402 1791 ribus,
422 1750 651 1783 efficacissimis
669 1755 700 1782 et
721 1750 861 1782 insolitis
878 1750 1044 1790 clausulis,

301 1805 572 1847 i1·rit.·intibusque
608 1810 640 1837 et
675 1804 745 1837 aliis
776 1804 925 1843 decretis,
947 1803 1044 1836 etiam

301 1864 401 1897 motu,
434 1857 570 1891 scientia
594 1862 626 1889 et
650 1856 816 1899 potestatis·
840 1856 1044 1899 plenitudine

301 1911 452 1953 paribus,
490 1921 526 1943 ac
563 1909 863 1949 consistorialiter,
900 1914 931 1942 ct
965 1908 1044 1941 alias

301 1964 554 2007 quomodolibet
574 1963 604 1995 in
627 1962 826 1996 contrarium
851 1961 1045 2004 praemisso-

301 2027 373 2050 rum
399 2017 586 2057 concessis,
610 2016 718 2057 editis,
746 2015 835 2048 saetis
862 2026 898 2047 ae
923 2014 1046 2058 pluries

302 2070 434 2111 iteratis,
470 2076 502 2103 et
537 2069 805 2114 quantiscumque
843 2068 967 2100 vicibus
992 2079 1046 2111 ap-

301 2123 458 2167 probatis,
479 2122 690 2163 confirmatis,
717 2128 749 2155 et
774 2121 954 2161 innovatis,
982 2121 1046 2164 qui-

300 2177 362 2210 bus
395 2176 547 2210 omnibus
579 2180 609 2210 et
643 2176 794 2219 singulis,
829 2174 954 2208 etiamsi
986 2185 1045 2217 pro

301 2230 433 2263 illorum
457 2230 630 2263 sufficienti
666 2228 882 2271 derogatione
916 2228 954 2261 de
982 2228 1045 2261 illis

304 2294 480 2328 eorumque
507 2283 581 2317 totis
601 2283 771 2316 tenoribus
787 2282 951 2326 specialis,
973 2292 1046 2326 spe-

304 2336 404 2376 cifica,
423 2347 577 2380 expressa
593 2342 625 2370 et
642 2336 821 2376 individua,
838 2346 873 2368 ac
891 2335 930 2368 de
947 2335 1045 2367 verbo

305 2389 344 2422 ad
377 2390 526 2429 verbum,
552 2400 616 2423 non
651 2395 758 2423 autem
788 2400 848 2433 per
884 2390 1046 2422 clausulas

305 2443 473 2484 generales
499 2442 584 2476 idem
606 2443 830 2486 importantes,
852 2442 972 2475 mentio
990 2453 1044 2475 seu

306 2495 437 2539 quaevis
460 2495 523 2528 alia
547 2496 713 2539 expressio
735 2496 898 2536 habenda,
918 2501 972 2529 aut
988 2495 1047 2528 ali-

306 2558 369 2592 qua
393 2547 455 2580 alia
481 2547 639 2590 exquisita
656 2548 758 2582 forma
782 2549 820 2581 ad
839 2549 902 2581 hoc
919 2558 1048 2582 servan-

306 2601 346 2634 da
375 2600 469 2641 soret,
496 2606 626 2634 tenores
654 2600 852 2642 huiusmodi,
878 2612 915 2634 ac
945 2602 970 2633 si
1007 2601 1046 2634 de

1079 261 1178 293 verbo
1199 260 1238 292 ad
1265 260 1410 299 verbum,
1435 260 1517 293 niliil
1546 260 1677 304 penitus
1705 262 1825 294 omisso

1081 318 1112 345 et
1131 313 1232 346 forma
1254 312 1286 345 in
1307 312 1372 346 illis
1395 313 1509 346 tradita
1528 313 1706 353 observata,
1722 314 1827 357 expri-

1081 371 1247 399 merentur
1271 371 1301 399 et
1326 365 1562 407 insererentur,
1598 366 1828 410 praesentibus

1082 430 1140 462 pro
1178 420 1276 462 plene
1312 424 1343 452 et
1376 419 1580 452 sufficienter
1604 420 1764 462 expressis
1792 430 1829 451 ac

1082 472 1215 505 insertis
1241 472 1414 512 habentes,
1438 471 1504 505 illis
1530 472 1610 505 alias
1636 472 1668 504 in
1694 482 1752 505 suo
1777 482 1830 504 ro-

1083 526 1164 558 bore
1186 525 1416 568 permansuris,
1444 525 1481 558 ad
1508 525 1763 568 praemissorum
1789 524 1831 557 es-

1083 580 1215 619 sectuin,
1243 579 1304 612 hac
1331 579 1399 611 vice
1425 579 1606 619 dumtaxat,
1638 579 1830 621 specialiter

1084 637 1116 665 et
1147 642 1299 675 expresse
1330 632 1544 674 derogamus,
1573 643 1609 665 ac
1639 632 1830 675 derogatum

1084 695 1157 718 esse
1175 686 1343 724 volumus;
1363 683 1548 728 ceterisque
1567 684 1742 718 contrariis
1759 684 1831 728 qui-

1084 738 1300 781 buscumque.

1127 792 1141 831 ξ
1167 791 1197 823 5.
1225 790 1302 824 Cum
1329 795 1436 824 autem
1471 790 1604 824 eaedem
1638 795 2023 855 praesentes[wisirieusgmum

1819 843 1825 849 ο
1847 837 1850 846 ¹
1898 834 1922 848 CL!
1957 843 1961 848 .

1084 843 1210 877 litterae
1244 843 1275 875 in
1301 843 1489 887 supradicta
1522 843 1647 876 civitate
1679 844 1827 877 Ianuensi

1084 897 1194 930 aliisve
1216 896 1296 930 locis
1317 896 1430 929 ditioni
1450 897 1594 930 eiusdem
1618 897 1828 940 Reipublicae

1085 950 1239 983 subiectis
1275 955 1438 993 nequeant
1474 955 1540 983 tute
1578 949 1754 993 publicari,
1794 955 1830 982 ut

1086 1004 1242 1036 hactenus
1268 1003 1468 1046 experientia
1493 1009 1695 1047 compertum
1719 1009 1778 1044 est,
1798 1009 1830 1037 et

1085 1057 1180 1090 nobis
1204 1057 1333 1090 notorie
1359 1063 1494 1097 constat,
1521 1063 1621 1101 prout
1646 1057 1761 1090 harum
1781 1068 1829 1090 se-

1086 1111 1131 1143 rie
1153 1111 1369 1149 declaramus,
1386 1112 1537 1144 volumus
1560 1111 1631 1144 illas
1645 1121 1700 1144 seu
1717 1121 1829 1143 earum

1086 1164 1233 1207 exempla
1249 1164 1287 1196 ad
1307 1163 1412 1196 valvas
1430 1163 1586 1196 ecclesiae
1602 1163 1828 1198 Lateranensis

1086 1222 1117 1249 et
1141 1217 1294 1249 basilicae
1321 1216 1480 1259 Principis
1506 1217 1751 1259 Apostolorum,
1769 1227 1830 1249 nec

1087 1279 1151 1302 non
1176 1268 1394 1302 Cancellariae
1423 1269 1622 1311 apostolieae
1648 1268 1829 1312 Curiaeque

1086 1323 1246 1365 generalis
1271 1323 1303 1355 in
1328 1322 1434 1356 Monte
1462 1322 1627 1363 Citatori0‚
1654 1327 1686 1355 et
1711 1322 1743 1354 in
1762 1322 1830 1355 acie

1085 1375 1300 1419 Compissorae
1326 1376 1365 1408 de
1390 1375 1487 1415 Urbe,
1513 1380 1548 1407 ut
1572 1374 1672 1408 moris
1694 1380 1751 1415 est,
1778 1375 1827 1407 as-

1086 1429 1139 1472 sigi
1177 1434 1208 1462 et
1244 1428 1429 1473 publicari,
1457 1429 1567 1472 sicque
1594 1428 1775 1472 publicatas
1801 1434 1832 1461 et

1086 1482 1217 1524 affixas,
1244 1492 1357 1515 omnes
1383 1486 1414 1514 et
1450 1481 1624 1525 singulos,
1648 1492 1728 1526 quos
1754 1481 1830 1514 illae

1086 1541 1303 1575 concernunt,
1331 1535 1467 1578 perinde
1490 1539 1612 1568 arctare
1634 1541 1664 1568 ct
1689 1534 1831 1575 afficere,

1087 1599 1123 1621 ac
1139 1588 1164 1622 si
1183 1588 1356 1632 unicuique
1376 1598 1488 1622 eorum
1507 1588 1696 1621 nominatim
1716 1593 1747 1621 et
1760 1599 1831 1631 per-

1088 1642 1242 1675 sonaliter
1260 1642 1427 1675 intimatae
1449 1643 1607 1682 l'uissent;

1131 1696 1146 1739 ξ
1171 1695 1203 1728 (3.
1231 1694 1334 1738 thue
1360 1695 1504 1739 ipsarum
1532 1695 1713 1728 litterarum
1742 1700 1831 1728 tran-

1088 1749 1236 1792 sumptis,
1262 1759 1318 1781 seu
1340 1749 1511 1792 exemplis,
1529 1749 1626 1782 etiam
1653 1749 1830 1792 impressis,

1089 1812 1185 1834 manu
1204 1802 1338 1835 alicuius
1356 1802 1474 1835 notarii
1493 1802 1829 1845 publicisubscriptis,

1089 1862 1120 1888 et
1143 1856 1254 1899 sigillo
1273 1855 1408 1889 alicuius
1432 1865 1597 1898 personae
1623 1855 1656 1887 in
1674 1856 1831 1888 ecelesia-

1088 1907 1166 1940 stica
1192 1907 1350 1949 dignitate
1377 1907 1574 1940 constitutae
1601 1906 1752 1947 munitis,
1780 1916 1832 1938 ea-

1089 1961 1162 1993 dem
1181 1971 1318 2004 prorsus
1337 1959 1416 1992 tides
1442 1965 1504 1992 tam
1532 1959 1563 1992 in
1589 1959 1709 1991 iudicio
1735 1969 1831 2002 quain

1090 2019 1177 2046 extra
1204 2013 1283 2046 illud
1304 2013 1422 2056 ubique
1445 2012 1652 2052 adhibeatur,
1680 2022 1762 2055 quae
1781 2012 1831 2044 ad·

1089 2066 1263 2099 biberetur
1280 2065 1401 2098 eisdem
1426 2064 1655 2108 praesentibus
1673 2064 1697 2097 si
1723 2065 1831 2097 forent

1089 2119 1256 2152 exhibitae
1280 2119 1329 2151 vel
1355 2123 1520 2151 ostensae.

1132 2173 1246 2205 Datum
1276 2171 1410 2211 Romae,
1442 2171 1527 2214 apud
1551 2170 1583 2204 S.
1604 2170 1745 2211 Petrum,
1771 2170 1831 2202 sub

1088 2227 1210 2259 annulo
1237 2225 1443 2266 piscatoris,
1480 2225 1532 2257 die
1564 2234 1599 2258 111
1625 2223 1829 2264 decembris,

1088 2288 1220 2312 unccxu
1242 2277 1453 2321 pontificatus
1476 2277 1581 2310 nostri
1604 2287 1690 2310 anno
1710 2277 1786 2310 xu'.

1123 2339 1185 2366 Dat.
1201 2339 1245 2367 die
1262 2339 1277 2367 3
1293 2339 1450 2367 decembris
1467 2339 1545 2375 1712,
1566 2339 1665 2375 pontif.
1682 2346 1755 2366 auno
1775 2344 1831 2365 xiii.

1125 2448 1134 2473 1
1159 2447 1197 2473 Ab
1218 2446 1351 2474 electione
1372 2455 1424 2476 3111
1442 2447 1481 2481 (n.
1497 2448 1546 2478 T.).

1720 203 1784 237 549
1833 211 1882 238 An.
1903 210 1932 238 c.
1951 210 2018 238 1712

1894 1701 1956 1722 fides
1971 1703 2026 1722 tran·

1794 1749 1800 1753 ,
1839 1731 1977 1755 sumptorum.
