<?xml version="1.0" encoding="UTF-8"?>
<!DOCTYPE html PUBLIC "-//W3C//DTD XHTML 1.0 Transitional//EN"
    "http://www.w3.org/TR/xhtml1/DTD/xhtml1-transitional.dtd">
<html xmlns="http://www.w3.org/1999/xhtml" xml:lang="en" lang="en">
 <head>
  <title>
</title>
<meta http-equiv="Content-Type" content="text/html;charset=utf-8" />
  <meta name='ocr-system' content='tesseract 3.04.00' />
  <meta name='ocr-capabilities' content='ocr_page ocr_carea ocr_par ocr_line ocrx_word'/>
</head>
<body>
  <div class='ocr_page' id='page_1' title='image "./bullarumdiplomat21cath_0420.png"; bbox 0 0 2269 3203; ppageno 0'>
   <div class='ocr_carea' id='block_1_1' title="bbox 292 223 584 259">
    <p class='ocr_par' dir='ltr' id='par_1_1' title="bbox 292 223 584 259">
     <span class='ocr_line' id='line_1_1' title="bbox 292 223 584 259; baseline -0.007 -1"><span class='ocrx_word' id='word_1_1' title='bbox 292 233 338 259; x_wconf 74' lang='grc' dir='ltr'>Αη.</span> <span class='ocrx_word' id='word_1_2' title='bbox 357 232 384 258; x_wconf 82' lang='lat' dir='ltr'>c.</span> <span class='ocrx_word' id='word_1_3' title='bbox 409 232 473 258; x_wconf 66' lang='lat' dir='ltr'>its-,a</span> <span class='ocrx_word' id='word_1_4' title='bbox 520 223 584 257; x_wconf 65' lang='lat'>352</span> 
     </span>
    </p>
   </div>
   <div class='ocr_carea' id='block_1_2' title="bbox 314 1509 434 1529">
    <p class='ocr_par' dir='ltr' id='par_1_2' title="bbox 314 1509 434 1529">
     <span class='ocr_line' id='line_1_2' title="bbox 314 1509 434 1529; baseline 0 -1"><span class='ocrx_word' id='word_1_5' title='bbox 314 1509 434 1529; x_wconf 41' lang='lat' dir='ltr'>Clausulae.</span> 
     </span>
    </p>
   </div>
   <div class='ocr_carea' id='block_1_3' title="bbox 478 281 1226 2660">
    <p class='ocr_par' dir='ltr' id='par_1_3' title="bbox 482 281 1226 1492">
     <span class='ocr_line' id='line_1_3' title="bbox 487 281 1224 324; baseline -0.003 -9"><span class='ocrx_word' id='word_1_6' title='bbox 487 282 645 324; x_wconf 84' lang='lat' dir='ltr'>potuisse.</span> <span class='ocrx_word' id='word_1_7' title='bbox 672 281 715 315; x_wconf 79' lang='lat' dir='ltr'>Ne</span> <span class='ocrx_word' id='word_1_8' title='bbox 740 287 845 315; x_wconf 76' lang='lat' dir='ltr'>auten}</span> <span class='ocrx_word' id='word_1_9' title='bbox 874 282 956 314; x_wconf 87' lang='lat' dir='ltr'>dicta</span> <span class='ocrx_word' id='word_1_10' title='bbox 982 281 1118 315; x_wconf 81' lang='lat' dir='ltr'>ecclesia</span> <span class='ocrx_word' id='word_1_11' title='bbox 1144 282 1224 315; x_wconf 71' lang='lat' dir='ltr'>Abu-</span> 
     </span>
     <span class='ocr_line' id='line_1_4' title="bbox 489 334 1226 378; baseline 0 -11"><span class='ocrx_word' id='word_1_12' title='bbox 489 334 596 375; x_wconf 85' lang='lat' dir='ltr'>lensis,</span> <span class='ocrx_word' id='word_1_13' title='bbox 624 339 772 378; x_wconf 87' lang='lat' dir='ltr'>tempore</span> <span class='ocrx_word' id='word_1_14' title='bbox 797 346 862 378; x_wconf 87' lang='lat' dir='ltr'>quo</span> <span class='ocrx_word' id='word_1_15' title='bbox 888 345 1041 377; x_wconf 77' lang='lat' dir='ltr'><strong>praesens</strong></span> <span class='ocrx_word' id='word_1_16' title='bbox 1067 334 1153 367; x_wconf 85' lang='lat' dir='ltr'>illius</span> <span class='ocrx_word' id='word_1_17' title='bbox 1180 345 1226 367; x_wconf 88' lang='lat' dir='ltr'>se-</span> 
     </span>
     <span class='ocr_line' id='line_1_5' title="bbox 488 387 1225 431; baseline 0 -12"><span class='ocrx_word' id='word_1_18' title='bbox 488 388 536 421; x_wconf 86' lang='lat' dir='ltr'>dis</span> <span class='ocrx_word' id='word_1_19' title='bbox 562 387 759 431; x_wconf 85' lang='lat' dir='ltr'>episcopalis</span> <span class='ocrx_word' id='word_1_20' title='bbox 789 387 912 420; x_wconf 87' lang='lat' dir='ltr'>vacatio</span> <span class='ocrx_word' id='word_1_21' title='bbox 949 387 1137 428; x_wconf 73' lang='lat' dir='ltr'>duraverit,</span> <span class='ocrx_word' id='word_1_22' title='bbox 1172 387 1225 420; x_wconf 81' lang='lat' dir='ltr'>asl-</span> 
     </span>
     <span class='ocr_line' id='line_1_6' title="bbox 487 440 1225 483; baseline 0 -11"><span class='ocrx_word' id='word_1_23' title='bbox 487 441 707 474; x_wconf 81' lang='lat' dir='ltr'>ministratore</span> <span class='ocrx_word' id='word_1_24' title='bbox 733 440 764 472; x_wconf 94' lang='lat' dir='ltr'>in</span> <span class='ocrx_word' id='word_1_25' title='bbox 792 440 1015 483; x_wconf 86' lang='lat' dir='ltr'>spiritualibus</span> <span class='ocrx_word' id='word_1_26' title='bbox 1036 445 1153 480; x_wconf 87' lang='lat' dir='ltr'>careat,</span> <span class='ocrx_word' id='word_1_27' title='bbox 1172 451 1225 473; x_wconf 90' lang='lat' dir='ltr'>vo-</span> 
     </span>
     <span class='ocr_line' id='line_1_7' title="bbox 486 492 1224 526; baseline 0 -1"><span class='ocrx_word' id='word_1_28' title='bbox 486 494 592 526; x_wconf 85' lang='lat' dir='ltr'>lumus</span> <span class='ocrx_word' id='word_1_29' title='bbox 629 499 660 526; x_wconf 84' lang='lat' dir='ltr'>et</span> <span class='ocrx_word' id='word_1_30' title='bbox 696 493 883 526; x_wconf 75' lang='lat' dir='ltr'>ordinamus</span> <span class='ocrx_word' id='word_1_31' title='bbox 919 498 953 524; x_wconf 89' lang='lat' dir='ltr'>ut</span> <span class='ocrx_word' id='word_1_32' title='bbox 986 492 1053 525; x_wconf 87' lang='lat' dir='ltr'>eius</span> <span class='ocrx_word' id='word_1_33' title='bbox 1089 492 1224 525; x_wconf 87' lang='lat' dir='ltr'>vicarius</span> 
     </span>
     <span class='ocr_line' id='line_1_8' title="bbox 486 545 1221 589; baseline 0 -11"><span class='ocrx_word' id='word_1_34' title='bbox 486 546 693 589; x_wconf 86' lang='lat' dir='ltr'>capitularis,</span> <span class='ocrx_word' id='word_1_35' title='bbox 719 551 812 578; x_wconf 89' lang='lat' dir='ltr'>antea</span> <span class='ocrx_word' id='word_1_36' title='bbox 847 545 990 588; x_wconf 72' lang='lat' dir='ltr'>legitime</span> <span class='ocrx_word' id='word_1_37' title='bbox 1027 545 1221 589; x_wconf 83' lang='lat' dir='ltr'>deputatus,</span> 
     </span>
     <span class='ocr_line' id='line_1_9' title="bbox 486 597 1224 638; baseline 0 -8"><span class='ocrx_word' id='word_1_38' title='bbox 486 597 628 631; x_wconf 79' lang='lat' dir='ltr'>officium</span> <span class='ocrx_word' id='word_1_39' title='bbox 653 597 764 631; x_wconf 86' lang='lat' dir='ltr'>vicarii</span> <span class='ocrx_word' id='word_1_40' title='bbox 791 597 996 638; x_wconf 83' lang='lat' dir='ltr'>huiusmodi,</span> <span class='ocrx_word' id='word_1_41' title='bbox 1023 608 1094 630; x_wconf 88' lang='lat' dir='ltr'>cum</span> <span class='ocrx_word' id='word_1_42' title='bbox 1121 598 1224 630; x_wconf 88' lang='lat' dir='ltr'>omni-</span> 
     </span>
     <span class='ocr_line' id='line_1_10' title="bbox 485 650 1222 693; baseline 0.001 -10"><span class='ocrx_word' id='word_1_43' title='bbox 485 652 544 683; x_wconf 91' lang='lat' dir='ltr'>bus</span> <span class='ocrx_word' id='word_1_44' title='bbox 580 656 613 683; x_wconf 87' lang='lat' dir='ltr'>et</span> <span class='ocrx_word' id='word_1_45' title='bbox 649 650 784 693; x_wconf 82' lang='lat' dir='ltr'>singulis</span> <span class='ocrx_word' id='word_1_46' title='bbox 820 650 1026 683; x_wconf 88' lang='lat' dir='ltr'>facultatibus</span> <span class='ocrx_word' id='word_1_47' title='bbox 1065 650 1222 684; x_wconf 90' lang='lat' dir='ltr'>eiusmodi</span> 
     </span>
     <span class='ocr_line' id='line_1_11' title="bbox 484 703 1224 747; baseline 0.001 -11"><span class='ocrx_word' id='word_1_48' title='bbox 484 703 610 737; x_wconf 86' lang='lat' dir='ltr'>vicariis</span> <span class='ocrx_word' id='word_1_49' title='bbox 637 704 870 747; x_wconf 78' lang='lat' dir='ltr'>capitularibus</span> <span class='ocrx_word' id='word_1_50' title='bbox 897 704 936 737; x_wconf 87' lang='lat' dir='ltr'>de</span> <span class='ocrx_word' id='word_1_51' title='bbox 962 705 1031 737; x_wconf 86' lang='lat' dir='ltr'>iure</span> <span class='ocrx_word' id='word_1_52' title='bbox 1050 730 1057 744; x_wconf 85' lang='lat'>,</span> <span class='ocrx_word' id='word_1_53' title='bbox 1094 715 1154 737; x_wconf 83' lang='lat' dir='ltr'>usu</span> <span class='ocrx_word' id='word_1_54' title='bbox 1192 711 1224 737; x_wconf 89' lang='lat' dir='ltr'>et</span> 
     </span>
     <span class='ocr_line' id='line_1_12' title="bbox 484 757 1224 800; baseline 0.001 -10"><span class='ocrx_word' id='word_1_55' title='bbox 484 758 720 790; x_wconf 85' lang='lat' dir='ltr'>consuetudine</span> <span class='ocrx_word' id='word_1_56' title='bbox 742 785 749 797; x_wconf 89' lang='lat'>,</span> <span class='ocrx_word' id='word_1_57' title='bbox 786 768 822 790; x_wconf 88' lang='lat' dir='ltr'>ac</span> <span class='ocrx_word' id='word_1_58' title='bbox 859 758 937 790; x_wconf 76' lang='lat' dir='ltr'>alias</span> <span class='ocrx_word' id='word_1_59' title='bbox 977 757 1224 800; x_wconf 77' lang='lat' dir='ltr'>quomodolibet</span> 
     </span>
     <span class='ocr_line' id='line_1_13' title="bbox 484 810 1223 849; baseline 0 -6"><span class='ocrx_word' id='word_1_60' title='bbox 484 811 570 843; x_wconf 83' lang='lat' dir='ltr'>iuxta</span> <span class='ocrx_word' id='word_1_61' title='bbox 596 811 725 843; x_wconf 87' lang='lat' dir='ltr'>decreta</span> <span class='ocrx_word' id='word_1_62' title='bbox 751 810 895 849; x_wconf 76' lang='lat' dir='ltr'>Concilii‚</span> <span class='ocrx_word' id='word_1_63' title='bbox 919 810 1099 843; x_wconf 74' lang='lat' dir='ltr'>Tridentini</span> <span class='ocrx_word' id='word_1_64' title='bbox 1138 821 1223 844; x_wconf 84' lang='lat' dir='ltr'>com-</span> 
     </span>
     <span class='ocr_line' id='line_1_14' title="bbox 484 863 1222 907; baseline 0 -11"><span class='ocrx_word' id='word_1_65' title='bbox 484 863 684 906; x_wconf 71' lang='lat' dir='ltr'>petentibus,</span> <span class='ocrx_word' id='word_1_66' title='bbox 711 873 781 896; x_wconf 92' lang='lat' dir='ltr'>cum</span> <span class='ocrx_word' id='word_1_67' title='bbox 801 863 917 907; x_wconf 90' lang='lat' dir='ltr'>quibus</span> <span class='ocrx_word' id='word_1_68' title='bbox 937 863 1016 896; x_wconf 90' lang='lat' dir='ltr'>illud</span> <span class='ocrx_word' id='word_1_69' title='bbox 1037 868 1112 896; x_wconf 87' lang='lat' dir='ltr'>ante</span> <span class='ocrx_word' id='word_1_70' title='bbox 1131 874 1222 907; x_wconf 86' lang='lat' dir='ltr'>prae-</span> 
     </span>
     <span class='ocr_line' id='line_1_15' title="bbox 485 915 1221 960; baseline 0 -11"><span class='ocrx_word' id='word_1_71' title='bbox 485 916 579 949; x_wconf 76' lang='lat' dir='ltr'>fatam</span> <span class='ocrx_word' id='word_1_72' title='bbox 598 915 720 948; x_wconf 90' lang='lat' dir='ltr'>irritam</span> <span class='ocrx_word' id='word_1_73' title='bbox 739 915 883 949; x_wconf 85' lang='lat' dir='ltr'>eiusdem</span> <span class='ocrx_word' id='word_1_74' title='bbox 898 915 1057 949; x_wconf 85' lang='lat' dir='ltr'>Francisci</span> <span class='ocrx_word' id='word_1_75' title='bbox 1075 916 1221 960; x_wconf 78' lang='lat' dir='ltr'>episcopi</span> 
     </span>
     <span class='ocr_line' id='line_1_16' title="bbox 483 968 1222 1012; baseline -0.001 -10"><span class='ocrx_word' id='word_1_76' title='bbox 483 969 674 1002; x_wconf 73' lang='lat' dir='ltr'>electionem</span> <span class='ocrx_word' id='word_1_77' title='bbox 705 980 763 1002; x_wconf 87' lang='lat' dir='ltr'>seu</span> <span class='ocrx_word' id='word_1_78' title='bbox 795 968 1049 1002; x_wconf 72' lang='lat' dir='ltr'>nominationem</span> <span class='ocrx_word' id='word_1_79' title='bbox 1086 970 1222 1012; x_wconf 80' lang='lat' dir='ltr'>gerebat</span> 
     </span>
     <span class='ocr_line' id='line_1_17' title="bbox 483 1023 1221 1066; baseline 0.001 -11"><span class='ocrx_word' id='word_1_80' title='bbox 483 1028 516 1055; x_wconf 89' lang='lat' dir='ltr'>et</span> <span class='ocrx_word' id='word_1_81' title='bbox 541 1023 737 1061; x_wconf 82' lang='lat' dir='ltr'>exercebat,</span> <span class='ocrx_word' id='word_1_82' title='bbox 768 1033 824 1055; x_wconf 89' lang='lat' dir='ltr'>seu</span> <span class='ocrx_word' id='word_1_83' title='bbox 859 1033 973 1066; x_wconf 79' lang='lat' dir='ltr'>gerere</span> <span class='ocrx_word' id='word_1_84' title='bbox 1007 1027 1039 1056; x_wconf 87' lang='lat' dir='ltr'>et</span> <span class='ocrx_word' id='word_1_85' title='bbox 1069 1033 1221 1056; x_wconf 83' lang='lat' dir='ltr'>exercere</span> 
     </span>
     <span class='ocr_line' id='line_1_18' title="bbox 482 1075 1223 1119; baseline -0.001 -10"><span class='ocrx_word' id='word_1_86' title='bbox 482 1080 619 1118; x_wconf 84' lang='lat' dir='ltr'>poterat,</span> <span class='ocrx_word' id='word_1_87' title='bbox 646 1075 741 1109; x_wconf 88' lang='lat' dir='ltr'>etiam</span> <span class='ocrx_word' id='word_1_88' title='bbox 767 1086 852 1108; x_wconf 89' lang='lat' dir='ltr'>nunc</span> <span class='ocrx_word' id='word_1_89' title='bbox 877 1081 909 1108; x_wconf 88' lang='lat' dir='ltr'>et</span> <span class='ocrx_word' id='word_1_90' title='bbox 933 1075 965 1108; x_wconf 90' lang='lat' dir='ltr'>in</span> <span class='ocrx_word' id='word_1_91' title='bbox 980 1080 1147 1119; x_wconf 86' lang='lat' dir='ltr'>posterum</span> <span class='ocrx_word' id='word_1_92' title='bbox 1170 1086 1223 1118; x_wconf 83' lang='lat' dir='ltr'>ge-</span> 
     </span>
     <span class='ocr_line' id='line_1_19' title="bbox 483 1133 1221 1172; baseline 0.001 -11"><span class='ocrx_word' id='word_1_93' title='bbox 483 1138 556 1162; x_wconf 85' lang='lat' dir='ltr'>rere</span> <span class='ocrx_word' id='word_1_94' title='bbox 581 1133 612 1161; x_wconf 85' lang='lat' dir='ltr'>et</span> <span class='ocrx_word' id='word_1_95' title='bbox 636 1138 788 1162; x_wconf 80' lang='lat' dir='ltr'>exercere</span> <span class='ocrx_word' id='word_1_96' title='bbox 813 1133 952 1172; x_wconf 79' lang='lat' dir='ltr'>pergat3</span> <span class='ocrx_word' id='word_1_97' title='bbox 980 1139 1035 1169; x_wconf 91' lang='lat' dir='ltr'>ac,</span> <span class='ocrx_word' id='word_1_98' title='bbox 1063 1133 1221 1172; x_wconf 85' lang='lat' dir='ltr'>quatenus</span> 
     </span>
     <span class='ocr_line' id='line_1_20' title="bbox 482 1181 1221 1225; baseline -0.001 -11"><span class='ocrx_word' id='word_1_99' title='bbox 482 1191 563 1225; x_wconf 89' lang='lat' dir='ltr'>opus</span> <span class='ocrx_word' id='word_1_100' title='bbox 588 1182 638 1222; x_wconf 85' lang='lat' dir='ltr'>sit,</span> <span class='ocrx_word' id='word_1_101' title='bbox 663 1181 756 1214; x_wconf 90' lang='lat' dir='ltr'>illum</span> <span class='ocrx_word' id='word_1_102' title='bbox 782 1181 812 1214; x_wconf 92' lang='lat' dir='ltr'>in</span> <span class='ocrx_word' id='word_1_103' title='bbox 839 1182 955 1215; x_wconf 85' lang='lat' dir='ltr'>eodem</span> <span class='ocrx_word' id='word_1_104' title='bbox 981 1181 1086 1215; x_wconf 80' lang='lat' dir='ltr'>officio</span> <span class='ocrx_word' id='word_1_105' title='bbox 1107 1182 1221 1214; x_wconf 85' lang='lat' dir='ltr'>barum</span> 
     </span>
     <span class='ocr_line' id='line_1_21' title="bbox 482 1235 1222 1275; baseline 0.001 -8"><span class='ocrx_word' id='word_1_106' title='bbox 482 1235 566 1268; x_wconf 87' lang='lat' dir='ltr'>serie</span> <span class='ocrx_word' id='word_1_107' title='bbox 592 1235 842 1275; x_wconf 82' lang='lat' dir='ltr'>confirmamus,</span> <span class='ocrx_word' id='word_1_108' title='bbox 869 1240 904 1267; x_wconf 88' lang='lat' dir='ltr'>ut</span> <span class='ocrx_word' id='word_1_109' title='bbox 928 1235 1009 1268; x_wconf 87' lang='lat' dir='ltr'>illud</span> <span class='ocrx_word' id='word_1_110' title='bbox 1036 1235 1131 1268; x_wconf 88' lang='lat' dir='ltr'>etiam</span> <span class='ocrx_word' id='word_1_111' title='bbox 1164 1246 1222 1268; x_wconf 90' lang='lat' dir='ltr'>no-</span> 
     </span>
     <span class='ocr_line' id='line_1_22' title="bbox 482 1288 1219 1331; baseline 0.001 -10"><span class='ocrx_word' id='word_1_112' title='bbox 482 1291 545 1321; x_wconf 78' lang='lat' dir='ltr'>stra</span> <span class='ocrx_word' id='word_1_113' title='bbox 583 1294 614 1321; x_wconf 88' lang='lat' dir='ltr'>et</span> <span class='ocrx_word' id='word_1_114' title='bbox 650 1288 742 1321; x_wconf 89' lang='lat' dir='ltr'>Sedis</span> <span class='ocrx_word' id='word_1_115' title='bbox 769 1288 975 1331; x_wconf 84' lang='lat' dir='ltr'>Apostolicae</span> <span class='ocrx_word' id='word_1_116' title='bbox 1002 1289 1195 1322; x_wconf 86' lang='lat' dir='ltr'>auctoritate</span> <span class='ocrx_word' id='word_1_117' title='bbox 1212 1317 1219 1330; x_wconf 84' lang='lat'>,</span> 
     </span>
     <span class='ocr_line' id='line_1_23' title="bbox 485 1342 1221 1375; baseline 0 0"><span class='ocrx_word' id='word_1_118' title='bbox 485 1343 588 1375; x_wconf 84' lang='lat' dir='ltr'>donec</span> <span class='ocrx_word' id='word_1_119' title='bbox 625 1347 729 1375; x_wconf 87' lang='lat' dir='ltr'>tamen</span> <span class='ocrx_word' id='word_1_120' title='bbox 767 1342 848 1374; x_wconf 85' lang='lat' dir='ltr'>alius</span> <span class='ocrx_word' id='word_1_121' title='bbox 882 1342 996 1375; x_wconf 86' lang='lat' dir='ltr'>similis</span> <span class='ocrx_word' id='word_1_122' title='bbox 1032 1342 1168 1375; x_wconf 81' lang='lat' dir='ltr'>vicarius</span> <span class='ocrx_word' id='word_1_123' title='bbox 1204 1354 1221 1375; x_wconf 89' lang='lat' dir='ltr'>a</span> 
     </span>
     <span class='ocr_line' id='line_1_24' title="bbox 482 1395 1220 1439; baseline 0.004 -13"><span class='ocrx_word' id='word_1_124' title='bbox 482 1395 624 1439; x_wconf 78' lang='lat' dir='ltr'>capitulo</span> <span class='ocrx_word' id='word_1_125' title='bbox 660 1401 692 1428; x_wconf 87' lang='lat' dir='ltr'>et</span> <span class='ocrx_word' id='word_1_126' title='bbox 716 1395 880 1428; x_wconf 84' lang='lat' dir='ltr'>canonicis</span> <span class='ocrx_word' id='word_1_127' title='bbox 906 1396 1057 1438; x_wconf 79' lang='lat' dir='ltr'>praefatis</span> <span class='ocrx_word' id='word_1_128' title='bbox 1079 1396 1220 1438; x_wconf 78' lang='lat' dir='ltr'>legitime</span> 
     </span>
     <span class='ocr_line' id='line_1_25' title="bbox 483 1449 1218 1492; baseline 0.003 -12"><span class='ocrx_word' id='word_1_129' title='bbox 483 1449 653 1492; x_wconf 84' lang='lat' dir='ltr'>deputatus</span> <span class='ocrx_word' id='word_1_130' title='bbox 680 1458 747 1481; x_wconf 89' lang='lat' dir='ltr'>non</span> <span class='ocrx_word' id='word_1_131' title='bbox 774 1449 881 1489; x_wconf 87' lang='lat' dir='ltr'>fuerit,</span> <span class='ocrx_word' id='word_1_132' title='bbox 901 1454 990 1492; x_wconf 72' lang='lat' dir='ltr'>gerat</span> <span class='ocrx_word' id='word_1_133' title='bbox 1008 1455 1039 1482; x_wconf 87' lang='lat' dir='ltr'>et</span> <span class='ocrx_word' id='word_1_134' title='bbox 1059 1455 1218 1482; x_wconf 85' lang='lat' dir='ltr'>exerceat.</span> 
     </span>
    </p>

    <p class='ocr_par' dir='ltr' id='par_1_4' title="bbox 478 1501 1221 2604">
     <span class='ocr_line' id='line_1_26' title="bbox 525 1501 1221 1546; baseline 0.001 -12"><span class='ocrx_word' id='word_1_135' title='bbox 525 1501 584 1544; x_wconf 62' lang='lat'>§5-</span> <span class='ocrx_word' id='word_1_136' title='bbox 604 1501 825 1535; x_wconf 85' lang='lat' dir='ltr'>Decernentes</span> <span class='ocrx_word' id='word_1_137' title='bbox 851 1503 1102 1542; x_wconf 86' lang='lat' dir='ltr'>etiam,easde1n</span> <span class='ocrx_word' id='word_1_138' title='bbox 1128 1513 1221 1546; x_wconf 89' lang='lat' dir='ltr'>prae-</span> 
     </span>
     <span class='ocr_line' id='line_1_27' title="bbox 482 1554 1221 1599; baseline 0.001 -12"><span class='ocrx_word' id='word_1_139' title='bbox 482 1558 591 1587; x_wconf 83' lang='lat' dir='ltr'>sentes</span> <span class='ocrx_word' id='word_1_140' title='bbox 616 1554 738 1587; x_wconf 80' lang='lat' dir='ltr'>litteras</span> <span class='ocrx_word' id='word_1_141' title='bbox 764 1560 795 1588; x_wconf 89' lang='lat' dir='ltr'>et</span> <span class='ocrx_word' id='word_1_142' title='bbox 820 1556 850 1587; x_wconf 89' lang='lat' dir='ltr'>in</span> <span class='ocrx_word' id='word_1_143' title='bbox 878 1555 922 1588; x_wconf 90' lang='lat' dir='ltr'>eis</span> <span class='ocrx_word' id='word_1_144' title='bbox 949 1560 1101 1588; x_wconf 87' lang='lat' dir='ltr'>contenta</span> <span class='ocrx_word' id='word_1_145' title='bbox 1123 1567 1221 1599; x_wconf 85' lang='lat' dir='ltr'>quae-</span> 
     </span>
     <span class='ocr_line' id='line_1_28' title="bbox 481 1608 1221 1651; baseline 0.004 -13"><span class='ocrx_word' id='word_1_146' title='bbox 481 1617 636 1651; x_wconf 81' lang='lat' dir='ltr'>cumque,</span> <span class='ocrx_word' id='word_1_147' title='bbox 664 1608 761 1640; x_wconf 82' lang='lat' dir='ltr'>etiam</span> <span class='ocrx_word' id='word_1_148' title='bbox 787 1618 823 1640; x_wconf 77' lang='lat' dir='ltr'>ex</span> <span class='ocrx_word' id='word_1_149' title='bbox 846 1619 884 1641; x_wconf 89' lang='lat' dir='ltr'>eo</span> <span class='ocrx_word' id='word_1_150' title='bbox 910 1608 997 1651; x_wconf 85' lang='lat' dir='ltr'>quod</span> <span class='ocrx_word' id='word_1_151' title='bbox 1023 1608 1160 1651; x_wconf 85' lang='lat' dir='ltr'>praefati</span> <span class='ocrx_word' id='word_1_152' title='bbox 1190 1615 1221 1642; x_wconf 87' lang='lat' dir='ltr'>et</span> 
     </span>
     <span class='ocr_line' id='line_1_29' title="bbox 481 1661 1220 1704; baseline 0.001 -11"><span class='ocrx_word' id='word_1_153' title='bbox 481 1661 535 1694; x_wconf 86' lang='lat' dir='ltr'>alii</span> <span class='ocrx_word' id='word_1_154' title='bbox 568 1661 762 1704; x_wconf 81' lang='lat' dir='ltr'>quicumque</span> <span class='ocrx_word' id='word_1_155' title='bbox 797 1661 828 1693; x_wconf 91' lang='lat' dir='ltr'>in</span> <span class='ocrx_word' id='word_1_156' title='bbox 865 1661 1050 1704; x_wconf 76' lang='lat' dir='ltr'>praemissis</span> <span class='ocrx_word' id='word_1_157' title='bbox 1075 1672 1129 1694; x_wconf 86' lang='lat' dir='ltr'>seu</span> <span class='ocrx_word' id='word_1_158' title='bbox 1167 1673 1220 1695; x_wconf 89' lang='lat' dir='ltr'>eo-</span> 
     </span>
     <span class='ocr_line' id='line_1_30' title="bbox 482 1712 1218 1757; baseline 0.001 -11"><span class='ocrx_word' id='word_1_159' title='bbox 482 1724 550 1746; x_wconf 84' lang='lat' dir='ltr'>rum</span> <span class='ocrx_word' id='word_1_160' title='bbox 576 1712 706 1757; x_wconf 88' lang='lat' dir='ltr'>aliquo¹</span> <span class='ocrx_word' id='word_1_161' title='bbox 732 1715 781 1747; x_wconf 89' lang='lat' dir='ltr'>ius</span> <span class='ocrx_word' id='word_1_162' title='bbox 803 1715 851 1747; x_wconf 89' lang='lat' dir='ltr'>vel</span> <span class='ocrx_word' id='word_1_163' title='bbox 872 1714 1030 1747; x_wconf 83' lang='lat' dir='ltr'>interesse</span> <span class='ocrx_word' id='word_1_164' title='bbox 1050 1714 1218 1755; x_wconf 87' lang='lat' dir='ltr'>hahentes,</span> 
     </span>
     <span class='ocr_line' id='line_1_31' title="bbox 480 1767 1217 1811; baseline 0 -12"><span class='ocrx_word' id='word_1_165' title='bbox 480 1777 537 1800; x_wconf 89' lang='lat' dir='ltr'>seu</span> <span class='ocrx_word' id='word_1_166' title='bbox 552 1767 674 1800; x_wconf 83' lang='lat' dir='ltr'>habere</span> <span class='ocrx_word' id='word_1_167' title='bbox 690 1768 939 1811; x_wconf 80' lang='lat' dir='ltr'>quomodolibet</span> <span class='ocrx_word' id='word_1_168' title='bbox 956 1768 1217 1811; x_wconf 71' lang='lat' dir='ltr'>praetendentes,</span> 
     </span>
     <span class='ocr_line' id='line_1_32' title="bbox 480 1819 1219 1864; baseline 0.001 -12"><span class='ocrx_word' id='word_1_169' title='bbox 480 1819 619 1852; x_wconf 88' lang='lat' dir='ltr'>cuiusvis</span> <span class='ocrx_word' id='word_1_170' title='bbox 645 1825 746 1853; x_wconf 87' lang='lat' dir='ltr'>status</span> <span class='ocrx_word' id='word_1_171' title='bbox 766 1847 773 1859; x_wconf 95' lang='lat'>‚</span> <span class='ocrx_word' id='word_1_172' title='bbox 801 1821 928 1862; x_wconf 75' lang='lat' dir='ltr'>gradus,</span> <span class='ocrx_word' id='word_1_173' title='bbox 955 1821 1099 1860; x_wconf 82' lang='lat' dir='ltr'>ordinis,</span> <span class='ocrx_word' id='word_1_174' title='bbox 1126 1831 1219 1864; x_wconf 86' lang='lat' dir='ltr'>prae-</span> 
     </span>
     <span class='ocr_line' id='line_1_33' title="bbox 480 1873 1218 1916; baseline 0.003 -10"><span class='ocrx_word' id='word_1_175' title='bbox 480 1873 673 1906; x_wconf 81' lang='lat' dir='ltr'>eminentiae</span> <span class='ocrx_word' id='word_1_176' title='bbox 685 1873 891 1916; x_wconf 82' lang='lat' dir='ltr'>etdignitatis</span> <span class='ocrx_word' id='word_1_177' title='bbox 908 1874 1054 1913; x_wconf 76' lang='lat' dir='ltr'>existant,</span> <span class='ocrx_word' id='word_1_178' title='bbox 1070 1884 1124 1907; x_wconf 86' lang='lat' dir='ltr'>seu</span> <span class='ocrx_word' id='word_1_179' title='bbox 1141 1875 1218 1908; x_wconf 75' lang='lat' dir='ltr'>alias</span> 
     </span>
     <span class='ocr_line' id='line_1_34' title="bbox 479 1926 1218 1970; baseline 0.003 -11"><span class='ocrx_word' id='word_1_180' title='bbox 479 1926 628 1970; x_wconf 74' lang='lat' dir='ltr'>specifica</span> <span class='ocrx_word' id='word_1_181' title='bbox 654 1932 685 1959; x_wconf 91' lang='lat' dir='ltr'>et</span> <span class='ocrx_word' id='word_1_182' title='bbox 710 1926 876 1960; x_wconf 79' lang='lat' dir='ltr'>individua</span> <span class='ocrx_word' id='word_1_183' title='bbox 901 1927 1066 1960; x_wconf 86' lang='lat' dir='ltr'>mentione</span> <span class='ocrx_word' id='word_1_184' title='bbox 1099 1933 1131 1960; x_wconf 91' lang='lat' dir='ltr'>et</span> <span class='ocrx_word' id='word_1_185' title='bbox 1165 1939 1218 1961; x_wconf 72' lang='lat' dir='ltr'>ex-</span> 
     </span>
     <span class='ocr_line' id='line_1_35' title="bbox 481 1979 1216 2022; baseline 0 -10"><span class='ocrx_word' id='word_1_186' title='bbox 481 1979 650 2022; x_wconf 86' lang='lat' dir='ltr'>pressione</span> <span class='ocrx_word' id='word_1_187' title='bbox 677 1979 857 2022; x_wconf 81' lang='lat' dir='ltr'>digni,illis</span> <span class='ocrx_word' id='word_1_188' title='bbox 882 1990 948 2012; x_wconf 91' lang='lat' dir='ltr'>non</span> <span class='ocrx_word' id='word_1_189' title='bbox 973 1980 1216 2021; x_wconf 77' lang='lat' dir='ltr'>consenserint,</span> 
     </span>
     <span class='ocr_line' id='line_1_36' title="bbox 481 2032 1218 2075; baseline 0.001 -10"><span class='ocrx_word' id='word_1_190' title='bbox 481 2042 540 2065; x_wconf 86' lang='lat' dir='ltr'>nec</span> <span class='ocrx_word' id='word_1_191' title='bbox 565 2033 603 2065; x_wconf 84' lang='lat' dir='ltr'>ad</span> <span class='ocrx_word' id='word_1_192' title='bbox 625 2043 661 2065; x_wconf 85' lang='lat' dir='ltr'>ca</span> <span class='ocrx_word' id='word_1_193' title='bbox 687 2032 816 2073; x_wconf 82' lang='lat' dir='ltr'>vocati,</span> <span class='ocrx_word' id='word_1_194' title='bbox 843 2033 929 2065; x_wconf 84' lang='lat' dir='ltr'>citati</span> <span class='ocrx_word' id='word_1_195' title='bbox 956 2039 987 2066; x_wconf 90' lang='lat' dir='ltr'>et.</span> <span class='ocrx_word' id='word_1_196' title='bbox 1012 2034 1122 2075; x_wconf 83' lang='lat' dir='ltr'>auditi,</span> <span class='ocrx_word' id='word_1_197' title='bbox 1149 2045 1218 2066; x_wconf 82' lang='lat' dir='ltr'>cau·</span> 
     </span>
     <span class='ocr_line' id='line_1_37' title="bbox 479 2090 1217 2129; baseline 0.005 -14"><span class='ocrx_word' id='word_1_198' title='bbox 479 2096 612 2128; x_wconf 82' lang='lat' dir='ltr'>saeque,</span> <span class='ocrx_word' id='word_1_199' title='bbox 633 2090 765 2128; x_wconf 75' lang='lat' dir='ltr'>propter</span> <span class='ocrx_word' id='word_1_200' title='bbox 783 2096 860 2128; x_wconf 82' lang='lat' dir='ltr'>quas</span> <span class='ocrx_word' id='word_1_201' title='bbox 887 2092 1072 2129; x_wconf 73' lang='lat' dir='ltr'>praesentes</span> <span class='ocrx_word' id='word_1_202' title='bbox 1094 2097 1217 2120; x_wconf 85' lang='lat' dir='ltr'>emana-</span> 
     </span>
     <span class='ocr_line' id='line_1_38' title="bbox 480 2138 1216 2179; baseline 0.004 -9"><span class='ocrx_word' id='word_1_203' title='bbox 480 2138 565 2177; x_wconf 86' lang='lat' dir='ltr'>rint,</span> <span class='ocrx_word' id='word_1_204' title='bbox 594 2138 792 2171; x_wconf 80' lang='lat' dir='ltr'>sufficienter</span> <span class='ocrx_word' id='word_1_205' title='bbox 816 2139 976 2172; x_wconf 79' lang='lat' dir='ltr'>adductae</span> <span class='ocrx_word' id='word_1_206' title='bbox 996 2167 1002 2179; x_wconf 76' lang='lat'><em>‚</em></span> <span class='ocrx_word' id='word_1_207' title='bbox 1036 2140 1216 2173; x_wconf 79' lang='lat' dir='ltr'>verificatae</span> 
     </span>
     <span class='ocr_line' id='line_1_39' title="bbox 480 2190 1218 2231; baseline 0.004 -8"><span class='ocrx_word' id='word_1_208' title='bbox 480 2195 511 2223; x_wconf 88' lang='lat' dir='ltr'>et</span> <span class='ocrx_word' id='word_1_209' title='bbox 536 2190 728 2224; x_wconf 79' lang='lat' dir='ltr'>iustiticatae</span> <span class='ocrx_word' id='word_1_210' title='bbox 754 2202 818 2224; x_wconf 87' lang='lat' dir='ltr'>non</span> <span class='ocrx_word' id='word_1_211' title='bbox 847 2192 983 2231; x_wconf 84' lang='lat' dir='ltr'>fuerint,</span> <span class='ocrx_word' id='word_1_212' title='bbox 1011 2198 1064 2225; x_wconf 82' lang='lat' dir='ltr'>aut</span> <span class='ocrx_word' id='word_1_213' title='bbox 1089 2204 1125 2225; x_wconf 80' lang='lat' dir='ltr'>ex</span> <span class='ocrx_word' id='word_1_214' title='bbox 1157 2194 1218 2226; x_wconf 72' lang='lat' dir='ltr'>alia</span> 
     </span>
     <span class='ocr_line' id='line_1_40' title="bbox 479 2244 1217 2288; baseline 0.007 -13"><span class='ocrx_word' id='word_1_215' title='bbox 479 2244 625 2287; x_wconf 86' lang='lat' dir='ltr'>qualibet.</span> <span class='ocrx_word' id='word_1_216' title='bbox 657 2245 752 2277; x_wconf 82' lang='lat' dir='ltr'>ctiam</span> <span class='ocrx_word' id='word_1_217' title='bbox 785 2246 990 2288; x_wconf 81' lang='lat' dir='ltr'>quantumvis</span> <span class='ocrx_word' id='word_1_218' title='bbox 1023 2246 1159 2280; x_wconf 76' lang='lat' dir='ltr'>iuridica</span> <span class='ocrx_word' id='word_1_219' title='bbox 1187 2254 1217 2280; x_wconf 87' lang='lat' dir='ltr'>et</span> 
     </span>
     <span class='ocr_line' id='line_1_41' title="bbox 480 2297 1218 2342; baseline 0.004 -13"><span class='ocrx_word' id='word_1_220' title='bbox 480 2297 683 2340; x_wconf 68' lang='lat' dir='ltr'>privilegiata</span> <span class='ocrx_word' id='word_1_221' title='bbox 709 2301 828 2338; x_wconf 70' lang='lat' dir='ltr'>causa,</span> <span class='ocrx_word' id='word_1_222' title='bbox 854 2300 974 2338; x_wconf 86' lang='lat' dir='ltr'>colore,</span> <span class='ocrx_word' id='word_1_223' title='bbox 1001 2305 1169 2342; x_wconf 73' lang='lat' dir='ltr'>praetextu</span> <span class='ocrx_word' id='word_1_224' title='bbox 1187 2306 1218 2333; x_wconf 87' lang='lat' dir='ltr'>et</span> 
     </span>
     <span class='ocr_line' id='line_1_42' title="bbox 479 2350 1215 2395; baseline 0.004 -13"><span class='ocrx_word' id='word_1_225' title='bbox 479 2350 611 2393; x_wconf 76' lang='lat' dir='ltr'>capite,</span> <span class='ocrx_word' id='word_1_226' title='bbox 639 2351 735 2383; x_wconf 74' lang='lat' dir='ltr'>etiarn</span> <span class='ocrx_word' id='word_1_227' title='bbox 761 2351 792 2383; x_wconf 92' lang='lat' dir='ltr'>in</span> <span class='ocrx_word' id='word_1_228' title='bbox 819 2362 953 2395; x_wconf 81' lang='lat' dir='ltr'>corpore</span> <span class='ocrx_word' id='word_1_229' title='bbox 979 2352 1057 2385; x_wconf 85' lang='lat' dir='ltr'>iuris</span> <span class='ocrx_word' id='word_1_230' title='bbox 1084 2354 1215 2393; x_wconf 82' lang='lat' dir='ltr'>clauso,</span> 
     </span>
     <span class='ocr_line' id='line_1_43' title="bbox 479 2404 1216 2443; baseline 0.001 -6"><span class='ocrx_word' id='word_1_231' title='bbox 479 2404 575 2437; x_wconf 88' lang='lat' dir='ltr'>etiam</span> <span class='ocrx_word' id='word_1_232' title='bbox 603 2404 755 2443; x_wconf 80' lang='lat' dir='ltr'>enormis,</span> <span class='ocrx_word' id='word_1_233' title='bbox 783 2405 1028 2437; x_wconf 68' lang='lat' dir='ltr'>enon-missinwo</span> <span class='ocrx_word' id='word_1_234' title='bbox 1054 2411 1085 2437; x_wconf 89' lang='lat' dir='ltr'>et</span> <span class='ocrx_word' id='word_1_235' title='bbox 1110 2407 1216 2439; x_wconf 83' lang='lat' dir='ltr'>totalis</span> 
     </span>
     <span class='ocr_line' id='line_1_44' title="bbox 480 2456 1216 2500; baseline 0.003 -11"><span class='ocrx_word' id='word_1_236' title='bbox 480 2456 654 2495; x_wconf 81' lang='lat' dir='ltr'>laesionis,</span> <span class='ocrx_word' id='word_1_237' title='bbox 688 2457 778 2489; x_wconf 83' lang='lat' dir='ltr'>nullo</span> <span class='ocrx_word' id='word_1_238' title='bbox 815 2466 955 2499; x_wconf 84' lang='lat' dir='ltr'>unquam</span> <span class='ocrx_word' id='word_1_239' title='bbox 994 2463 1140 2500; x_wconf 87' lang='lat' dir='ltr'>tempore</span> <span class='ocrx_word' id='word_1_240' title='bbox 1178 2458 1216 2491; x_wconf 84' lang='lat' dir='ltr'>de</span> 
     </span>
     <span class='ocr_line' id='line_1_45' title="bbox 478 2508 1218 2552; baseline 0.004 -12"><span class='ocrx_word' id='word_1_241' title='bbox 478 2508 699 2552; x_wconf 80' lang='lat' dir='ltr'>subreptionis</span> <span class='ocrx_word' id='word_1_242' title='bbox 739 2509 786 2541; x_wconf 82' lang='lat' dir='ltr'>vel</span> <span class='ocrx_word' id='word_1_243' title='bbox 825 2509 1028 2552; x_wconf 89' lang='lat' dir='ltr'>obreptionis</span> <span class='ocrx_word' id='word_1_244' title='bbox 1062 2515 1117 2542; x_wconf 86' lang='lat' dir='ltr'>aut</span> <span class='ocrx_word' id='word_1_245' title='bbox 1148 2511 1218 2543; x_wconf 88' lang='lat' dir='ltr'>nul-</span> 
     </span>
     <span class='ocr_line' id='line_1_46' title="bbox 479 2561 1215 2604; baseline 0.003 -9"><span class='ocrx_word' id='word_1_246' title='bbox 479 2561 577 2596; x_wconf 87' lang='lat' dir='ltr'>litatis</span> <span class='ocrx_word' id='word_1_247' title='bbox 603 2561 687 2602; x_wconf 87' lang='lat' dir='ltr'>vitio,</span> <span class='ocrx_word' id='word_1_248' title='bbox 715 2571 768 2595; x_wconf 90' lang='lat' dir='ltr'>seu</span> <span class='ocrx_word' id='word_1_249' title='bbox 796 2561 985 2595; x_wconf 86' lang='lat' dir='ltr'>intentionis</span> <span class='ocrx_word' id='word_1_250' title='bbox 1007 2569 1149 2604; x_wconf 81' lang='lat' dir='ltr'>nostrae,</span> <span class='ocrx_word' id='word_1_251' title='bbox 1167 2564 1215 2597; x_wconf 83' lang='lat' dir='ltr'>vel</span> 
     </span>
    </p>

    <p class='ocr_par' dir='ltr' id='par_1_5' title="bbox 516 2622 1058 2660">
     <span class='ocr_line' id='line_1_47' title="bbox 516 2622 1058 2660; baseline 0 -10"><span class='ocrx_word' id='word_1_252' title='bbox 516 2626 524 2650; x_wconf 86' lang='lat' dir='ltr'>l</span> <span class='ocrx_word' id='word_1_253' title='bbox 548 2622 619 2651; x_wconf 85' lang='lat' dir='ltr'>Edit.</span> <span class='ocrx_word' id='word_1_254' title='bbox 639 2622 718 2651; x_wconf 82' lang='lat' dir='ltr'>Main.</span> <span class='ocrx_word' id='word_1_255' title='bbox 737 2622 801 2659; x_wconf 83' lang='lat' dir='ltr'>legit</span> <span class='ocrx_word' id='word_1_256' title='bbox 816 2624 935 2660; x_wconf 73' lang='lat' dir='ltr'>alt&#39;thd</span> <span class='ocrx_word' id='word_1_257' title='bbox 955 2625 992 2659; x_wconf 67' lang='lat' dir='ltr'>(n.</span> <span class='ocrx_word' id='word_1_258' title='bbox 1011 2626 1058 2658; x_wconf 53' lang='lat'>12).</span> 
     </span>
    </p>
   </div>
   <div class='ocr_carea' id='block_1_4' title="bbox 1236 2525 1240 2655">
    <p class='ocr_par' dir='ltr' id='par_1_6' title="bbox 1236 2525 1240 2655">
     <span class='ocr_line' id='line_1_48' title="bbox 1236 2525 1240 2655; baseline 0 548"><span class='ocrx_word' id='word_1_259' title='bbox 1236 2525 1240 2655; x_wconf 95' lang='lat' dir='ltr'> </span> 
     </span>
    </p>
   </div>
   <div class='ocr_carea' id='block_1_5' title="bbox 1069 234 1425 258">
    <p class='ocr_par' dir='ltr' id='par_1_7' title="bbox 1069 234 1425 258">
     <span class='ocr_line' id='line_1_49' title="bbox 1069 234 1425 258; baseline 0 -1"><span class='ocrx_word' id='word_1_260' title='bbox 1069 234 1245 258; x_wconf 49' lang='lat' dir='ltr'>{immissu</span> <span class='ocrx_word' id='word_1_261' title='bbox 1272 234 1425 258; x_wconf 70' lang='lat' dir='ltr'>ROMANUM</span> 
     </span>
    </p>
   </div>
   <div class='ocr_carea' id='block_1_6' title="bbox 1258 281 2007 2661">
    <p class='ocr_par' dir='ltr' id='par_1_8' title="bbox 1258 281 2007 2183">
     <span class='ocr_line' id='line_1_50' title="bbox 1269 281 2006 321; baseline 0.001 -7"><span class='ocrx_word' id='word_1_262' title='bbox 1269 281 1427 316; x_wconf 77' lang='lat' dir='ltr'>interesse</span> <span class='ocrx_word' id='word_1_263' title='bbox 1453 281 1647 315; x_wconf 81' lang='lat' dir='ltr'>habentium</span> <span class='ocrx_word' id='word_1_264' title='bbox 1673 283 1850 316; x_wconf 75' lang='lat' dir='ltr'>consensns</span> <span class='ocrx_word' id='word_1_265' title='bbox 1868 308 1875 321; x_wconf 86' lang='lat'>,</span> <span class='ocrx_word' id='word_1_266' title='bbox 1902 281 2006 316; x_wconf 85' lang='lat' dir='ltr'>aliove</span> 
     </span>
     <span class='ocr_line' id='line_1_51' title="bbox 1268 335 2007 379; baseline 0.003 -12"><span class='ocrx_word' id='word_1_267' title='bbox 1268 335 1416 379; x_wconf 87' lang='lat' dir='ltr'>quolibet</span> <span class='ocrx_word' id='word_1_268' title='bbox 1452 335 1547 368; x_wconf 83' lang='lat' dir='ltr'>etiam</span> <span class='ocrx_word' id='word_1_269' title='bbox 1587 335 1791 378; x_wconf 85' lang='lat' dir='ltr'>quantumvis</span> <span class='ocrx_word' id='word_1_270' title='bbox 1825 344 1943 378; x_wconf 78' lang='lat' dir='ltr'>magno</span> <span class='ocrx_word' id='word_1_271' title='bbox 1976 340 2007 369; x_wconf 83' lang='lat' dir='ltr'>et</span> 
     </span>
     <span class='ocr_line' id='line_1_52' title="bbox 1268 387 2007 431; baseline 0.004 -12"><span class='ocrx_word' id='word_1_272' title='bbox 1268 388 1471 421; x_wconf 81' lang='lat' dir='ltr'>substantiali</span> <span class='ocrx_word' id='word_1_273' title='bbox 1509 399 1546 421; x_wconf 84' lang='lat' dir='ltr'>ac</span> <span class='ocrx_word' id='word_1_274' title='bbox 1579 387 1756 430; x_wconf 83' lang='lat' dir='ltr'>incogitato</span> <span class='ocrx_word' id='word_1_275' title='bbox 1782 393 1812 421; x_wconf 88' lang='lat' dir='ltr'>ct</span> <span class='ocrx_word' id='word_1_276' title='bbox 1844 388 2007 431; x_wconf 83' lang='lat' dir='ltr'>inexcogi-</span> 
     </span>
     <span class='ocr_line' id='line_1_53' title="bbox 1269 440 2005 484; baseline 0.003 -12"><span class='ocrx_word' id='word_1_277' title='bbox 1269 441 1357 473; x_wconf 88' lang='lat' dir='ltr'>tabili</span> <span class='ocrx_word' id='word_1_278' title='bbox 1380 442 1506 474; x_wconf 89' lang='lat' dir='ltr'>defectu</span> <span class='ocrx_word' id='word_1_279' title='bbox 1518 440 1634 481; x_wconf 88' lang='lat' dir='ltr'>notari,</span> <span class='ocrx_word' id='word_1_280' title='bbox 1651 441 1847 484; x_wconf 82' lang='lat' dir='ltr'>impugnari,</span> <span class='ocrx_word' id='word_1_281' title='bbox 1862 440 2005 484; x_wconf 75' lang='lat' dir='ltr'>infringi,</span> 
     </span>
     <span class='ocr_line' id='line_1_54' title="bbox 1268 494 2007 534; baseline 0 -8"><span class='ocrx_word' id='word_1_282' title='bbox 1268 494 1452 534; x_wconf 87' lang='lat' dir='ltr'>retractari,</span> <span class='ocrx_word' id='word_1_283' title='bbox 1477 494 1510 527; x_wconf 92' lang='lat' dir='ltr'>in</span> <span class='ocrx_word' id='word_1_284' title='bbox 1535 494 1790 528; x_wconf 86' lang='lat' dir='ltr'>controversiam</span> <span class='ocrx_word' id='word_1_285' title='bbox 1811 494 1930 534; x_wconf 84' lang='lat' dir='ltr'>vocari,</span> <span class='ocrx_word' id='word_1_286' title='bbox 1953 499 2007 527; x_wconf 87' lang='lat' dir='ltr'>aut.</span> 
     </span>
     <span class='ocr_line' id='line_1_55' title="bbox 1267 546 2005 586; baseline -0.001 -6"><span class='ocrx_word' id='word_1_287' title='bbox 1267 547 1306 579; x_wconf 79' lang='lat' dir='ltr'>ad</span> <span class='ocrx_word' id='word_1_288' title='bbox 1332 547 1487 580; x_wconf 86' lang='lat' dir='ltr'>terminos</span> <span class='ocrx_word' id='word_1_289' title='bbox 1512 548 1590 580; x_wconf 88' lang='lat' dir='ltr'>iuris</span> <span class='ocrx_word' id='word_1_290' title='bbox 1617 546 1748 586; x_wconf 85' lang='lat' dir='ltr'>reduci,</span> <span class='ocrx_word' id='word_1_291' title='bbox 1775 557 1834 580; x_wconf 87' lang='lat' dir='ltr'>seu</span> <span class='ocrx_word' id='word_1_292' title='bbox 1853 546 2005 581; x_wconf 86' lang='lat' dir='ltr'>adversus</span> 
     </span>
     <span class='ocr_line' id='line_1_56' title="bbox 1268 599 2003 643; baseline 0.001 -11"><span class='ocrx_word' id='word_1_293' title='bbox 1268 599 1339 632; x_wconf 87' lang='lat' dir='ltr'>illas</span> <span class='ocrx_word' id='word_1_294' title='bbox 1363 600 1553 643; x_wconf 87' lang='lat' dir='ltr'>aperitionis</span> <span class='ocrx_word' id='word_1_295' title='bbox 1587 600 1674 639; x_wconf 90' lang='lat' dir='ltr'>oris,</span> <span class='ocrx_word' id='word_1_296' title='bbox 1713 599 1929 633; x_wconf 87' lang='lat' dir='ltr'>restitutionis</span> <span class='ocrx_word' id='word_1_297' title='bbox 1971 600 2003 633; x_wconf 90' lang='lat' dir='ltr'>in</span> 
     </span>
     <span class='ocr_line' id='line_1_57' title="bbox 1267 652 2004 698; baseline 0.001 -13"><span class='ocrx_word' id='word_1_298' title='bbox 1267 652 1428 696; x_wconf 80' lang='lat' dir='ltr'>integrum</span> <span class='ocrx_word' id='word_1_299' title='bbox 1445 681 1452 694; x_wconf 91' lang='lat'>,</span> <span class='ocrx_word' id='word_1_300' title='bbox 1477 653 1628 698; x_wconf 85' lang='lat' dir='ltr'>aliudque</span> <span class='ocrx_word' id='word_1_301' title='bbox 1653 654 1883 697; x_wconf 88' lang='lat' dir='ltr'>quodcumque</span> <span class='ocrx_word' id='word_1_302' title='bbox 1909 653 2004 693; x_wconf 83' lang='lat' dir='ltr'>iuris,</span> 
     </span>
     <span class='ocr_line' id='line_1_58' title="bbox 1266 706 2004 750; baseline 0 -12"><span class='ocrx_word' id='word_1_303' title='bbox 1266 706 1338 739; x_wconf 83' lang='lat' dir='ltr'>facti</span> <span class='ocrx_word' id='word_1_304' title='bbox 1364 707 1413 739; x_wconf 85' lang='lat' dir='ltr'>vel</span> <span class='ocrx_word' id='word_1_305' title='bbox 1438 706 1559 750; x_wconf 84' lang='lat' dir='ltr'>gratiae</span> <span class='ocrx_word' id='word_1_306' title='bbox 1586 706 1766 740; x_wconf 89' lang='lat' dir='ltr'>remedium</span> <span class='ocrx_word' id='word_1_307' title='bbox 1786 706 1937 739; x_wconf 87' lang='lat' dir='ltr'>intentari</span> <span class='ocrx_word' id='word_1_308' title='bbox 1954 707 2004 739; x_wconf 91' lang='lat' dir='ltr'>vel</span> 
     </span>
     <span class='ocr_line' id='line_1_59' title="bbox 1266 759 2004 803; baseline 0 -12"><span class='ocrx_word' id='word_1_309' title='bbox 1266 759 1457 802; x_wconf 88' lang='lat' dir='ltr'>impetrari,</span> <span class='ocrx_word' id='word_1_310' title='bbox 1489 765 1543 792; x_wconf 88' lang='lat' dir='ltr'>aut</span> <span class='ocrx_word' id='word_1_311' title='bbox 1578 760 1753 803; x_wconf 87' lang='lat' dir='ltr'>impetrato</span> <span class='ocrx_word' id='word_1_312' title='bbox 1774 787 1781 800; x_wconf 90' lang='lat'>,</span> <span class='ocrx_word' id='word_1_313' title='bbox 1816 770 1872 792; x_wconf 90' lang='lat' dir='ltr'>seu</span> <span class='ocrx_word' id='word_1_314' title='bbox 1910 759 2004 792; x_wconf 88' lang='lat' dir='ltr'>etiam</span> 
     </span>
     <span class='ocr_line' id='line_1_60' title="bbox 1266 811 2006 855; baseline 0 -11"><span class='ocrx_word' id='word_1_315' title='bbox 1266 817 1377 854; x_wconf 87' lang='lat' dir='ltr'>motu,</span> <span class='ocrx_word' id='word_1_316' title='bbox 1413 811 1549 845; x_wconf 78' lang='lat' dir='ltr'>scientia</span> <span class='ocrx_word' id='word_1_317' title='bbox 1585 818 1617 845; x_wconf 86' lang='lat' dir='ltr'>et</span> <span class='ocrx_word' id='word_1_318' title='bbox 1653 812 1823 855; x_wconf 88' lang='lat' dir='ltr'>potestatis</span> <span class='ocrx_word' id='word_1_319' title='bbox 1864 811 2006 855; x_wconf 87' lang='lat' dir='ltr'>plenitu-</span> 
     </span>
     <span class='ocr_line' id='line_1_61' title="bbox 1266 862 2003 908; baseline 0.001 -11"><span class='ocrx_word' id='word_1_320' title='bbox 1266 864 1341 897; x_wconf 87' lang='lat' dir='ltr'>dine</span> <span class='ocrx_word' id='word_1_321' title='bbox 1385 862 1517 908; x_wconf 73' lang='lat' dir='ltr'>&#39;paribus</span> <span class='ocrx_word' id='word_1_322' title='bbox 1561 875 1719 898; x_wconf 83' lang='lat' dir='ltr'>concesso</span> <span class='ocrx_word' id='word_1_323' title='bbox 1752 866 1802 898; x_wconf 87' lang='lat' dir='ltr'>vel</span> <span class='ocrx_word' id='word_1_324' title='bbox 1828 870 1976 898; x_wconf 86' lang='lat' dir='ltr'>emanato</span> <span class='ocrx_word' id='word_1_325' title='bbox 1996 891 2003 905; x_wconf 94' lang='lat'>‚</span> 
     </span>
     <span class='ocr_line' id='line_1_62' title="bbox 1266 917 2003 961; baseline 0 -12"><span class='ocrx_word' id='word_1_326' title='bbox 1266 918 1453 961; x_wconf 86' lang='lat' dir='ltr'>quempiam</span> <span class='ocrx_word' id='word_1_327' title='bbox 1477 918 1510 950; x_wconf 92' lang='lat' dir='ltr'>in</span> <span class='ocrx_word' id='word_1_328' title='bbox 1535 918 1655 951; x_wconf 88' lang='lat' dir='ltr'>iudicio</span> <span class='ocrx_word' id='word_1_329' title='bbox 1679 919 1728 951; x_wconf 91' lang='lat' dir='ltr'>vel</span> <span class='ocrx_word' id='word_1_330' title='bbox 1755 923 1844 951; x_wconf 83' lang='lat' dir='ltr'>extra</span> <span class='ocrx_word' id='word_1_331' title='bbox 1861 917 1942 950; x_wconf 88' lang='lat' dir='ltr'>illud</span> <span class='ocrx_word' id='word_1_332' title='bbox 1960 917 2003 951; x_wconf 89' lang='lat' dir='ltr'>uti</span> 
     </span>
     <span class='ocr_line' id='line_1_63' title="bbox 1266 970 2004 1013; baseline 0.001 -11"><span class='ocrx_word' id='word_1_333' title='bbox 1266 980 1323 1002; x_wconf 91' lang='lat' dir='ltr'>seu</span> <span class='ocrx_word' id='word_1_334' title='bbox 1353 979 1387 1003; x_wconf 88' lang='lat' dir='ltr'>se</span> <span class='ocrx_word' id='word_1_335' title='bbox 1421 970 1528 1004; x_wconf 89' lang='lat' dir='ltr'>iuvare</span> <span class='ocrx_word' id='word_1_336' title='bbox 1566 972 1634 1004; x_wconf 89' lang='lat' dir='ltr'>ullo</span> <span class='ocrx_word' id='word_1_337' title='bbox 1666 971 1763 1004; x_wconf 86' lang='lat' dir='ltr'>modo</span> <span class='ocrx_word' id='word_1_338' title='bbox 1797 980 1920 1013; x_wconf 86' lang='lat' dir='ltr'>posse;</span> <span class='ocrx_word' id='word_1_339' title='bbox 1946 970 2004 1003; x_wconf 89' lang='lat' dir='ltr'>sed</span> 
     </span>
     <span class='ocr_line' id='line_1_64' title="bbox 1265 1022 2004 1066; baseline 0.001 -11"><span class='ocrx_word' id='word_1_340' title='bbox 1265 1023 1352 1066; x_wconf 89' lang='lat' dir='ltr'>ipsas</span> <span class='ocrx_word' id='word_1_341' title='bbox 1376 1029 1563 1066; x_wconf 85' lang='lat' dir='ltr'>praesentes</span> <span class='ocrx_word' id='word_1_342' title='bbox 1586 1023 1714 1057; x_wconf 85' lang='lat' dir='ltr'>litteras</span> <span class='ocrx_word' id='word_1_343' title='bbox 1742 1033 1872 1066; x_wconf 88' lang='lat' dir='ltr'>semper</span> <span class='ocrx_word' id='word_1_344' title='bbox 1885 1022 2004 1064; x_wconf 81' lang='lat' dir='ltr'>firmas,</span> 
     </span>
     <span class='ocr_line' id='line_1_65' title="bbox 1264 1076 2006 1115; baseline 0 -7"><span class='ocrx_word' id='word_1_345' title='bbox 1264 1076 1387 1109; x_wconf 82' lang='lat' dir='ltr'>validas</span> <span class='ocrx_word' id='word_1_346' title='bbox 1420 1082 1452 1110; x_wconf 87' lang='lat' dir='ltr'>et</span> <span class='ocrx_word' id='word_1_347' title='bbox 1483 1076 1631 1110; x_wconf 82' lang='lat' dir='ltr'>efficaces</span> <span class='ocrx_word' id='word_1_348' title='bbox 1667 1076 1809 1110; x_wconf 78' lang='lat' dir='ltr'>existere</span> <span class='ocrx_word' id='word_1_349' title='bbox 1840 1081 1872 1109; x_wconf 84' lang='lat' dir='ltr'>et</span> <span class='ocrx_word' id='word_1_350' title='bbox 1911 1076 2006 1115; x_wconf 86' lang='lat' dir='ltr'>fore,</span> 
     </span>
     <span class='ocr_line' id='line_1_66' title="bbox 1265 1129 2006 1174; baseline -0.001 -11"><span class='ocrx_word' id='word_1_351' title='bbox 1265 1140 1408 1173; x_wconf 87' lang='lat' dir='ltr'>suosque</span> <span class='ocrx_word' id='word_1_352' title='bbox 1433 1130 1600 1174; x_wconf 88' lang='lat' dir='ltr'>plenarios</span> <span class='ocrx_word' id='word_1_353' title='bbox 1626 1135 1659 1163; x_wconf 88' lang='lat' dir='ltr'>et</span> <span class='ocrx_word' id='word_1_354' title='bbox 1692 1130 1841 1172; x_wconf 78' lang='lat' dir='ltr'>integros</span> <span class='ocrx_word' id='word_1_355' title='bbox 1870 1129 2006 1162; x_wconf 73' lang='lat' dir='ltr'>effectus</span> 
     </span>
     <span class='ocr_line' id='line_1_67' title="bbox 1264 1182 2004 1226; baseline 0 -11"><span class='ocrx_word' id='word_1_356' title='bbox 1264 1183 1375 1216; x_wconf 87' lang='lat' dir='ltr'>sortiri</span> <span class='ocrx_word' id='word_1_357' title='bbox 1397 1189 1428 1216; x_wconf 88' lang='lat' dir='ltr'>et</span> <span class='ocrx_word' id='word_1_358' title='bbox 1461 1183 1635 1224; x_wconf 88' lang='lat' dir='ltr'>obtinere,</span> <span class='ocrx_word' id='word_1_359' title='bbox 1661 1193 1697 1215; x_wconf 91' lang='lat' dir='ltr'>ac</span> <span class='ocrx_word' id='word_1_360' title='bbox 1720 1183 1784 1215; x_wconf 87' lang='lat' dir='ltr'>illis</span> <span class='ocrx_word' id='word_1_361' title='bbox 1803 1209 1810 1219; x_wconf 84' lang='lat'>,</span> <span class='ocrx_word' id='word_1_362' title='bbox 1844 1182 1883 1215; x_wconf 86' lang='lat' dir='ltr'>ad</span> <span class='ocrx_word' id='word_1_363' title='bbox 1924 1192 2004 1226; x_wconf 90' lang='lat' dir='ltr'>quos</span> 
     </span>
     <span class='ocr_line' id='line_1_68' title="bbox 1264 1235 2006 1279; baseline -0.003 -11"><span class='ocrx_word' id='word_1_364' title='bbox 1264 1241 1391 1278; x_wconf 82' lang='lat' dir='ltr'>spectat</span> <span class='ocrx_word' id='word_1_365' title='bbox 1411 1242 1442 1268; x_wconf 91' lang='lat' dir='ltr'>et</span> <span class='ocrx_word' id='word_1_366' title='bbox 1466 1246 1525 1279; x_wconf 90' lang='lat' dir='ltr'>pro</span> <span class='ocrx_word' id='word_1_367' title='bbox 1551 1241 1700 1278; x_wconf 87' lang='lat' dir='ltr'>tempore</span> <span class='ocrx_word' id='word_1_368' title='bbox 1733 1235 2006 1278; x_wconf 84' lang='lat' dir='ltr'>quandocumque</span> 
     </span>
     <span class='ocr_line' id='line_1_69' title="bbox 1264 1287 2007 1332; baseline -0.001 -11"><span class='ocrx_word' id='word_1_369' title='bbox 1264 1289 1452 1332; x_wconf 74' lang='lat' dir='ltr'>spectabit,</span> <span class='ocrx_word' id='word_1_370' title='bbox 1487 1289 1519 1321; x_wconf 89' lang='lat' dir='ltr'>in</span> <span class='ocrx_word' id='word_1_371' title='bbox 1552 1288 1703 1321; x_wconf 89' lang='lat' dir='ltr'>omnibus</span> <span class='ocrx_word' id='word_1_372' title='bbox 1745 1293 1776 1321; x_wconf 89' lang='lat' dir='ltr'>et</span> <span class='ocrx_word' id='word_1_373' title='bbox 1809 1297 1868 1331; x_wconf 88' lang='lat' dir='ltr'>per</span> <span class='ocrx_word' id='word_1_374' title='bbox 1898 1287 2007 1321; x_wconf 85' lang='lat' dir='ltr'>omnia</span> 
     </span>
     <span class='ocr_line' id='line_1_70' title="bbox 1264 1341 2006 1385; baseline -0.001 -10"><span class='ocrx_word' id='word_1_375' title='bbox 1264 1342 1455 1385; x_wconf 80' lang='lat' dir='ltr'>plenissime</span> <span class='ocrx_word' id='word_1_376' title='bbox 1487 1341 1674 1384; x_wconf 67' lang='lat' dir='ltr'>suffragari,</span> <span class='ocrx_word' id='word_1_377' title='bbox 1701 1347 1732 1374; x_wconf 90' lang='lat' dir='ltr'>et</span> <span class='ocrx_word' id='word_1_378' title='bbox 1757 1342 1796 1373; x_wconf 90' lang='lat' dir='ltr'>ab</span> <span class='ocrx_word' id='word_1_379' title='bbox 1822 1342 1869 1374; x_wconf 81' lang='lat' dir='ltr'>eis</span> <span class='ocrx_word' id='word_1_380' title='bbox 1894 1351 2006 1385; x_wconf 88' lang='lat' dir='ltr'>respe-</span> 
     </span>
     <span class='ocr_line' id='line_1_71' title="bbox 1264 1395 2006 1429; baseline 0 -1"><span class='ocrx_word' id='word_1_381' title='bbox 1264 1396 1345 1429; x_wconf 83' lang='lat' dir='ltr'>ctive</span> <span class='ocrx_word' id='word_1_382' title='bbox 1366 1396 1602 1429; x_wconf 84' lang='lat' dir='ltr'>inviolabiliter</span> <span class='ocrx_word' id='word_1_383' title='bbox 1627 1402 1658 1428; x_wconf 87' lang='lat' dir='ltr'>et</span> <span class='ocrx_word' id='word_1_384' title='bbox 1682 1396 1874 1428; x_wconf 85' lang='lat' dir='ltr'>inconcusse</span> <span class='ocrx_word' id='word_1_385' title='bbox 1891 1395 2006 1429; x_wconf 85' lang='lat' dir='ltr'>obser-</span> 
     </span>
     <span class='ocr_line' id='line_1_72' title="bbox 1265 1448 2005 1492; baseline 0 -11"><span class='ocrx_word' id='word_1_386' title='bbox 1265 1450 1356 1489; x_wconf 84' lang='lat' dir='ltr'>vari,</span> <span class='ocrx_word' id='word_1_387' title='bbox 1382 1450 1494 1492; x_wconf 84' lang='lat' dir='ltr'>sicque</span> <span class='ocrx_word' id='word_1_388' title='bbox 1523 1454 1553 1482; x_wconf 85' lang='lat' dir='ltr'>et</span> <span class='ocrx_word' id='word_1_389' title='bbox 1578 1459 1642 1481; x_wconf 87' lang='lat' dir='ltr'>non</span> <span class='ocrx_word' id='word_1_390' title='bbox 1669 1448 1764 1481; x_wconf 87' lang='lat' dir='ltr'>aliter</span> <span class='ocrx_word' id='word_1_391' title='bbox 1787 1448 1820 1480; x_wconf 90' lang='lat' dir='ltr'>in</span> <span class='ocrx_word' id='word_1_392' title='bbox 1845 1448 2005 1492; x_wconf 85' lang='lat' dir='ltr'>praemis-</span> 
     </span>
     <span class='ocr_line' id='line_1_73' title="bbox 1258 1501 2006 1546; baseline 0 -11"><span class='ocrx_word' id='word_1_393' title='bbox 1258 1504 1306 1536; x_wconf 68' lang='lat' dir='ltr'>sis</span> <span class='ocrx_word' id='word_1_394' title='bbox 1333 1513 1391 1546; x_wconf 85' lang='lat' dir='ltr'>per</span> <span class='ocrx_word' id='word_1_395' title='bbox 1420 1513 1645 1546; x_wconf 85' lang='lat' dir='ltr'>quoscumque</span> <span class='ocrx_word' id='word_1_396' title='bbox 1669 1502 1795 1534; x_wconf 88' lang='lat' dir='ltr'>iudices</span> <span class='ocrx_word' id='word_1_397' title='bbox 1820 1501 2006 1535; x_wconf 85' lang='lat' dir='ltr'>ordinarios</span> 
     </span>
     <span class='ocr_line' id='line_1_74' title="bbox 1264 1555 2004 1600; baseline -0.001 -10"><span class='ocrx_word' id='word_1_398' title='bbox 1264 1562 1296 1590; x_wconf 86' lang='lat' dir='ltr'>et</span> <span class='ocrx_word' id='word_1_399' title='bbox 1324 1557 1520 1598; x_wconf 78' lang='lat' dir='ltr'>delegatos,</span> <span class='ocrx_word' id='word_1_400' title='bbox 1550 1555 1647 1588; x_wconf 83' lang='lat' dir='ltr'>etiam</span> <span class='ocrx_word' id='word_1_401' title='bbox 1683 1565 1855 1588; x_wconf 79' lang='lat' dir='ltr'>causarum</span> <span class='ocrx_word' id='word_1_402' title='bbox 1891 1555 2004 1600; x_wconf 83' lang='lat' dir='ltr'>palatii</span> 
     </span>
     <span class='ocr_line' id='line_1_75' title="bbox 1262 1607 2004 1653; baseline 0 -11"><span class='ocrx_word' id='word_1_403' title='bbox 1262 1609 1436 1653; x_wconf 87' lang='lat' dir='ltr'>apostolici</span> <span class='ocrx_word' id='word_1_404' title='bbox 1457 1609 1632 1649; x_wconf 85' lang='lat' dir='ltr'>auditores,</span> <span class='ocrx_word' id='word_1_405' title='bbox 1651 1619 1687 1641; x_wconf 88' lang='lat' dir='ltr'>ac</span> <span class='ocrx_word' id='word_1_406' title='bbox 1709 1607 1821 1641; x_wconf 84' lang='lat' dir='ltr'>S.R.E.</span> <span class='ocrx_word' id='word_1_407' title='bbox 1840 1609 2004 1652; x_wconf 79' lang='lat' dir='ltr'>praefatae</span> 
     </span>
     <span class='ocr_line' id='line_1_76' title="bbox 1263 1662 2005 1705; baseline -0.001 -9"><span class='ocrx_word' id='word_1_408' title='bbox 1263 1663 1443 1696; x_wconf 82' lang='lat' dir='ltr'>cardinales</span> <span class='ocrx_word' id='word_1_409' title='bbox 1460 1690 1467 1701; x_wconf 89' lang='lat'>,</span> <span class='ocrx_word' id='word_1_410' title='bbox 1497 1662 1592 1696; x_wconf 85' lang='lat' dir='ltr'>etiam</span> <span class='ocrx_word' id='word_1_411' title='bbox 1618 1662 1657 1695; x_wconf 90' lang='lat' dir='ltr'>de</span> <span class='ocrx_word' id='word_1_412' title='bbox 1684 1663 1784 1695; x_wconf 85' lang='lat' dir='ltr'>latere</span> <span class='ocrx_word' id='word_1_413' title='bbox 1810 1662 1936 1705; x_wconf 84' lang='lat' dir='ltr'>legatos</span> <span class='ocrx_word' id='word_1_414' title='bbox 1972 1667 2005 1696; x_wconf 92' lang='lat' dir='ltr'>et</span> 
     </span>
     <span class='ocr_line' id='line_1_77' title="bbox 1263 1714 2003 1758; baseline -0.003 -9"><span class='ocrx_word' id='word_1_415' title='bbox 1263 1716 1407 1749; x_wconf 86' lang='lat' dir='ltr'>eiusdem</span> <span class='ocrx_word' id='word_1_416' title='bbox 1432 1715 1523 1749; x_wconf 86' lang='lat' dir='ltr'>Sedis</span> <span class='ocrx_word' id='word_1_417' title='bbox 1549 1715 1687 1748; x_wconf 86' lang='lat' dir='ltr'>nuncios</span> <span class='ocrx_word' id='word_1_418' title='bbox 1706 1741 1713 1755; x_wconf 94' lang='lat'>‚</span> <span class='ocrx_word' id='word_1_419' title='bbox 1751 1714 1871 1748; x_wconf 86' lang='lat' dir='ltr'>aliosve</span> <span class='ocrx_word' id='word_1_420' title='bbox 1907 1725 2003 1758; x_wconf 86' lang='lat' dir='ltr'>quos-</span> 
     </span>
     <span class='ocr_line' id='line_1_78' title="bbox 1263 1765 2004 1812; baseline -0.001 -10"><span class='ocrx_word' id='word_1_421' title='bbox 1263 1769 1341 1802; x_wconf 89' lang='lat' dir='ltr'>libet</span> <span class='ocrx_word' id='word_1_422' title='bbox 1365 1779 1567 1812; x_wconf 88' lang='lat' dir='ltr'>quacumque</span> <span class='ocrx_word' id='word_1_423' title='bbox 1584 1765 1842 1812; x_wconf 59' lang='lat' dir='ltr'>praeeminentia</span> <span class='ocrx_word' id='word_1_424' title='bbox 1860 1772 1893 1800; x_wconf 88' lang='lat' dir='ltr'>et</span> <span class='ocrx_word' id='word_1_425' title='bbox 1911 1773 2004 1812; x_wconf 88' lang='lat' dir='ltr'>pote-</span> 
     </span>
     <span class='ocr_line' id='line_1_79' title="bbox 1261 1821 2002 1865; baseline -0.001 -10"><span class='ocrx_word' id='word_1_426' title='bbox 1261 1828 1341 1855; x_wconf 80' lang='lat' dir='ltr'>state</span> <span class='ocrx_word' id='word_1_427' title='bbox 1368 1823 1538 1865; x_wconf 78' lang='lat' dir='ltr'>fungentes</span> <span class='ocrx_word' id='word_1_428' title='bbox 1565 1827 1596 1855; x_wconf 88' lang='lat' dir='ltr'>et</span> <span class='ocrx_word' id='word_1_429' title='bbox 1623 1822 1942 1862; x_wconf 74' lang='lat' dir='ltr'>functuros‚sublata</span> <span class='ocrx_word' id='word_1_430' title='bbox 1956 1821 2002 1855; x_wconf 89' lang='lat' dir='ltr'>eis</span> 
     </span>
     <span class='ocr_line' id='line_1_80' title="bbox 1261 1873 2004 1917; baseline -0.001 -9"><span class='ocrx_word' id='word_1_431' title='bbox 1261 1881 1293 1908; x_wconf 88' lang='lat' dir='ltr'>et</span> <span class='ocrx_word' id='word_1_432' title='bbox 1325 1885 1439 1908; x_wconf 88' lang='lat' dir='ltr'>eorum</span> <span class='ocrx_word' id='word_1_433' title='bbox 1477 1874 1612 1908; x_wconf 86' lang='lat' dir='ltr'>cuilibet</span> <span class='ocrx_word' id='word_1_434' title='bbox 1647 1875 1761 1917; x_wconf 87' lang='lat' dir='ltr'>quavis</span> <span class='ocrx_word' id='word_1_435' title='bbox 1794 1874 1891 1908; x_wconf 88' lang='lat' dir='ltr'>aliter</span> <span class='ocrx_word' id='word_1_436' title='bbox 1922 1873 2004 1908; x_wconf 86' lang='lat' dir='ltr'>iudi-</span> 
     </span>
     <span class='ocr_line' id='line_1_81' title="bbox 1261 1927 2003 1970; baseline -0.001 -9"><span class='ocrx_word' id='word_1_437' title='bbox 1261 1928 1354 1961; x_wconf 89' lang='lat' dir='ltr'>candi</span> <span class='ocrx_word' id='word_1_438' title='bbox 1382 1932 1413 1961; x_wconf 90' lang='lat' dir='ltr'>et</span> <span class='ocrx_word' id='word_1_439' title='bbox 1440 1927 1676 1970; x_wconf 87' lang='lat' dir='ltr'>interpretandi</span> <span class='ocrx_word' id='word_1_440' title='bbox 1701 1927 1852 1960; x_wconf 81' lang='lat' dir='ltr'>facultate</span> <span class='ocrx_word' id='word_1_441' title='bbox 1884 1932 1916 1960; x_wconf 90' lang='lat' dir='ltr'>et</span> <span class='ocrx_word' id='word_1_442' title='bbox 1947 1936 2003 1960; x_wconf 88' lang='lat' dir='ltr'>au-</span> 
     </span>
     <span class='ocr_line' id='line_1_82' title="bbox 1260 1979 2003 2020; baseline 0 -7"><span class='ocrx_word' id='word_1_443' title='bbox 1260 1980 1426 2020; x_wconf 84' lang='lat' dir='ltr'>ctoritate,</span> <span class='ocrx_word' id='word_1_444' title='bbox 1452 1979 1592 2013; x_wconf 85' lang='lat' dir='ltr'>iudicari</span> <span class='ocrx_word' id='word_1_445' title='bbox 1612 1979 1787 2012; x_wconf 80' lang='lat' dir='ltr'>etdefiniri</span> <span class='ocrx_word' id='word_1_446' title='bbox 1803 1980 1946 2020; x_wconf 86' lang='lat' dir='ltr'>debere;</span> <span class='ocrx_word' id='word_1_447' title='bbox 1967 1990 2003 2013; x_wconf 87' lang='lat' dir='ltr'>ac</span> 
     </span>
     <span class='ocr_line' id='line_1_83' title="bbox 1259 2032 2000 2076; baseline -0.001 -9"><span class='ocrx_word' id='word_1_448' title='bbox 1259 2034 1391 2067; x_wconf 88' lang='lat' dir='ltr'>irritum</span> <span class='ocrx_word' id='word_1_449' title='bbox 1417 2039 1450 2067; x_wconf 87' lang='lat' dir='ltr'>et</span> <span class='ocrx_word' id='word_1_450' title='bbox 1473 2033 1571 2066; x_wconf 90' lang='lat' dir='ltr'>inane</span> <span class='ocrx_word' id='word_1_451' title='bbox 1596 2032 1621 2065; x_wconf 87' lang='lat' dir='ltr'>si</span> <span class='ocrx_word' id='word_1_452' title='bbox 1652 2043 1749 2065; x_wconf 82' lang='lat' dir='ltr'>secus</span> <span class='ocrx_word' id='word_1_453' title='bbox 1783 2043 1884 2076; x_wconf 83' lang='lat' dir='ltr'>super</span> <span class='ocrx_word' id='word_1_454' title='bbox 1907 2033 1958 2066; x_wconf 92' lang='lat' dir='ltr'>his</span> <span class='ocrx_word' id='word_1_455' title='bbox 1983 2043 2000 2066; x_wconf 83' lang='lat' dir='ltr'>a</span> 
     </span>
     <span class='ocr_line' id='line_1_84' title="bbox 1260 2085 2000 2131; baseline -0.003 -10"><span class='ocrx_word' id='word_1_456' title='bbox 1260 2097 1426 2131; x_wconf 84' lang='lat' dir='ltr'>quoquam</span> <span class='ocrx_word' id='word_1_457' title='bbox 1447 2113 1453 2126; x_wconf 91' lang='lat'>,</span> <span class='ocrx_word' id='word_1_458' title='bbox 1487 2086 1599 2129; x_wconf 82' lang='lat' dir='ltr'>quavis</span> <span class='ocrx_word' id='word_1_459' title='bbox 1624 2085 1830 2127; x_wconf 86' lang='lat' dir='ltr'>auctoritate,</span> <span class='ocrx_word' id='word_1_460' title='bbox 1857 2085 2000 2119; x_wconf 85' lang='lat' dir='ltr'>scienter</span> 
     </span>
     <span class='ocr_line' id='line_1_85' title="bbox 1260 2139 1953 2183; baseline -0.004 -8"><span class='ocrx_word' id='word_1_461' title='bbox 1260 2142 1309 2175; x_wconf 92' lang='lat' dir='ltr'>vel</span> <span class='ocrx_word' id='word_1_462' title='bbox 1341 2141 1556 2183; x_wconf 79' lang='lat' dir='ltr'>ignoranter,</span> <span class='ocrx_word' id='word_1_463' title='bbox 1586 2139 1762 2182; x_wconf 82' lang='lat' dir='ltr'>contigerit</span> <span class='ocrx_word' id='word_1_464' title='bbox 1786 2139 1953 2172; x_wconf 83' lang='lat' dir='ltr'>attentari.</span> 
     </span>
    </p>

    <p class='ocr_par' dir='ltr' id='par_1_9' title="bbox 1260 2191 2000 2661">
     <span class='ocr_line' id='line_1_86' title="bbox 1304 2191 1998 2237; baseline -0.003 -10"><span class='ocrx_word' id='word_1_465' title='bbox 1304 2195 1318 2237; x_wconf 66' lang='grc' dir='ltr'>,ξ</span> <span class='ocrx_word' id='word_1_466' title='bbox 1343 2194 1374 2227; x_wconf 78' lang='grc'>6.</span> <span class='ocrx_word' id='word_1_467' title='bbox 1402 2193 1469 2227; x_wconf 88' lang='lat' dir='ltr'>Non</span> <span class='ocrx_word' id='word_1_468' title='bbox 1500 2192 1705 2226; x_wconf 86' lang='lat' dir='ltr'>obstantibus</span> <span class='ocrx_word' id='word_1_469' title='bbox 1730 2191 1932 2235; x_wconf 86' lang='lat' dir='ltr'>praemissis,</span> <span class='ocrx_word' id='word_1_470' title='bbox 1951 2202 1998 2233; x_wconf 86' lang='lat' dir='ltr'>ac,</span> 
     </span>
     <span class='ocr_line' id='line_1_87' title="bbox 1260 2244 1999 2291; baseline 0 -12"><span class='ocrx_word' id='word_1_471' title='bbox 1260 2252 1418 2291; x_wconf 85' lang='lat' dir='ltr'>quatenus</span> <span class='ocrx_word' id='word_1_472' title='bbox 1432 2256 1513 2289; x_wconf 90' lang='lat' dir='ltr'>opus</span> <span class='ocrx_word' id='word_1_473' title='bbox 1532 2245 1582 2284; x_wconf 86' lang='lat' dir='ltr'>sit,</span> <span class='ocrx_word' id='word_1_474' title='bbox 1604 2247 1714 2278; x_wconf 76' lang='lat' dir='ltr'>nostra</span> <span class='ocrx_word' id='word_1_475' title='bbox 1735 2244 1999 2279; x_wconf 85' lang='lat' dir='ltr'>etCancellariae</span> 
     </span>
     <span class='ocr_line' id='line_1_88' title="bbox 1261 2297 1998 2343; baseline 0 -11"><span class='ocrx_word' id='word_1_476' title='bbox 1261 2300 1460 2343; x_wconf 88' lang='lat' dir='ltr'>apostolicae</span> <span class='ocrx_word' id='word_1_477' title='bbox 1487 2300 1600 2341; x_wconf 67' lang='lat' dir='ltr'>regula</span> <span class='ocrx_word' id='word_1_478' title='bbox 1625 2299 1664 2331; x_wconf 86' lang='lat' dir='ltr'>(le</span> <span class='ocrx_word' id='word_1_479' title='bbox 1683 2298 1754 2330; x_wconf 92' lang='lat' dir='ltr'>iure</span> <span class='ocrx_word' id='word_1_480' title='bbox 1770 2297 1915 2341; x_wconf 85' lang='lat' dir='ltr'>quaesito</span> <span class='ocrx_word' id='word_1_481' title='bbox 1934 2308 1998 2332; x_wconf 89' lang='lat' dir='ltr'>non</span> 
     </span>
     <span class='ocr_line' id='line_1_89' title="bbox 1262 2350 2000 2394; baseline -0.001 -9"><span class='ocrx_word' id='word_1_482' title='bbox 1262 2352 1421 2391; x_wconf 86' lang='lat' dir='ltr'>tollendo,</span> <span class='ocrx_word' id='word_1_483' title='bbox 1447 2351 1585 2394; x_wconf 89' lang='lat' dir='ltr'>aliisque</span> <span class='ocrx_word' id='word_1_484' title='bbox 1610 2350 1810 2393; x_wconf 85' lang='lat' dir='ltr'>apostolicis,</span> <span class='ocrx_word' id='word_1_485' title='bbox 1827 2361 1862 2384; x_wconf 89' lang='lat' dir='ltr'>ac</span> <span class='ocrx_word' id='word_1_486' title='bbox 1882 2351 1914 2383; x_wconf 91' lang='lat' dir='ltr'>in</span> <span class='ocrx_word' id='word_1_487' title='bbox 1932 2351 2000 2384; x_wconf 88' lang='lat' dir='ltr'>uni-</span> 
     </span>
     <span class='ocr_line' id='line_1_90' title="bbox 1261 2402 1999 2448; baseline 0.001 -11"><span class='ocrx_word' id='word_1_488' title='bbox 1261 2405 1441 2438; x_wconf 78' lang='lat' dir='ltr'>versalibus</span> <span class='ocrx_word' id='word_1_489' title='bbox 1481 2402 1801 2447; x_wconf 72' lang='lat' dir='ltr'>provincialibusque</span> <span class='ocrx_word' id='word_1_490' title='bbox 1839 2408 1871 2437; x_wconf 84' lang='lat' dir='ltr'>et</span> <span class='ocrx_word' id='word_1_491' title='bbox 1902 2414 1999 2448; x_wconf 76' lang='lat' dir='ltr'>syno-</span> 
     </span>
     <span class='ocr_line' id='line_1_91' title="bbox 1261 2456 1997 2500; baseline 0 -9"><span class='ocrx_word' id='word_1_492' title='bbox 1261 2458 1388 2491; x_wconf 87' lang='lat' dir='ltr'>dalibus</span> <span class='ocrx_word' id='word_1_493' title='bbox 1412 2457 1560 2491; x_wconf 88' lang='lat' dir='ltr'>conciliis</span> <span class='ocrx_word' id='word_1_494' title='bbox 1586 2456 1692 2497; x_wconf 77' lang='lat' dir='ltr'>editis,</span> <span class='ocrx_word' id='word_1_495' title='bbox 1720 2457 1928 2500; x_wconf 80' lang='lat' dir='ltr'>generalibus</span> <span class='ocrx_word' id='word_1_496' title='bbox 1949 2459 1997 2491; x_wconf 88' lang='lat' dir='ltr'>vel</span> 
     </span>
     <span class='ocr_line' id='line_1_92' title="bbox 1261 2509 1999 2554; baseline 0 -11"><span class='ocrx_word' id='word_1_497' title='bbox 1261 2510 1465 2554; x_wconf 86' lang='lat' dir='ltr'>specialibus,</span> <span class='ocrx_word' id='word_1_498' title='bbox 1493 2509 1783 2543; x_wconf 86' lang='lat' dir='ltr'>constitutionibus</span> <span class='ocrx_word' id='word_1_499' title='bbox 1818 2515 1848 2544; x_wconf 86' lang='lat' dir='ltr'>et</span> <span class='ocrx_word' id='word_1_500' title='bbox 1869 2510 1999 2544; x_wconf 88' lang='lat' dir='ltr'>ordina-</span> 
     </span>
     <span class='ocr_line' id='line_1_93' title="bbox 1262 2563 1998 2607; baseline 0 -11"><span class='ocrx_word' id='word_1_501' title='bbox 1262 2563 1436 2603; x_wconf 84' lang='lat' dir='ltr'>tionibus,</span> <span class='ocrx_word' id='word_1_502' title='bbox 1477 2573 1605 2596; x_wconf 87' lang='lat' dir='ltr'>necnon</span> <span class='ocrx_word' id='word_1_503' title='bbox 1642 2563 1804 2607; x_wconf 82' lang='lat' dir='ltr'>praefatae</span> <span class='ocrx_word' id='word_1_504' title='bbox 1841 2563 1998 2597; x_wconf 84' lang='lat' dir='ltr'>ecclesiae</span> 
     </span>
     <span class='ocr_line' id='line_1_94' title="bbox 1262 2614 1998 2661; baseline 0 -11"><span class='ocrx_word' id='word_1_505' title='bbox 1262 2616 1449 2657; x_wconf 79' lang='lat' dir='ltr'>Abulensis,</span> <span class='ocrx_word' id='word_1_506' title='bbox 1476 2621 1507 2650; x_wconf 89' lang='lat' dir='ltr'>et</span> <span class='ocrx_word' id='word_1_507' title='bbox 1531 2615 1602 2650; x_wconf 86' lang='lat' dir='ltr'>aliis</span> <span class='ocrx_word' id='word_1_508' title='bbox 1627 2615 1804 2661; x_wconf 51' lang='lat' dir='ltr'>quibusvis</span> <span class='ocrx_word' id='word_1_509' title='bbox 1831 2615 1927 2650; x_wconf 84' lang='lat' dir='ltr'>etiam</span> <span class='ocrx_word' id='word_1_510' title='bbox 1950 2614 1998 2649; x_wconf 88' lang='lat' dir='ltr'>iu-</span> 
     </span>
    </p>
   </div>
   <div class='ocr_carea' id='block_1_7' title="bbox 2013 234 2201 262">
    <p class='ocr_par' dir='ltr' id='par_1_10' title="bbox 2013 234 2201 262">
     <span class='ocr_line' id='line_1_95' title="bbox 2013 234 2201 262; baseline 0.005 -2"><span class='ocrx_word' id='word_1_511' title='bbox 2013 234 2064 260; x_wconf 77' lang='lat' dir='ltr'>An.</span> <span class='ocrx_word' id='word_1_512' title='bbox 2080 235 2109 261; x_wconf 89' lang='lat' dir='ltr'>C.</span> <span class='ocrx_word' id='word_1_513' title='bbox 2133 234 2201 262; x_wconf 74' lang='lat'>¹709</span> 
     </span>
    </p>
   </div>
   <div class='ocr_carea' id='block_1_8' title="bbox 2009 2198 2194 2247">
    <p class='ocr_par' dir='ltr' id='par_1_11' title="bbox 2009 2198 2194 2247">
     <span class='ocr_line' id='line_1_96' title="bbox 2080 2198 2194 2224; baseline 0.009 -5"><span class='ocrx_word' id='word_1_514' title='bbox 2080 2198 2194 2224; x_wconf 61' lang='lat' dir='ltr'>Darogatio</span> 
     </span>
     <span class='ocr_line' id='line_1_97' title="bbox 2009 2226 2171 2247; baseline 0.006 -1"><span class='ocrx_word' id='word_1_515' title='bbox 2009 2226 2171 2247; x_wconf 71' lang='lat' dir='ltr'>eoiilrarluium.</span> 
     </span>
    </p>
   </div>
   <div class='ocr_carea' id='block_1_9' title="bbox 2249 1775 2269 2825">
    <p class='ocr_par' dir='ltr' id='par_1_12' title="bbox 2249 1775 2269 2825">
     <span class='ocr_line' id='line_1_98' title="bbox 2249 1775 2269 2825; baseline 0 0"><span class='ocrx_word' id='word_1_516' title='bbox 2249 1775 2269 2825; x_wconf 95' lang='lat' dir='ltr'> </span> 
     </span>
    </p>
   </div>
  </div>
 </body>
</html>
