2269 3203
502 189 567 223 982
1051 200 1226 225 sumanzu
1252 200 1403 225 nomnru

545 252 584 286 de
611 252 749 297 primatu
775 257 884 286 contra
909 252 1055 286 eremitas
1087 253 1115 286 S.
1141 253 1304 297 Augustini
1341 253 1524 297 provinciae
1556 253 1697 287 Nominis
1729 253 1799 287 Iesu
1819 254 1993 288 confirma·

546 311 607 346 tur,
636 306 677 339 75
702 307 742 346 b,·
769 306 936 350 praedictis
963 306 1144 350 provinciae
1168 307 1310 340 Baeticae
1336 307 1496 340 decretum
1526 308 1787 351 Congregationis
1812 308 1940 342 Rituum
1959 309 1998 341 de

545 359 757 393 celebratione
788 359 900 393 missae
927 360 957 392 Β.
984 360 1019 392 Μ,
1047 360 1078 391 V.
1104 359 1236 402 singulis
1261 360 1399 393 sabbatis
1424 360 1515 400 anni,
1536 360 1600 393 10⁶2
1624 361 1663 399 b‚·
1689 361 1760 394 item
1786 372 1844 404 pro
1871 361 1996 394 minori-

546 412 605 445 bus
625 413 823 445 Discalceatis
840 412 1020 456 provinciae
1039 413 1226 454 Mexicanae,
1243 413 1308 446 ⁶2:30
1329 425 1368 450 a:
1386 419 1414 447 et
1431 414 1570 447 ciusdem
1592 415 1772 458 provinciae
1793 414 1996 458 provinciali,

544 475 583 498 ne
606 465 666 498 iuri
692 465 881 509 precedendi
906 465 1045 499 eremitis
1070 465 1100 498 S.
1128 466 1305 508 Augustini,
1326 467 1444 510 absque
1468 477 1624 500 consensu
1648 467 1818 501 definitorii
1836 473 1865 500 et
1881 467 1996 500 discre-

547 518 639 559 torii‚
659 519 809 551 nuncium
832 518 1023 557 remitteret,
1043 518 1218 560 mandatur,
1239 518 1297 551 ⁶241
1320 519 1354 559 123
1382 520 1557 553 minoribus
1579 520 1726 564 praefatis
1751 520 1886 553 familiae
1903 521 1997 553 ultra-

544 577 711 605 montanae
735 571 897 605 decrctnm
925 571 1184 614 Congregationis
1207 572 1430 616 episcoporum
1459 579 1489 606 et
1514 574 1708 616 regularium
1740 574 1779 606 de
1806 573 1997 607 instituendo

544 630 749 668 procuratore
774 625 913 668 generali
931 625 962 657 in
981 624 1064 658 Urbe
1083 635 1142 668 pro
1159 624 1288 665 eisdem,
1305 636 1376 657 cum
1394 626 1581 669 quibusdam
1599 627 1850 660 ordinationibus
1862 653 1869 667 ,
1886 626 1999 660 confir-

544 683 669 718 matur,
690 677 753 711 ⁶296
779 678 817 717 b,·
842 677 1016 711 Minoribus
1045 677 1244 710 Discalceatis
1269 678 1435 711 strictioris
1460 679 1679 713 observantiae
1703 680 1866 723 privilegia
1891 685 1921 713 et
1945 679 1998 713 de-

546 736 631 764 creta
662 731 925 774 Congrcgationis
961 730 1182 774 episcoporum
1216 734 1246 764 et
1278 731 1471 773 regularium
1505 742 1543 764 ne
1576 733 1645 775 quis
1678 732 1738 765 illis
1766 733 1997 776 eleemosynam

545 794 698 827 quaerere
731 789 850 817 vetaret
881 784 1120 824 confirmantur,
1147 782 1210 815 763
1242 794 1262 815 a
1294 788 1324 816 et
1360 794 1437 828 seq.;
1462 784 1578 817 eisdem
1606 785 1636 818 in
1662 786 1793 819 Brasilia
1818 786 1999 819 constitutio

545 837 711 871 Clementis
737 837 763 870 Χ
789 848 849 881 qua
876 843 1018 870 revocata
1044 838 1130 870 suere
1155 843 1185 870 et.
1209 837 1238 870 in
1267 841 1427 880 posterum
1447 838 1608 881 prohibita
1632 839 1795 882 privilegia
1819 839 1998 882 personalia

545 890 765 929 confirmatur,
792 889 855 923 806
880 895 909 923 et
933 901 1009 933 seq.;
1035 890 1203 934 praedictis
1239 890 1420 934 provinciae
1444 891 1473 924 S.
1499 891 1623 924 Antonii
1650 891 1680 924 in
1711 892 1868 924 Lusitania
1892 891 1999 926 decre-

544 948 609 976 tum
634 943 892 986 Congu-egationis
917 943 1139 988 episcoporum
1165 949 1195 977 et
1226 944 1420 987 regularium
1449 944 1487 978 de
1514 944 1699 978 alternativa
1724 945 1900 978 officiorum
1927 955 1999 979 con.

545 996 700 1036 firmatur,
725 994 789 1029 878
814 997 831 1029 b
856 1002 884 1029 et
910 1007 969 1040 seq.

455 1048 589 1082 Minores
613 1049 651 1082 de
675 1049 879 1083 observantia
905 1050 1083 1083 Recollecti.
1101 1069 1144 1074 -
1164 1050 1337 1084 Minoribus
1357 1050 1394 1083 de
1427 1050 1631 1084 Observantia
1657 1050 1841 1084 Recollectis
1864 1050 1998 1094 provin-

540 1103 606 1136 ciae
631 1103 867 1146 Argentinensis
891 1103 1054 1136 dcci-etum
1086 1102 1257 1136 definitorii
1283 1103 1441 1146 generalis
1465 1102 1670 1145 eorumdem,
1693 1113 1756 1146 quo
1781 1103 1928 1136 statuitur
1965 1106 1997 1136 ut

542 1156 703 1200 provincia
728 1157 921 1190 Coloniensis
946 1157 1090 1190 restituat
1114 1156 1295 1200 provinciae
1320 1156 1540 1200 Argentinensi
1565 1162 1701 1200 quatuor
1725 1156 1890 1198 coenobia,
1916 1166 1994 1189 con-

543 1209 698 1248 firmatur,
724 1210 743 1242 5
764 1220 784 1242 a
808 1215 837 1242 ct
862 1210 888 1242 b.

458 1263 592 1296 Minores
616 1262 653 1295 de
679 1262 882 1296 Observantia
908 1263 1088 1297 Rcsorniati.
1106 1283 1147 1287 —
1169 1263 1324 1297 Minorum
1357 1263 1395 1296 de
1419 1263 1624 1296 Observantia
1648 1263 1900 1297 Reformatorum
1924 1263 1998 1295 mis-

544 1316 690 1349 sionariis
716 1316 745 1349 in
771 1316 928 1359 AEthiopia
953 1317 1118 1360 privilegia
1142 1317 1423 1361 exprovincialium
1445 1316 1671 1358 conceduntur,
1690 1316 1730 1350 97
1750 1327 1769 1349 α
1789 1320 1819 1350 et
1837 1316 1873 1356 ἰν,
1900 1316 1997 1349 Mino-

546 1369 633 1402 ribus
658 1369 846 1402 Resormatis
870 1369 1050 1413 provinciae
1073 1370 1103 1403 S.
1122 1370 1247 1404 Antonii
1274 1370 1304 1402 in
1330 1380 1429 1412 regno
1447 1369 1657 1412 Portugauiae
1684 1370 1846 1402 decretum
1864 1369 1998 1411 Congre-

544 1421 678 1463 gationis
704 1422 924 1466 episcoporum
950 1428 979 1455 et
1004 1423 1200 1465 regularium
1225 1423 1405 1466 approbans
1430 1422 1615 1455 divisionem
1641 1422 1742 1454 dictae
1766 1422 1947 1465 provinciae
1965 1422 1996 1453 in

544 1475 622 1507 duas
646 1474 703 1507 sub
720 1475 813 1507 certis
831 1475 1064 1508 conditionibus
1089 1475 1305 1517 confirmatur,
1323 1474 1386 1508 0229
1413 1475 1452 1513 b,·
1479 1470 1786 1508 Minoribuseisdem
1814 1474 1994 1518 provinciae

545 1526 574 1561 S.
600 1527 705 1560 Didaei
726 1527 884 1571 Papiensis
904 1527 1064 1561 decretum
1086 1528 1344 1571 Congregationis
1369 1528 1591 1571 episcoporum
1617 1531 1646 1561 et
1671 1527 1865 1570 regularium
1891 1527 1929 1559 de
1946 1537 1994 1559 ra-

546 1581 629 1613 tione
653 1580 797 1612 habenda
822 1579 918 1612 solius
943 1580 1046 1613 meriti
1065 1580 1095 1612 in
1111 1580 1316 1614 electionibus
1341 1580 1526 1613 eorumdem
1553 1580 1769 1621 confirmatur,
1788 1580 1846 1613 341
1869 1592 1887 1613 ιι
1906 1585 1936 1613 et
1957 1581 1996 1619 ῥ’,

546 1644 605 1678 pro
630 1633 803 1667 Minoribus
828 1633 1015 1666 aeson-matis
1040 1634 1220 1676 provinciae
1245 1633 1465 1677 Conceptionis
1490 1634 1522 1666 B.
1552 1634 1590 1665 M.
1618 1633 1757 1666 fluminis
1784 1633 1932 1675 Ianuarii,
1957 1633 1998 1665 si-

545 1692 597 1720 cut
616 1692 645 1719 et
662 1697 719 1731 pro
740 1686 777 1719 iis
797 1686 977 1729 provinciae
995 1686 1023 1719 S.
1042 1687 1166 1720 Antonii
1192 1687 1353 1720 Bahiensis
1379 1686 1409 1718 in
1435 1686 1575 1726 Brasilia,
1597 1686 1725 1719 facultas
1751 1686 1885 1729 eligendi
1911 1696 1997 1719 com-

547 1740 707 1773 missarios
732 1739 908 1772 visitatores
925 1749 961 1772 ex
987 1739 1128 1782 ipsorum
1154 1739 1316 1783 provincia
1342 1738 1542 1780 conceditur,
1562 1738 1624 1772 772
1649 1739 1665 1771 b
1690 1743 1719 1772 et
1742 1750 1821 1783 seq.;
1850 1738 1997 1782 praefatis

546 1792 726 1837 provinciae
752 1792 848 1825 sancti
874 1793 993 1825 Nic-olai
1019 1792 1182 1825 decretum
1208 1792 1468 1835 Congregationis
1493 1792 1715 1835 episcoporum
1743 1797 1771 1824 et
1802 1791 1997 1834 regularium

546 1846 584 1878 de
611 1846 733 1879 ratione
753 1845 912 1878 faciendae
938 1845 1099 1878 electionis
1119 1844 1302 1878 officialium
1327 1845 1544 1886 confirmatur,
1565 1844 1628 1878 8:32
1654 1857 1673 1878 α
1699 1851 1726 1877 et
1751 1845 1783 1885 b}
1808 1855 1867 1888 pro
1887 1844 1998 1877 iisdem

544 1899 717 1933 Minoribus
742 1898 780 1931 de
803 1898 1009 1931 Observantia
1033 1898 1222 1931 Reformatis
1248 1903 1362 1931 statuta
1387 1899 1540 1942 quaedam
1567 1898 1778 1941 capitulorum
1803 1897 1997 1940 generalium

544 1952 728 1985 eorumdem
753 1952 792 1984 de
812 1951 984 1995 privilegiis
1012 1952 1186 1992 lectorum,
1218 1951 1471 1995 praedicatorum
1498 1956 1528 1984 et
1554 1951 1779 1994 magistrorum
1804 1951 1997 1984 novitiorum

545 2005 722 2045 abolentur,
738 2004 803 2038 845
816 2005 833 2037 b
851 2009 880 2038 et
896 2015 956 2049 seq.
971 2016 977 2044 ;
999 2004 1118 2038 eisdem
1139 2004 1301 2039 decretum
1320 2004 1583 2047 Congregationis
1600 2004 1798 2049 particularis
1815 2004 1852 2038 de
1870 2004 1997 2038 abolen-

544 2059 591 2092 dis
615 2058 791 2103 privilegiis
814 2068 831 2090 a
855 2058 999 2102 capitulis
1027 2052 1228 2101 generalibus
1253 2057 1426 2091 lectoribus
1456 2058 1614 2092 concessis
1639 2058 1866 2098 confirmatur,
1890 2056 1954 2090 842
1980 2057 1997 2090 b

544 2117 575 2144 et
597 2122 678 2155 seq:
699 2116 733 2144 ut
757 2111 894 2144 Minores
918 2111 989 2144 laici
1016 2111 1179 2144 reformati
1211 2110 1241 2143 in
1275 2121 1373 2154 regno
1406 2110 1531 2144 Siciliae
1563 2116 1761 2155 praestarent
1784 2112 1997 2144 iuramentum

546 2164 676 2199 cedendi
705 2164 959 2208 praecedentiam
986 2164 1109 2197 clericis
1134 2164 1240 2198 statuit
1264 2164 1465 2198 Innocentius
1494 2164 1570 2204 XIII,
1596 2164 1654 2197 881
1685 2165 1701 2197 b
1726 2170 1756 2197 et
1778 2175 1861 2208 seq.;
1879 2163 1996 2196 eisdem

546 2217 795 2261 poenitentiariis
820 2217 848 2250 S.
872 2218 996 2251 Ioannis
1022 2217 1052 2249 in
1076 2217 1228 2250 Laterano
1254 2217 1291 2250 de
1317 2217 1400 2250 Urbe
1425 2217 1590 2261 privilegia
1615 2217 1896 2261 exprovincialium
1922 2226 1996 2249 cona

548 2271 719 2311 ceduntur,
745 2269 808 2303 888
834 2282 852 2303 cz
878 2276 905 2303 et
932 2281 991 2314 seq.

460 2321 595 2358 Minores
619 2324 713 2357 Tertii
738 2324 864 2357 Ordinis
890 2344 955 2357 .—-
972 2324 1050 2368 Ipsis
1075 2324 1105 2356 in
1131 2324 1290 2356 Lusitania
1315 2324 1476 2357 decretum
1497 2322 1754 2366 Congrcgationis
1772 2323 1996 2367 episcoporum

548 2382 578 2410 et
602 2377 795 2420 regularium
820 2377 858 2410 de
890 2377 1101 2410 celebratione
1136 2377 1345 2420 capitulorum
1382 2383 1412 2409 et
1445 2377 1727 2420 congregationum
1760 2377 1996 2419 provinciarum

550 2430 727 2463 Lusitaniae
751 2435 781 2463 et
804 2430 1026 2473 Algarbiorum
1051 2429 1272 2469 confirmatur,
1297 2429 1338 2462 43
1363 2430 1379 2461 b
1394 2441 1406 2469 ,⁴
1429 2430 1611 2463 eorumdem
1635 2429 1776 2462 ecclesiis
1803 2429 1995 2471 indulgentia

549 2484 690 2527 plenaria
722 2489 872 2527 perpetua
903 2484 932 2516 in
966 2483 1051 2516 sestis
1076 2483 1121 2516 Ss.
1153 2483 1301 2516 Ludoviri
1338 2489 1367 2516 et
1403 2484 1598 2516 Elisabctliae
1638 2483 1844 2523 conceditur,
1869 2482 1927 2515 0291
1959 2483 1994 2523 b;

550 2548 608 2580 pro
628 2537 745 2570 eisdem
767 2537 947 2581 provinciae
969 2536 1196 2579 Lugdunensis,
1213 2543 1256 2578 ut,
1275 2537 1443 2570 decedente
1461 2536 1604 2569 minIstro
1625 2536 1809 2580 provinciali
1833 2546 1885 2569 sex
1909 2545 1996 2569 men-

549 2590 635 2627 sibus
667 2595 737 2623 ante
764 2590 953 2637 capitulum,
980 2590 1114 2623 vicarius
1138 2590 1294 2635 generalis
1320 2600 1381 2623 non
1413 2590 1607 2634 eligeretur,
1625 2589 1824 2631 conceditur,
1845 2588 1904 2622 3:31
1935 2599 1953 2623 a
1979 2598 1995 2624 e

2253 3091 2258 3093 '
2253 2955 2269 3055 §nze-‚n
2262 2891 2269 2915 ,ι
2263 2866 2267 2871 ·
2264 2818 2269 2826 «.
