2269 3203
71 223 120 251 Αη.
135 222 165 251 C.
187 221 255 251 17¹3

106 2507 266 2530 (sanaturum

82 2535 201 2561 derogatio.

891 220 1034 245 CLEMENS
1063 220 1094 244 xt
1119 220 1168 244 ΓΡ.

266 270 345 311 dari,
365 271 542 311 retractari,
559 271 589 304 in
612 269 865 304 controversiam
884 269 1002 309 vocari,

266 330 319 357 aut
338 325 376 359 ad
397 325 553 359 terminos
580 325 658 358 iuris
685 323 806 362 reduci,
825 333 880 356 seu
899 323 1007 356 adrer-

266 389 319 411 sus
345 380 416 412 illas
440 377 631 423 aperitionis
647 377 721 416 oris,
741 375 956 409 restitutionis
975 375 1006 408 in

267 432 431 474 integrum
447 459 454 471 ‚
479 431 605 464 aliudve
641 430 869 473 quodcumque
905 428 983 461 iuris
999 456 1006 468 ,

268 485 341 518 tacti
360 486 408 518 vel
429 484 550 528 gratiae
576 483 756 516 remedium
785 482 935 515 intentari
960 482 1007 515 rel

267 538 445 581 impetrari,
460 543 513 570 aut
528 537 710 580 impetrato,
726 546 783 569 seu
800 535 894 568 etiam
909 541 1007 574 motu,

267 591 404 624 scientia
438 597 468 625 et
493 583 663 635 potestatis
697 590 899 633 plenitudine
926 589 1008 632 pari-

267 644 326 676 bus
344 654 499 676 concesso
519 644 565 676 vcl
589 647 751 681 emanato,
771 642 954 685 quempiam
977 641 1007 674 in

268 695 389 729 iudicio
415 697 463 729 vel
490 701 579 728 extra
596 695 674 728 illud
701 695 745 727 uti
772 704 880 727 sense
903 694 1009 727 iurare

268 749 335 781 ullo
360 749 454 782 modo
479 759 597 792 posse3
625 748 681 781 scd
709 747 795 791 ipsas
821 752 1008 791 praesentes

268 801 392 835 litteras
416 812 553 846 semper·
570 801 689 841 firmas,
707 801 830 835 valitlas
857 806 888 834 et
906 800 1010 833 effica-

269 866 323 888 ces
355 855 496 888 existere
522 860 555 888 et.
581 855 664 896 sore,
690 865 736 896 ae,
753 854 1010 899 quibuscumque

270 907 347 941 iuris
373 918 427 941 seu
456 908 528 941 sacti
556 908 752 945 defectibus,
779 908 832 950 qui
859 908 1012 940 adversus

271 961 341 995 illas
373 972 390 994 a
415 962 574 995 saeculari
611 962 813 1004 potissinuun
849 965 1011 1004 potestate.

271 1024 326 1047 sen
358 1014 525 1058 praedicto
560 1020 705 1048 assertae
737 1014 947 1047 monarchiae
968 1013 1013 1045 Si-

271 1068 362 1101 culae
388 1067 552 1106 tribunali,
575 1068 613 1100 ad
640 1068 785 1100 effectum
812 1066 1011 1110 impediendi

271 1131 326 1153 seu
345 1120 529 1153 retardandi
550 1131 661 1154 earum
680 1120 1013 1162 exoc1ni0nc111.quo-

273 1175 317 1206 vis
343 1174 440 1206 niodo
474 1184 529 1206 seu
563 1184 598 1206 ex
626 1173 738 1218 quavis
772 1175 864 1206 ‹tansa
890 1172 1012 1216 opponi

272 1237 327 1259 seu
354 1226 451 1259 obiici
477 1232 627 1270 possent,
655 1226 787 1259 minime
815 1225 1010 1268 refraganti-

271 1279 346 1319 bus,
362 1290 437 1312 suos
464 1280 632 1322 plenarios
660 1284 691 1312 et
716 1279 864 1321 integros
882 1277 1013 1311 effectus

271 1332 379 1366 sortiri
406 1337 438 1364 et
461 1331 609 1365 obtinere
627 1359 634 1372 ,
661 1342 780 1376 easque
814 1335 989 1374 propterea
1004 1358 1011 1370 ‚

272 1385 426 1418 omnibus
449 1391 481 1418 et
501 1385 637 1428 singulis
655 1395 713 1429 per
734 1384 882 1418 eamdem
902 1394 1014 1416 saecu-

272 1440 375 1473 larem
401 1444 597 1483 potestatem
625 1439 692 1472 sive
717 1449 776 1483 per
802 1438 886 1472 idem
912 1448 1016 1471 asser-

274 1499 340 1526 tum
372 1492 515 1527 tribunal
549 1493 798 1537 quomodolibet
827 1492 932 1525 allatis
957 1502 1013 1524 seu

275 1545 449 1579 afferendis
467 1546 709 1590 impedimentis
725 1546 855 1590 penitus
870 1551 901 1579 et
915 1545 1015 1579 omni-

274 1610 316 1632 no
342 1599 471 1632 reiectis
504 1610 540 1633 ac
571 1610 774 1644 nequaquam
800 1599 950 1639 attentis,
975 1598 1013 1631 ab

275 1651 352 1692 illis,
378 1652 416 1685 ad
442 1663 523 1696 qnos
547 1658 671 1696 spectat
705 1658 737 1685 et
768 1663 829 1696 pro
866 1657 1013 1695 tempore

273 1706 544 1749 quandocumque
570 1705 748 1749 spectabit,
781 1705 1016 1738 inviolabiliter

274 1764 302 1791 et
331 1760 524 1792 inconcusse
552 1759 730 1797 observari,
758 1759 870 1802 sicque
897 1763 927 1791 et
948 1768 1013 1791 non

274 1813 370 1846 aliter
388 1814 420 1845 in
441 1813 628 1856 praemissis
653 1823 713 1856 per
732 1822 954 1856 quoscumque
973 1812 1016 1844 in-

274 1866 363 1900 dices
381 1866 567 1900 ordinarios
585 1873 617 1899 et
638 1867 818 1909 delegatos,
834 1866 929 1899 etiam
944 1876 1015 1898 cau-

275 1929 383 1952 sarum
408 1919 519 1963 palatii
552 1919 952 1963 apostolici·anditores‚
980 1929 1016 1950 ac

274 1971 306 2005 S.
328 1972 365 2005 R.
385 1972 420 2005 E.
439 1973 640 2011 cardinales,
661 1972 757 2005 etiam
776 1972 815 2004 dc
842 1973 944 2004 latere
971 1973 1015 2004 le-

275 2030 366 2068 gatos
383 2030 414 2059 et
432 2025 594 2069 praefatae
613 2024 706 2058 Sedis
727 2024 878 2064 nuncios,
895 2024 1014 2057 aliosve

275 2078 440 2121 quoslibet
469 2089 673 2122 quacumque
699 2076 959 2121 praeeminentia
985 2083 1017 2109 et

274 2137 436 2174 potestate
470 2133 641 2175 fungentes
671 2137 701 2165 et
728 2132 913 2171 iuncturos,
942 2130 1017 2163 sub-

274 2185 339 2217 lata
368 2185 414 2218 eis
441 2190 471 2217 et
499 2196 610 2218 eorum
633 2184 767 2218 cuilibet
789 2184 900 2228 quavis
922 2184 1017 2217 aliter

275 2237 439 2271 iudicandi
476 2243 508 2271 et
539 2238 778 2282 interpretandi
807 2237 957 2270 facultate
984 2242 1016 2269 et

275 2291 477 2331 auctoritate,
501 2290 641 2324 iudicari
664 2296 694 2323 et
719 2290 848 2323 definiri
878 2290 1016 2331 ‹lebere;

275 2353 311 2374 ac
335 2343 461 2376 irritum
486 2349 518 2377 et
539 2344 637 2377 inane
670 2344 695 2376 si
721 2354 815 2376 secus
838 2353 939 2386 snper
964 2343 1016 2376 liis

276 2406 293 2427 a
310 2405 490 2439 quoquam,
509 2398 624 2441 quavis
645 2397 851 2434 auctoritate,
876 2396 1017 2428 scienter

276 2449 325 2481 vel
351 2448 559 2490 ignoranter,
584 2450 759 2493 contigerit
783 2450 946 2483 attentari.

321 2501 336 2544 g
360 2500 414 2533 10.
434 2500 504 2534 Non
529 2503 736 2535 obstantibus
755 2503 954 2546 praemissis,
976 2507 1017 2541 et,

277 2559 437 2599 quatenus
454 2564 534 2598 opus
549 2554 600 2595 sit,
620 2558 732 2588 nostra
750 2562 781 2589 et
794 2555 1017 2589 Cancellariae

277 2608 477 2653 apostolicae
502 2609 616 2651 regula
642 2609 680 2641 de
699 2609 767 2641 inre
788 2609 934 2652 quaesito
953 2618 1016 2641 non

1050 269 1207 309 tollendo,
1228 268 1365 312 aliisque
1392 268 1591 312 apostolicis,
1613 279 1648 301 ac
1668 269 1697 301 in
1720 269 1791 301 uni-

1049 321 1230 355 versalibus
1252 321 1572 365 provincialibusqne
1598 326 1630 353 et
1654 322 1792 365 synoda-

1050 375 1134 408 libus
1149 375 1298 408 conciliis
1317 375 1422 413 editis,
1439 373 1648 416 generalibus
1662 374 1709 406 vel
1725 384 1793 417 spe-

1051 428 1198 467 cialibus,
1217 427 1502 461 constitutionibus
1528 430 1557 460 et
1582 426 1794 459 ordinationi-

1051 481 1133 520 bus,
1157 491 1286 514 necnon
1316 490 1597 524 (piorumcumque
1622 479 1791 519 Ordinum,

1052 535 1358 578 congregationum,
1377 535 1599 568 institutorum
1615 540 1642 567 et
1656 533 1794 579 societa-

1053 593 1131 627 tum,
1150 589 1246 621 ctiam
1267 587 1347 627 lesu,
1371 594 1402 621 et
1425 588 1610 631 quorumvis
1633 592 1795 621 monaste-

1053 642 1188 681 riorum,
1214 648 1444 682 conventuum,
1470 643 1688 682 ecclesiarum,
1710 642 1796 675 loeo-

1053 706 1123 728 rum
1149 695 1293 739 piorum,
1327 695 1439 729 aliisve
1474 695 1643 739 quibusvis
1661 723 1668 735 ,
1696 693 1792 728 etiam

1054 748 1246 788 iuramento,
1265 747 1512 781 confirmatione
1539 748 1727 791 apostolica,
1746 747 1793 780 vel

1053 801 1163 844 (juavis
1189 801 1338 834 firmitate
1373 801 1435 835 alia
1460 801 1639 840 roboratis,
1666 800 1794 833 statutis

1054 860 1084 888 ct
1109 855 1400 888 consuetudinibus
1416 865 1452 887 ac
1466 853 1793 898 praescriptionibus,

1054 914 1350 951 qnantumciunque
1365 907 1564 949 longissimis
1584 912 1614 940 et
1632 907 1795 940 immemo-

1055 961 1228 1001 rabilibus,
1265 961 1444 1004 privilegiis
1479 971 1628 1004 quoque,
1663 959 1795 992 indultis

1056 1020 1085 1047 et
1113 1014 1227 1047 litteris
1261 1013 1467 1058 apostolicis,
1502 1013 1689 1052 Ordinibus,
1720 1023 1797 1046 con-

1056 1067 1307 1110 gregationibus,
1334 1066 1489 1099 institutis
1518 1072 1550 1099 et
1574 1065 1795 1105 societatibus,

1056 1119 1151 1152 etiam
1171 1119 1249 1159 lesu,
1269 1131 1305 1152 ac
1331 1119 1547 1158 monasteriis,
1570 1119 1795 1157 conventibus,

1057 1173 1201 1205 ecclesiis
1220 1179 1251 1206 et
1269 1173 1348 1205 locis
1366 1173 1426 1215 piis
1443 1172 1629 1216 praedictis,
1647 1172 1795 1205 illorum-

1057 1236 1118 1268 que
1145 1226 1322 1269 respective
1344 1225 1580 1269 superioribus,
1598 1225 1708 1258 aliisve
1727 1224 1797 1268 qui-

1056 1279 1196 1312 buslibet
1211 1279 1373 1323 personis‚
1393 1279 1486 1312 etiam
1505 1278 1708 1322 quantumvis
1720 1278 1796 1311 snb-

1057 1332 1186 1366 limibns
1220 1338 1252 1365 et
1281 1332 1516 1376 s1t›ecialissima⁴i
1549 1332 1713 1365 mentione
1748 1332 1795 1364 di-

1057 1386 1149 1428 gnis,
1177 1397 1194 1418 a
1218 1385 1301 1419 Sede
1327 1385 1503 1429 praedicta,
1530 1396 1564 1419 ex
1593 1387 1795 1429 quacumque

1057 1442 1162 1480 causa,
1185 1439 1281 1472 etiam
1307 1449 1365 1483 per
1388 1439 1470 1471 viam
1497 1443 1681 1472 contractus
1701 1444 1733 1471 et
1749 1449 1798 1471 re-

1056 1492 1301 1533 munerationis,
1318 1493 1377 1526 snb
1399 1491 1660 1536 quibuscumque
1686 1492 1803 1525 verbo-.

1058 1557 1128 1579 rum
1156 1546 1322 1579 tenoribus
1347 1552 1378 1579 et
1403 1546 1536 1585 formis,
1561 1556 1597 1578 ac
1633 1556 1703 1578 cnm
1729 1545 1798 1588 qui-

1057 1599 1163 1632 busvis
1196 1600 1292 1633 etiam
1319 1598 1603 1642 derogatoriarnm
1631 1598 1798 1641 derogato-

1058 1652 1124 1692 riis,
1143 1652 1279 1696 aliisque
1301 1652 1546 1692 efficacioribus,
1569 1650 1798 1685 efficacissimis

1058 1711 1089 1738 et
1115 1706 1253 1739 insolitis
1280 1705 1442 1745 clausulis,
1471 1704 1740 1747 irritantibnsqne
1766 1710 1798 1736 et

1058 1760 1130 1793 aliis
1156 1760 1314 1799 decretis,
1344 1760 1438 1793 etiam
1465 1765 1552 1792 motu
1570 1786 1577 1799 ,
1609 1758 1743 1791 scientia
1767 1763 1798 1791 et

1058 1812 1225 1854 potestatis
1261 1811 1465 1854 plenitudine
1499 1809 1651 1853 paribus,
1677 1820 1732 1841 seu
1759 1809 1797 1841 ad

1059 1875 1334 1908 quarumcumque
1361 1873 1594 1907 personarum,
1620 1863 1715 1895 etiam
1741 1862 1800 1895 im-

1058 1918 1187 1961 periali,
1206 1918 1318 1960 regali,
1339 1917 1440 1950 aliave
1467 1917 1612 1959 qualibet
1637 1916 1797 1948 mundana

1057 1972 1105 2004 vel
1130 1971 1335 2004 eccesiastica
1360 1970 1516 2013 dignitate
1544 1969 1734 2012 fulgentium
1755 1969 1799 2002 in-

1058 2024 1220 2063 stantiam,
1238 2028 1290 2056 ant
1307 2033 1418 2055 earnm
1437 2022 1723 2065 contemplatione,
1741 2032 1798 2054 seu

1059 2075 1136 2110 alias
1161 2077 1409 2120 quomodolibet
1436 2077 1466 2109 in
1484 2076 1681 2109 contrarium
1709 2086 1802 2119 prac-

1058 2131 1232 2164 missorum
1258 2130 1505 2174 quomodolibet
1527 2129 1718 2169 concesssis,
1732 2129 1799 2162 edi-

1059 2183 1112 2224 tis,
1140 2184 1239 2224 sactis,
1258 2194 1293 2216 ac
1319 2184 1443 2226 pluries
1468 2183 1611 2222 iteratis,
1638 2193 1674 2215 ac
1699 2192 1800 2225 quan-

1060 2236 1241 2279 tiscumque
1268 2236 1389 2269 vicibus
1415 2236 1611 2280 approbatis,
1631 2234 1800 2268 confirma—

1060 2290 1099 2322 tis
1138 2296 1170 2322 et
1203 2290 1387 2329 innovatis,
1423 2290 1519 2322 etiam
1556 2287 1798 2321 continentibus

1059 2344 1147 2387 quod
1181 2343 1454 2376 excommunicari
1489 2353 1553 2375 non
1591 2341 1715 2385 possint
1740 2351 1799 2384 per

1059 2397 1180 2429 litteras
1201 2395 1393 2439 apostolicas
1414 2405 1479 2428 non
1499 2395 1652 2427 facientes
1670 2395 1798 2437 plenam

1059 2454 1088 2481 et
1109 2459 1291 2492 expressam
1311 2459 1346 2481 ac
1365 2449 1404 2481 de
1424 2448 1523 2481 verbo
1545 2448 1583 2481 ad
1603 2448 1737 2480 verbnm
1757 2447 1795 2479 de

1059 2502 1239 2545 privilegiis
1265 2507 1296 2535 et
1320 2502 1455 2534 indultis
1490 2500 1676 2533 huiusmodi
1708 2510 1798 2532 men-

1060 2554 1200 2594 tionem,
1229 2555 1346 2598 quibus
1382 2555 1533 2587 omnibus
1569 2559 1600 2586 et
1636 2553 1794 2595 singulis,

1060 2606 1184 2639 etiamsi
1218 2617 1276 2649 pro
1303 2607 1430 2640 illorum
1464 2607 1634 2639 sufficienti
1661 2606 1798 2648 deroga-

1687 211 1751 245 597
1799 220 1847 247 An.
1865 218 1894 247 C.
1917 218 1986 247 1713
