<?xml version="1.0" encoding="UTF-8"?>
<!DOCTYPE html PUBLIC "-//W3C//DTD XHTML 1.0 Transitional//EN"
    "http://www.w3.org/TR/xhtml1/DTD/xhtml1-transitional.dtd">
<html xmlns="http://www.w3.org/1999/xhtml" xml:lang="en" lang="en">
 <head>
  <title>
</title>
<meta http-equiv="Content-Type" content="text/html;charset=utf-8" />
  <meta name='ocr-system' content='tesseract 3.04.00' />
  <meta name='ocr-capabilities' content='ocr_page ocr_carea ocr_par ocr_line ocrx_word'/>
</head>
<body>
  <div class='ocr_page' id='page_1' title='image "./bullarumdiplomat21cath/bullarumdiplomat21cath_0937.png"; bbox 0 0 2269 3203; ppageno 0'>
   <div class='ocr_carea' id='block_1_1' title="bbox 104 205 288 235">
    <p class='ocr_par' dir='ltr' id='par_1_1' title="bbox 104 205 288 235">
     <span class='ocr_line' id='line_1_1' title="bbox 104 205 288 235; baseline -0.011 0"><span class='ocrx_word' id='word_1_1' title='bbox 104 208 153 235; x_wconf 73' lang='lat' dir='ltr'>An.</span> <span class='ocrx_word' id='word_1_2' title='bbox 173 205 288 235; x_wconf 61' lang='lat'><strong>(21718</strong></span> 
     </span>
    </p>
   </div>
   <div class='ocr_carea' id='block_1_2' title="bbox 101 533 286 587">
    <p class='ocr_par' dir='ltr' id='par_1_2' title="bbox 101 533 286 587">
     <span class='ocr_line' id='line_1_2' title="bbox 142 533 286 554; baseline -0.014 0"><span class='ocrx_word' id='word_1_3' title='bbox 142 533 206 554; x_wconf 74' lang='lat' dir='ltr'>Fides</span> <span class='ocrx_word' id='word_1_4' title='bbox 231 535 286 552; x_wconf 81' lang='lat' dir='ltr'>tran-</span> 
     </span>
     <span class='ocr_line' id='line_1_3' title="bbox 101 563 239 587; baseline -0.007 -7"><span class='ocrx_word' id='word_1_5' title='bbox 101 563 239 587; x_wconf 69' lang='lat' dir='ltr'>niuuptoruni.</span> 
     </span>
    </p>
   </div>
   <div class='ocr_carea' id='block_1_3' title="bbox 103 1065 286 1112">
    <p class='ocr_par' dir='ltr' id='par_1_3' title="bbox 103 1065 286 1112">
     <span class='ocr_line' id='line_1_4' title="bbox 129 1065 286 1092; baseline 0.006 -7"><span class='ocrx_word' id='word_1_6' title='bbox 129 1065 217 1086; x_wconf 72' lang='lat' dir='ltr'>Sanctio</span> <span class='ocrx_word' id='word_1_7' title='bbox 235 1071 286 1092; x_wconf 76' lang='lat' dir='ltr'>poo-</span> 
     </span>
     <span class='ocr_line' id='line_1_5' title="bbox 103 1093 164 1112; baseline 0 0"><span class='ocrx_word' id='word_1_8' title='bbox 103 1093 164 1112; x_wconf 66' lang='lat' dir='ltr'>uatis.</span> 
     </span>
    </p>
   </div>
   <div class='ocr_carea' id='block_1_4' title="bbox 130 2331 252 2352">
    <p class='ocr_par' dir='ltr' id='par_1_4' title="bbox 130 2331 252 2352">
     <span class='ocr_line' id='line_1_6' title="bbox 130 2331 252 2352; baseline 0.008 -1"><span class='ocrx_word' id='word_1_9' title='bbox 130 2331 252 2352; x_wconf 71' lang='lat' dir='ltr'>Exordium.</span> 
     </span>
    </p>
   </div>
   <div class='ocr_carea' id='block_1_5' title="bbox 929 206 1198 230">
    <p class='ocr_par' dir='ltr' id='par_1_5' title="bbox 929 206 1198 230">
     <span class='ocr_line' id='line_1_7' title="bbox 929 206 1198 230; baseline -0.004 0"><span class='ocrx_word' id='word_1_10' title='bbox 929 206 1070 230; x_wconf 70' lang='lat' dir='ltr'>CLEMENS</span> <span class='ocrx_word' id='word_1_11' title='bbox 1095 206 1126 229; x_wconf 75' lang='lat' dir='ltr'>XI</span> <span class='ocrx_word' id='word_1_12' title='bbox 1151 206 1198 230; x_wconf 82' lang='lat' dir='ltr'>PP.</span> 
     </span>
    </p>
   </div>
   <div class='ocr_carea' id='block_1_6' title="bbox 295 254 1041 1721">
    <p class='ocr_par' dir='ltr' id='par_1_6' title="bbox 297 254 1040 510">
     <span class='ocr_line' id='line_1_8' title="bbox 298 254 1039 294; baseline -0.003 -6"><span class='ocrx_word' id='word_1_13' title='bbox 298 259 330 288; x_wconf 86' lang='lat' dir='ltr'>et</span> <span class='ocrx_word' id='word_1_14' title='bbox 354 264 419 288; x_wconf 90' lang='lat' dir='ltr'>non</span> <span class='ocrx_word' id='word_1_15' title='bbox 444 254 509 287; x_wconf 85' lang='lat' dir='ltr'>sint</span> <span class='ocrx_word' id='word_1_16' title='bbox 535 254 566 286; x_wconf 91' lang='lat' dir='ltr'>in</span> <span class='ocrx_word' id='word_1_17' title='bbox 595 254 688 288; x_wconf 89' lang='lat' dir='ltr'>nobis</span> <span class='ocrx_word' id='word_1_18' title='bbox 718 254 914 294; x_wconf 84' lang='lat' dir='ltr'>schismata,</span> <span class='ocrx_word' id='word_1_19' title='bbox 941 254 1039 287; x_wconf 85' lang='lat' dir='ltr'>simus</span> 
     </span>
     <span class='ocr_line' id='line_1_9' title="bbox 297 307 1038 350; baseline -0.001 -10"><span class='ocrx_word' id='word_1_20' title='bbox 297 314 403 341; x_wconf 88' lang='lat' dir='ltr'>autem</span> <span class='ocrx_word' id='word_1_21' title='bbox 429 307 567 350; x_wconf 75' lang='lat' dir='ltr'>perfecti</span> <span class='ocrx_word' id='word_1_22' title='bbox 594 308 627 340; x_wconf 90' lang='lat' dir='ltr'>in</span> <span class='ocrx_word' id='word_1_23' title='bbox 660 308 776 341; x_wconf 88' lang='lat' dir='ltr'>eodem</span> <span class='ocrx_word' id='word_1_24' title='bbox 813 318 910 340; x_wconf 80' lang='lat' dir='ltr'>sensu</span> <span class='ocrx_word' id='word_1_25' title='bbox 944 312 975 340; x_wconf 89' lang='lat' dir='ltr'>et</span> <span class='ocrx_word' id='word_1_26' title='bbox 1008 307 1038 339; x_wconf 88' lang='lat' dir='ltr'>in</span> 
     </span>
     <span class='ocr_line' id='line_1_10' title="bbox 297 361 1040 403; baseline -0.001 -10"><span class='ocrx_word' id='word_1_27' title='bbox 297 361 411 394; x_wconf 74' lang='lat' dir='ltr'>eadem</span> <span class='ocrx_word' id='word_1_28' title='bbox 437 361 602 393; x_wconf 73' lang='lat' dir='ltr'>sententia</span> <span class='ocrx_word' id='word_1_29' title='bbox 622 388 630 401; x_wconf 86' lang='lat'>,</span> <span class='ocrx_word' id='word_1_30' title='bbox 656 361 833 394; x_wconf 80' lang='lat' dir='ltr'>auxiliante</span> <span class='ocrx_word' id='word_1_31' title='bbox 859 361 955 393; x_wconf 87' lang='lat' dir='ltr'>nobis</span> <span class='ocrx_word' id='word_1_32' title='bbox 983 371 1040 403; x_wconf 83' lang='lat' dir='ltr'>per</span> 
     </span>
     <span class='ocr_line' id='line_1_11' title="bbox 297 413 1039 457; baseline -0.003 -10"><span class='ocrx_word' id='word_1_33' title='bbox 297 415 406 447; x_wconf 90' lang='lat' dir='ltr'>omnia</span> <span class='ocrx_word' id='word_1_34' title='bbox 431 416 534 457; x_wconf 76' lang='lat' dir='ltr'>gratia</span> <span class='ocrx_word' id='word_1_35' title='bbox 551 414 675 448; x_wconf 88' lang='lat' dir='ltr'>domini</span> <span class='ocrx_word' id='word_1_36' title='bbox 694 414 798 447; x_wconf 84' lang='lat' dir='ltr'>nostri</span> <span class='ocrx_word' id='word_1_37' title='bbox 817 414 888 446; x_wconf 86' lang='lat' dir='ltr'>lesu</span> <span class='ocrx_word' id='word_1_38' title='bbox 907 413 1039 453; x_wconf 86' lang='lat' dir='ltr'>Christi,</span> 
     </span>
     <span class='ocr_line' id='line_1_12' title="bbox 297 467 1036 510; baseline -0.001 -11"><span class='ocrx_word' id='word_1_39' title='bbox 297 467 344 499; x_wconf 90' lang='lat' dir='ltr'>cui</span> <span class='ocrx_word' id='word_1_40' title='bbox 365 473 414 499; x_wconf 84' lang='lat' dir='ltr'>est</span> <span class='ocrx_word' id='word_1_41' title='bbox 429 468 538 500; x_wconf 85' lang='lat' dir='ltr'>honor</span> <span class='ocrx_word' id='word_1_42' title='bbox 552 467 696 510; x_wconf 81' lang='lat' dir='ltr'>etgloria</span> <span class='ocrx_word' id='word_1_43' title='bbox 715 467 746 499; x_wconf 89' lang='lat' dir='ltr'>in</span> <span class='ocrx_word' id='word_1_44' title='bbox 761 468 901 499; x_wconf 82' lang='lat' dir='ltr'>saecula.</span> <span class='ocrx_word' id='word_1_45' title='bbox 923 468 1036 499; x_wconf 77' lang='lat' dir='ltr'>Amen.</span> 
     </span>
    </p>

    <p class='ocr_par' dir='ltr' id='par_1_7' title="bbox 295 520 1040 1033">
     <span class='ocr_line' id='line_1_13' title="bbox 340 520 1037 564; baseline -0.001 -11"><span class='ocrx_word' id='word_1_46' title='bbox 340 522 355 564; x_wconf 64' lang='grc' dir='ltr'><strong>ἓ</strong></span> <span class='ocrx_word' id='word_1_47' title='bbox 380 520 411 553; x_wconf 88' lang='grc'>6.</span> <span class='ocrx_word' id='word_1_48' title='bbox 440 521 478 553; x_wconf 84' lang='lat' dir='ltr'>Ut</span> <span class='ocrx_word' id='word_1_49' title='bbox 502 526 609 554; x_wconf 87' lang='lat' dir='ltr'>autem</span> <span class='ocrx_word' id='word_1_50' title='bbox 636 525 825 563; x_wconf 70' lang='lat' dir='ltr'>praesentes</span> <span class='ocrx_word' id='word_1_51' title='bbox 851 520 977 552; x_wconf 88' lang='lat' dir='ltr'>litterae</span> <span class='ocrx_word' id='word_1_52' title='bbox 999 520 1037 552; x_wconf 86' lang='lat' dir='ltr'>ad</span> 
     </span>
     <span class='ocr_line' id='line_1_14' title="bbox 297 573 1037 616; baseline 0 -10"><span class='ocrx_word' id='word_1_53' title='bbox 297 574 440 606; x_wconf 89' lang='lat' dir='ltr'>omnium</span> <span class='ocrx_word' id='word_1_54' title='bbox 477 573 620 607; x_wconf 84' lang='lat' dir='ltr'>fidelium</span> <span class='ocrx_word' id='word_1_55' title='bbox 657 573 915 616; x_wconf 83' lang='lat' dir='ltr'>quibuscumque</span> <span class='ocrx_word' id='word_1_56' title='bbox 958 573 1037 606; x_wconf 89' lang='lat' dir='ltr'>locis</span> 
     </span>
     <span class='ocr_line' id='line_1_15' title="bbox 297 626 1037 670; baseline -0.001 -10"><span class='ocrx_word' id='word_1_57' title='bbox 297 628 508 661; x_wconf 79' lang='lat' dir='ltr'>existentium</span> <span class='ocrx_word' id='word_1_58' title='bbox 533 626 679 660; x_wconf 84' lang='lat' dir='ltr'>notitiam</span> <span class='ocrx_word' id='word_1_59' title='bbox 696 627 820 659; x_wconf 76' lang='lat' dir='ltr'>facilius</span> <span class='ocrx_word' id='word_1_60' title='bbox 837 627 1037 670; x_wconf 80' lang='lat' dir='ltr'>perveniant,</span> 
     </span>
     <span class='ocr_line' id='line_1_16' title="bbox 297 681 1038 724; baseline -0.001 -10"><span class='ocrx_word' id='word_1_61' title='bbox 297 683 447 715; x_wconf 79' lang='lat' dir='ltr'>volumus</span> <span class='ocrx_word' id='word_1_62' title='bbox 473 692 584 714; x_wconf 79' lang='lat' dir='ltr'>earum</span> <span class='ocrx_word' id='word_1_63' title='bbox 623 681 780 724; x_wconf 82' lang='lat' dir='ltr'>exemplis</span> <span class='ocrx_word' id='word_1_64' title='bbox 799 706 806 720; x_wconf 86' lang='lat'>‚</span> <span class='ocrx_word' id='word_1_65' title='bbox 845 681 941 713; x_wconf 82' lang='lat' dir='ltr'>etiam</span> <span class='ocrx_word' id='word_1_66' title='bbox 979 681 1038 713; x_wconf 93' lang='lat' dir='ltr'>im—</span> 
     </span>
     <span class='ocr_line' id='line_1_17' title="bbox 297 733 1039 779; baseline -0.001 -12"><span class='ocrx_word' id='word_1_67' title='bbox 297 735 443 779; x_wconf 81' lang='lat' dir='ltr'>pressis,</span> <span class='ocrx_word' id='word_1_68' title='bbox 470 744 565 766; x_wconf 89' lang='lat' dir='ltr'>manu</span> <span class='ocrx_word' id='word_1_69' title='bbox 597 733 732 766; x_wconf 86' lang='lat' dir='ltr'>alicuius</span> <span class='ocrx_word' id='word_1_70' title='bbox 768 734 887 766; x_wconf 84' lang='lat' dir='ltr'>notarii</span> <span class='ocrx_word' id='word_1_71' title='bbox 916 734 1039 778; x_wconf 81' lang='lat' dir='ltr'>publici</span> 
     </span>
     <span class='ocr_line' id='line_1_18' title="bbox 296 787 1040 831; baseline 0 -12"><span class='ocrx_word' id='word_1_72' title='bbox 296 787 500 831; x_wconf 74' lang='lat' dir='ltr'>subscriptis,</span> <span class='ocrx_word' id='word_1_73' title='bbox 521 793 552 820; x_wconf 82' lang='lat' dir='ltr'>et</span> <span class='ocrx_word' id='word_1_74' title='bbox 569 787 676 829; x_wconf 80' lang='lat' dir='ltr'>sigillo</span> <span class='ocrx_word' id='word_1_75' title='bbox 694 797 857 830; x_wconf 87' lang='lat' dir='ltr'>personae</span> <span class='ocrx_word' id='word_1_76' title='bbox 876 787 907 818; x_wconf 92' lang='lat' dir='ltr'>in</span> <span class='ocrx_word' id='word_1_77' title='bbox 938 787 1040 819; x_wconf 88' lang='lat' dir='ltr'>eccle-</span> 
     </span>
     <span class='ocr_line' id='line_1_19' title="bbox 295 839 1038 883; baseline -0.001 -10"><span class='ocrx_word' id='word_1_78' title='bbox 295 840 426 874; x_wconf 77' lang='lat' dir='ltr'>siastica</span> <span class='ocrx_word' id='word_1_79' title='bbox 455 840 615 883; x_wconf 75' lang='lat' dir='ltr'>dignitate</span> <span class='ocrx_word' id='word_1_80' title='bbox 653 839 848 873; x_wconf 73' lang='lat' dir='ltr'>constitutae</span> <span class='ocrx_word' id='word_1_81' title='bbox 879 839 1012 872; x_wconf 88' lang='lat' dir='ltr'>munitis</span> <span class='ocrx_word' id='word_1_82' title='bbox 1031 867 1038 880; x_wconf 91' lang='lat'><em>‚</em></span> 
     </span>
     <span class='ocr_line' id='line_1_20' title="bbox 296 892 1039 936; baseline -0.004 -9"><span class='ocrx_word' id='word_1_83' title='bbox 296 893 408 927; x_wconf 84' lang='lat' dir='ltr'>eadem</span> <span class='ocrx_word' id='word_1_84' title='bbox 427 904 562 936; x_wconf 86' lang='lat' dir='ltr'>prorsus</span> <span class='ocrx_word' id='word_1_85' title='bbox 587 893 684 926; x_wconf 80' lang='lat' dir='ltr'>tidem</span> <span class='ocrx_word' id='word_1_86' title='bbox 703 893 830 933; x_wconf 84' lang='lat' dir='ltr'>haberi,</span> <span class='ocrx_word' id='word_1_87' title='bbox 849 903 933 936; x_wconf 79' lang='lat' dir='ltr'>quae</span> <span class='ocrx_word' id='word_1_88' title='bbox 958 892 1039 935; x_wconf 88' lang='lat' dir='ltr'>ipsis</span> 
     </span>
     <span class='ocr_line' id='line_1_21' title="bbox 296 945 1040 989; baseline -0.001 -10"><span class='ocrx_word' id='word_1_89' title='bbox 296 946 511 989; x_wconf 80' lang='lat' dir='ltr'>originalibus</span> <span class='ocrx_word' id='word_1_90' title='bbox 535 946 651 979; x_wconf 88' lang='lat' dir='ltr'>litteris</span> <span class='ocrx_word' id='word_1_91' title='bbox 678 947 855 979; x_wconf 75' lang='lat' dir='ltr'>haberetur</span> <span class='ocrx_word' id='word_1_92' title='bbox 886 946 912 978; x_wconf 90' lang='lat' dir='ltr'>si</span> <span class='ocrx_word' id='word_1_93' title='bbox 931 945 1040 979; x_wconf 83' lang='lat' dir='ltr'>forent</span> 
     </span>
     <span class='ocr_line' id='line_1_22' title="bbox 296 1000 720 1033; baseline 0.002 -2"><span class='ocrx_word' id='word_1_94' title='bbox 296 1000 462 1032; x_wconf 74' lang='lat' dir='ltr'>exhibitae</span> <span class='ocrx_word' id='word_1_95' title='bbox 480 1001 533 1033; x_wconf 91' lang='lat' dir='ltr'>vel</span> <span class='ocrx_word' id='word_1_96' title='bbox 550 1005 720 1033; x_wconf 88' lang='lat' dir='ltr'>ostensae.</span> 
     </span>
    </p>

    <p class='ocr_par' dir='ltr' id='par_1_8' title="bbox 297 1053 1041 1510">
     <span class='ocr_line' id='line_1_23' title="bbox 341 1053 1040 1096; baseline -0.003 -10"><span class='ocrx_word' id='word_1_97' title='bbox 341 1053 395 1095; x_wconf 58' lang='lat'>37.</span> <span class='ocrx_word' id='word_1_98' title='bbox 410 1053 495 1087; x_wconf 84' lang='lat' dir='ltr'>Nulli</span> <span class='ocrx_word' id='word_1_99' title='bbox 511 1064 588 1096; x_wconf 72' lang='lat' dir='ltr'>ergo</span> <span class='ocrx_word' id='word_1_100' title='bbox 604 1054 738 1086; x_wconf 91' lang='lat' dir='ltr'>omnino</span> <span class='ocrx_word' id='word_1_101' title='bbox 754 1053 924 1086; x_wconf 88' lang='lat' dir='ltr'>hominum</span> <span class='ocrx_word' id='word_1_102' title='bbox 944 1053 1040 1085; x_wconf 81' lang='lat' dir='ltr'>liceat</span> 
     </span>
     <span class='ocr_line' id='line_1_24' title="bbox 298 1106 1040 1149; baseline -0.001 -10"><span class='ocrx_word' id='word_1_103' title='bbox 298 1106 381 1139; x_wconf 81' lang='lat' dir='ltr'>lianc</span> <span class='ocrx_word' id='word_1_104' title='bbox 402 1108 552 1149; x_wconf 71' lang='lat' dir='ltr'>paginam</span> <span class='ocrx_word' id='word_1_105' title='bbox 571 1112 698 1139; x_wconf 85' lang='lat' dir='ltr'>nostrae</span> <span class='ocrx_word' id='word_1_106' title='bbox 716 1107 958 1146; x_wconf 86' lang='lat' dir='ltr'>admonitionis,</span> <span class='ocrx_word' id='word_1_107' title='bbox 974 1106 1040 1139; x_wconf 86' lang='lat' dir='ltr'>edi-</span> 
     </span>
     <span class='ocr_line' id='line_1_25' title="bbox 299 1159 1040 1200; baseline -0.001 -7"><span class='ocrx_word' id='word_1_108' title='bbox 299 1161 352 1200; x_wconf 87' lang='lat' dir='ltr'>cti,</span> <span class='ocrx_word' id='word_1_109' title='bbox 367 1159 603 1199; x_wconf 84' lang='lat' dir='ltr'>declarationis,</span> <span class='ocrx_word' id='word_1_110' title='bbox 618 1160 826 1199; x_wconf 69' lang='lat' dir='ltr'>hortationis,</span> <span class='ocrx_word' id='word_1_111' title='bbox 840 1160 1040 1192; x_wconf 84' lang='lat' dir='ltr'>obsecratio-</span> 
     </span>
     <span class='ocr_line' id='line_1_26' title="bbox 298 1213 1039 1255; baseline -0.003 -9"><span class='ocrx_word' id='word_1_112' title='bbox 298 1214 348 1246; x_wconf 85' lang='lat' dir='ltr'>nis</span> <span class='ocrx_word' id='word_1_113' title='bbox 374 1221 405 1246; x_wconf 85' lang='lat' dir='ltr'>et</span> <span class='ocrx_word' id='word_1_114' title='bbox 427 1213 600 1246; x_wconf 84' lang='lat' dir='ltr'>voluntatis</span> <span class='ocrx_word' id='word_1_115' title='bbox 627 1213 816 1255; x_wconf 81' lang='lat' dir='ltr'>infringere,</span> <span class='ocrx_word' id='word_1_116' title='bbox 838 1214 889 1245; x_wconf 78' lang='lat' dir='ltr'>vel</span> <span class='ocrx_word' id='word_1_117' title='bbox 916 1213 944 1246; x_wconf 90' lang='lat' dir='ltr'>ei</span> <span class='ocrx_word' id='word_1_118' title='bbox 963 1223 1039 1245; x_wconf 87' lang='lat' dir='ltr'>ausu</span> 
     </span>
     <span class='ocr_line' id='line_1_27' title="bbox 300 1266 1041 1308; baseline -0.001 -9"><span class='ocrx_word' id='word_1_119' title='bbox 300 1267 471 1299; x_wconf 80' lang='lat' dir='ltr'>temerario</span> <span class='ocrx_word' id='word_1_120' title='bbox 497 1267 676 1306; x_wconf 84' lang='lat' dir='ltr'>contraire;</span> <span class='ocrx_word' id='word_1_121' title='bbox 703 1266 728 1298; x_wconf 89' lang='lat' dir='ltr'>si</span> <span class='ocrx_word' id='word_1_122' title='bbox 756 1266 826 1308; x_wconf 86' lang='lat' dir='ltr'>quis</span> <span class='ocrx_word' id='word_1_123' title='bbox 853 1271 960 1298; x_wconf 86' lang='lat' dir='ltr'>autem</span> <span class='ocrx_word' id='word_1_124' title='bbox 979 1266 1041 1298; x_wconf 87' lang='lat' dir='ltr'>hoc</span> 
     </span>
     <span class='ocr_line' id='line_1_28' title="bbox 298 1318 1039 1362; baseline -0.001 -11"><span class='ocrx_word' id='word_1_125' title='bbox 298 1325 458 1352; x_wconf 84' lang='lat' dir='ltr'>attentare</span> <span class='ocrx_word' id='word_1_126' title='bbox 481 1318 753 1362; x_wconf 78' lang='lat' dir='ltr'>praesumpserit,</span> <span class='ocrx_word' id='word_1_127' title='bbox 779 1318 1039 1361; x_wconf 78' lang='lat' dir='ltr'>indignationem</span> 
     </span>
     <span class='ocr_line' id='line_1_29' title="bbox 298 1371 1041 1415; baseline -0.003 -10"><span class='ocrx_word' id='word_1_128' title='bbox 298 1372 532 1415; x_wconf 86' lang='lat' dir='ltr'>omnipotentis</span> <span class='ocrx_word' id='word_1_129' title='bbox 558 1372 612 1404; x_wconf 89' lang='lat' dir='ltr'>Dei</span> <span class='ocrx_word' id='word_1_130' title='bbox 640 1383 676 1404; x_wconf 88' lang='lat' dir='ltr'>ae</span> <span class='ocrx_word' id='word_1_131' title='bbox 701 1373 871 1404; x_wconf 89' lang='lat' dir='ltr'>beatorum</span> <span class='ocrx_word' id='word_1_132' title='bbox 897 1371 984 1404; x_wconf 85' lang='lat' dir='ltr'>Petri</span> <span class='ocrx_word' id='word_1_133' title='bbox 1010 1376 1041 1404; x_wconf 90' lang='lat' dir='ltr'>et</span> 
     </span>
     <span class='ocr_line' id='line_1_30' title="bbox 297 1423 1039 1468; baseline -0.001 -11"><span class='ocrx_word' id='word_1_134' title='bbox 297 1425 385 1457; x_wconf 86' lang='lat' dir='ltr'>Pauli</span> <span class='ocrx_word' id='word_1_135' title='bbox 405 1425 626 1468; x_wconf 88' lang='lat' dir='ltr'>apostolorum</span> <span class='ocrx_word' id='word_1_136' title='bbox 649 1425 717 1458; x_wconf 86' lang='lat' dir='ltr'>eius</span> <span class='ocrx_word' id='word_1_137' title='bbox 733 1435 767 1457; x_wconf 90' lang='lat' dir='ltr'>se</span> <span class='ocrx_word' id='word_1_138' title='bbox 788 1424 914 1457; x_wconf 78' lang='lat' dir='ltr'>noverit</span> <span class='ocrx_word' id='word_1_139' title='bbox 932 1423 1039 1457; x_wconf 54' lang='lat' dir='ltr'>inem»</span> 
     </span>
     <span class='ocr_line' id='line_1_31' title="bbox 297 1487 421 1510; baseline 0 -1"><span class='ocrx_word' id='word_1_140' title='bbox 297 1487 421 1510; x_wconf 84' lang='lat' dir='ltr'>surum.</span> 
     </span>
    </p>

    <p class='ocr_par' dir='ltr' id='par_1_9' title="bbox 297 1529 1039 1721">
     <span class='ocr_line' id='line_1_32' title="bbox 324 1529 1037 1573; baseline 0.001 -12"><span class='ocrx_word' id='word_1_141' title='bbox 324 1530 436 1562; x_wconf 88' lang='lat' dir='ltr'>Datum</span> <span class='ocrx_word' id='word_1_142' title='bbox 448 1530 580 1570; x_wconf 86' lang='lat' dir='ltr'>Romae,</span> <span class='ocrx_word' id='word_1_143' title='bbox 592 1530 677 1573; x_wconf 84' lang='lat' dir='ltr'>apud</span> <span class='ocrx_word' id='word_1_144' title='bbox 689 1530 720 1563; x_wconf 83' lang='lat' dir='ltr'>S.</span> <span class='ocrx_word' id='word_1_145' title='bbox 734 1529 863 1562; x_wconf 82' lang='lat' dir='ltr'>Mariam</span> <span class='ocrx_word' id='word_1_146' title='bbox 875 1529 1037 1570; x_wconf 84' lang='lat' dir='ltr'>Maiorem,</span> 
     </span>
     <span class='ocr_line' id='line_1_33' title="bbox 297 1582 1037 1623; baseline 0.001 -8"><span class='ocrx_word' id='word_1_147' title='bbox 297 1593 382 1615; x_wconf 86' lang='lat' dir='ltr'>anno</span> <span class='ocrx_word' id='word_1_148' title='bbox 401 1583 638 1615; x_wconf 82' lang='lat' dir='ltr'>Incarnationis</span> <span class='ocrx_word' id='word_1_149' title='bbox 658 1582 842 1615; x_wconf 77' lang='lat' dir='ltr'>dominicae</span> <span class='ocrx_word' id='word_1_150' title='bbox 860 1593 1037 1623; x_wconf 66' lang='lat' dir='ltr'>iimccxvni,</span> 
     </span>
     <span class='ocr_line' id='line_1_34' title="bbox 297 1636 1039 1679; baseline 0.003 -11"><span class='ocrx_word' id='word_1_151' title='bbox 297 1646 314 1667; x_wconf 88' lang='lat' dir='ltr'>v</span> <span class='ocrx_word' id='word_1_152' title='bbox 334 1636 488 1668; x_wconf 84' lang='lat' dir='ltr'>kalendas</span> <span class='ocrx_word' id='word_1_153' title='bbox 513 1636 721 1678; x_wconf 82' lang='lat' dir='ltr'>septembris,</span> <span class='ocrx_word' id='word_1_154' title='bbox 745 1636 956 1679; x_wconf 78' lang='lat' dir='ltr'>pontificatus</span> <span class='ocrx_word' id='word_1_155' title='bbox 981 1648 1039 1670; x_wconf 91' lang='lat' dir='ltr'>no-</span> 
     </span>
     <span class='ocr_line' id='line_1_35' title="bbox 297 1689 566 1721; baseline 0.004 -1"><span class='ocrx_word' id='word_1_156' title='bbox 297 1689 353 1721; x_wconf 86' lang='lat' dir='ltr'>stri</span> <span class='ocrx_word' id='word_1_157' title='bbox 372 1699 457 1721; x_wconf 83' lang='lat' dir='ltr'>anno</span> <span class='ocrx_word' id='word_1_158' title='bbox 475 1698 566 1721; x_wconf 81' lang='lat' dir='ltr'>xviii.</span> 
     </span>
    </p>
   </div>
   <div class='ocr_carea' id='block_1_7' title="bbox 335 1750 1037 1786">
    <p class='ocr_par' dir='ltr' id='par_1_10' title="bbox 335 1750 1037 1786">
     <span class='ocr_line' id='line_1_36' title="bbox 335 1750 1037 1786; baseline 0.001 -9"><span class='ocrx_word' id='word_1_159' title='bbox 335 1752 392 1777; x_wconf 59' lang='lat' dir='ltr'>that.</span> <span class='ocrx_word' id='word_1_160' title='bbox 408 1751 452 1777; x_wconf 82' lang='lat' dir='ltr'>die</span> <span class='ocrx_word' id='word_1_161' title='bbox 467 1750 500 1777; x_wconf 67' lang='lat'>28</span> <span class='ocrx_word' id='word_1_162' title='bbox 515 1753 521 1768; x_wconf 81' lang='lat'><em>¹</em></span> <span class='ocrx_word' id='word_1_163' title='bbox 538 1750 645 1786; x_wconf 85' lang='lat' dir='ltr'>augusti</span> <span class='ocrx_word' id='word_1_164' title='bbox 666 1750 744 1783; x_wconf 75' lang='lat'>1718,</span> <span class='ocrx_word' id='word_1_165' title='bbox 761 1751 858 1786; x_wconf 79' lang='lat' dir='ltr'>pontif.</span> <span class='ocrx_word' id='word_1_166' title='bbox 876 1760 948 1778; x_wconf 84' lang='lat' dir='ltr'>anuo</span> <span class='ocrx_word' id='word_1_167' title='bbox 964 1758 1037 1778; x_wconf 78' lang='lat' dir='ltr'>xvm.</span> 
     </span>
    </p>
   </div>
   <div class='ocr_carea' id='block_1_8' title="bbox 599 1866 725 1899">
    <p class='ocr_par' dir='ltr' id='par_1_11' title="bbox 599 1866 725 1899">
     <span class='ocr_line' id='line_1_37' title="bbox 599 1866 725 1899; baseline 0 0"><span class='ocrx_word' id='word_1_168' title='bbox 599 1866 725 1899; x_wconf 79' lang='lat' dir='ltr'>CCLXI.</span> 
     </span>
    </p>
   </div>
   <div class='ocr_carea' id='block_1_9' title="bbox 295 1936 1040 2181">
    <p class='ocr_par' dir='ltr' id='par_1_12' title="bbox 295 1936 1040 2181">
     <span class='ocr_line' id='line_1_38' title="bbox 295 1936 1040 1978; baseline -0.001 -8"><span class='ocrx_word' id='word_1_169' title='bbox 295 1936 494 1970; x_wconf 79' lang='lat' dir='ltr'>Declaratur</span> <span class='ocrx_word' id='word_1_170' title='bbox 517 1936 631 1969; x_wconf 78' lang='lat' dir='ltr'>nullus</span> <span class='ocrx_word' id='word_1_171' title='bbox 658 1941 818 1969; x_wconf 78' lang='lat' dir='ltr'>tractatus</span> <span class='ocrx_word' id='word_1_172' title='bbox 844 1937 1040 1978; x_wconf 79' lang='lat' dir='ltr'>pacificatio-</span> 
     </span>
     <span class='ocr_line' id='line_1_39' title="bbox 338 1988 1035 2032; baseline 0 -11"><span class='ocrx_word' id='word_1_173' title='bbox 338 1990 392 2022; x_wconf 83' lang='lat' dir='ltr'>nis</span> <span class='ocrx_word' id='word_1_174' title='bbox 415 1990 503 2022; x_wconf 79' lang='lat' dir='ltr'>inter</span> <span class='ocrx_word' id='word_1_175' title='bbox 525 1988 671 2022; x_wconf 76' lang='lat' dir='ltr'>abbatem</span> <span class='ocrx_word' id='word_1_176' title='bbox 696 1989 728 2022; x_wconf 90' lang='lat' dir='ltr'>S.</span> <span class='ocrx_word' id='word_1_177' title='bbox 758 1989 850 2022; x_wconf 66' lang='lat' dir='ltr'>Galle?</span> <span class='ocrx_word' id='word_1_178' title='bbox 874 1993 901 2021; x_wconf 79' lang='lat' dir='ltr'>el</span> <span class='ocrx_word' id='word_1_179' title='bbox 927 1990 1035 2032; x_wconf 60' lang='lat' dir='ltr'>maffi-</span> 
     </span>
     <span class='ocr_line' id='line_1_40' title="bbox 339 2042 1039 2084; baseline 0 -10"><span class='ocrx_word' id='word_1_180' title='bbox 339 2046 462 2074; x_wconf 80' lang='lat' dir='ltr'>stratus</span> <span class='ocrx_word' id='word_1_181' title='bbox 498 2042 694 2074; x_wconf 72' lang='lat' dir='ltr'>Bernensem</span> <span class='ocrx_word' id='word_1_182' title='bbox 726 2046 755 2074; x_wconf 75' lang='lat' dir='ltr'>el</span> <span class='ocrx_word' id='word_1_183' title='bbox 789 2042 1039 2084; x_wconf 67' lang='lat' dir='ltr'>Tiqurz&#39;nensem</span> 
     </span>
     <span class='ocr_line' id='line_1_41' title="bbox 338 2094 1040 2136; baseline 0.001 -9"><span class='ocrx_word' id='word_1_184' title='bbox 338 2095 467 2135; x_wconf 75' lang='lat' dir='ltr'>initae,</span> <span class='ocrx_word' id='word_1_185' title='bbox 501 2094 680 2127; x_wconf 78' lang='lat' dir='ltr'>catholicae</span> <span class='ocrx_word' id='word_1_186' title='bbox 713 2094 790 2136; x_wconf 77' lang='lat' dir='ltr'>fidei</span> <span class='ocrx_word' id='word_1_187' title='bbox 821 2099 849 2128; x_wconf 83' lang='lat' dir='ltr'>et</span> <span class='ocrx_word' id='word_1_188' title='bbox 879 2095 1040 2128; x_wconf 77' lang='lat' dir='ltr'>Ecclesiae</span> 
     </span>
     <span class='ocr_line' id='line_1_42' title="bbox 338 2146 644 2181; baseline 0.003 -1"><span class='ocrx_word' id='word_1_189' title='bbox 338 2148 470 2181; x_wconf 78' lang='lat' dir='ltr'>iuribus</span> <span class='ocrx_word' id='word_1_190' title='bbox 493 2146 644 2181; x_wconf 65' lang='lat' dir='ltr'>noxia-2¹.</span> 
     </span>
    </p>
   </div>
   <div class='ocr_carea' id='block_1_10' title="bbox 436 2219 895 2290">
    <p class='ocr_par' dir='ltr' id='par_1_13' title="bbox 436 2219 895 2290">
     <span class='ocr_line' id='line_1_43' title="bbox 509 2219 825 2252; baseline 0.003 -7"><span class='ocrx_word' id='word_1_191' title='bbox 509 2219 645 2246; x_wconf 87' lang='lat' dir='ltr'>Clemens</span> <span class='ocrx_word' id='word_1_192' title='bbox 666 2219 747 2252; x_wconf 81' lang='lat' dir='ltr'>Papa</span> <span class='ocrx_word' id='word_1_193' title='bbox 769 2219 825 2251; x_wconf 80' lang='lat' dir='ltr'>xl,</span> 
     </span>
     <span class='ocr_line' id='line_1_44' title="bbox 436 2263 895 2290; baseline 0 0"><span class='ocrx_word' id='word_1_194' title='bbox 436 2263 473 2290; x_wconf 85' lang='lat' dir='ltr'>ad</span> <span class='ocrx_word' id='word_1_195' title='bbox 492 2263 628 2290; x_wconf 77' lang='lat' dir='ltr'>futuram</span> <span class='ocrx_word' id='word_1_196' title='bbox 647 2263 692 2290; x_wconf 80' lang='lat' dir='ltr'>rei</span> <span class='ocrx_word' id='word_1_197' title='bbox 713 2263 895 2290; x_wconf 64' lang='lat' dir='ltr'>memoriam,</span> 
     </span>
    </p>
   </div>
   <div class='ocr_carea' id='block_1_11' title="bbox 297 2321 1038 2419">
    <p class='ocr_par' dir='ltr' id='par_1_14' title="bbox 297 2321 1038 2419">
     <span class='ocr_line' id='line_1_45' title="bbox 341 2321 1038 2368; baseline 0 -12"><span class='ocrx_word' id='word_1_198' title='bbox 341 2321 504 2358; x_wconf 82' lang='lat' dir='ltr'>Romanus</span> <span class='ocrx_word' id='word_1_199' title='bbox 529 2325 687 2365; x_wconf 80' lang='lat' dir='ltr'>Pontifex,</span> <span class='ocrx_word' id='word_1_200' title='bbox 705 2325 800 2368; x_wconf 84' lang='lat' dir='ltr'>aequi</span> <span class='ocrx_word' id='word_1_201' title='bbox 825 2325 969 2368; x_wconf 89' lang='lat' dir='ltr'>bonique</span> <span class='ocrx_word' id='word_1_202' title='bbox 989 2335 1038 2357; x_wconf 89' lang='lat' dir='ltr'>su·</span> 
     </span>
     <span class='ocr_line' id='line_1_46' title="bbox 297 2378 1036 2419; baseline 0.001 -10"><span class='ocrx_word' id='word_1_203' title='bbox 297 2387 430 2419; x_wconf 87' lang='lat' dir='ltr'>premus</span> <span class='ocrx_word' id='word_1_204' title='bbox 466 2385 611 2412; x_wconf 83' lang='lat' dir='ltr'>assertor</span> <span class='ocrx_word' id='word_1_205' title='bbox 644 2378 676 2411; x_wconf 93' lang='lat' dir='ltr'>in</span> <span class='ocrx_word' id='word_1_206' title='bbox 715 2378 811 2411; x_wconf 87' lang='lat' dir='ltr'>terris</span> <span class='ocrx_word' id='word_1_207' title='bbox 848 2389 865 2411; x_wconf 88' lang='lat' dir='ltr'>a</span> <span class='ocrx_word' id='word_1_208' title='bbox 899 2379 1036 2411; x_wconf 89' lang='lat' dir='ltr'>Domino</span> 
     </span>
    </p>
   </div>
   <div class='ocr_carea' id='block_1_12' title="bbox 295 2465 1037 2633">
    <p class='ocr_par' dir='ltr' id='par_1_15' title="bbox 334 2465 958 2502">
     <span class='ocr_line' id='line_1_47' title="bbox 334 2465 958 2502; baseline 0.003 -11"><span class='ocrx_word' id='word_1_209' title='bbox 334 2467 343 2492; x_wconf 98' lang='grc'>1</span> <span class='ocrx_word' id='word_1_210' title='bbox 366 2465 435 2492; x_wconf 84' lang='lat' dir='ltr'>Edit.</span> <span class='ocrx_word' id='word_1_211' title='bbox 449 2466 532 2493; x_wconf 81' lang='lat' dir='ltr'>Main.</span> <span class='ocrx_word' id='word_1_212' title='bbox 549 2466 582 2493; x_wconf 83' lang='lat' dir='ltr'>ad</span> <span class='ocrx_word' id='word_1_213' title='bbox 598 2475 685 2502; x_wconf 87' lang='lat' dir='ltr'>marg.</span> <span class='ocrx_word' id='word_1_214' title='bbox 703 2467 784 2494; x_wconf 84' lang='lat' dir='ltr'>habet</span> <span class='ocrx_word' id='word_1_215' title='bbox 799 2466 839 2492; x_wconf 77' lang='lat'>26</span> <span class='ocrx_word' id='word_1_216' title='bbox 854 2467 894 2501; x_wconf 83' lang='lat' dir='ltr'>(n.</span> <span class='ocrx_word' id='word_1_217' title='bbox 910 2467 958 2501; x_wconf 86' lang='grc' dir='ltr'>τ.).</span> 
     </span>
    </p>

    <p class='ocr_par' dir='ltr' id='par_1_16' title="bbox 295 2509 1037 2633">
     <span class='ocr_line' id='line_1_48' title="bbox 330 2509 1037 2542; baseline 0.001 -7"><span class='ocrx_word' id='word_1_218' title='bbox 330 2510 346 2535; x_wconf 67' lang='lat'><strong>2</strong></span> <span class='ocrx_word' id='word_1_219' title='bbox 367 2509 407 2536; x_wconf 77' lang='lat' dir='ltr'>Ab</span> <span class='ocrx_word' id='word_1_220' title='bbox 429 2509 534 2536; x_wconf 79' lang='lat' dir='ltr'>Urbano</span> <span class='ocrx_word' id='word_1_221' title='bbox 556 2510 610 2537; x_wconf 89' lang='lat' dir='ltr'>Vlll</span> <span class='ocrx_word' id='word_1_222' title='bbox 636 2515 722 2538; x_wconf 87' lang='lat' dir='ltr'>const.</span> <span class='ocrx_word' id='word_1_223' title='bbox 751 2511 793 2537; x_wconf 84' lang='lat' dir='ltr'>ed.</span> <span class='ocrx_word' id='word_1_224' title='bbox 825 2516 906 2537; x_wconf 69' lang='lat' dir='ltr'>nexu</span> <span class='ocrx_word' id='word_1_225' title='bbox 925 2532 930 2542; x_wconf 87' lang='lat'>,</span> <span class='ocrx_word' id='word_1_226' title='bbox 959 2510 1001 2536; x_wconf 86' lang='lat' dir='ltr'>die</span> <span class='ocrx_word' id='word_1_227' title='bbox 1021 2511 1037 2536; x_wconf 87' lang='grc'><strong>5</strong></span> 
     </span>
     <span class='ocr_line' id='line_1_49' title="bbox 295 2553 1036 2589; baseline -0.001 -9"><span class='ocrx_word' id='word_1_228' title='bbox 295 2553 372 2586; x_wconf 85' lang='lat' dir='ltr'>iunii,</span> <span class='ocrx_word' id='word_1_229' title='bbox 389 2553 520 2580; x_wconf 84' lang='lat' dir='ltr'>eeclesiae</span> <span class='ocrx_word' id='word_1_230' title='bbox 537 2553 597 2580; x_wconf 81' lang='lat' dir='ltr'>iura</span> <span class='ocrx_word' id='word_1_231' title='bbox 612 2558 787 2589; x_wconf 74' lang='lat' dir='ltr'>praeservata</span> <span class='ocrx_word' id='word_1_232' title='bbox 800 2555 876 2581; x_wconf 79' lang='lat' dir='ltr'>fuere</span> <span class='ocrx_word' id='word_1_233' title='bbox 891 2563 907 2581; x_wconf 87' lang='lat' dir='ltr'>a</span> <span class='ocrx_word' id='word_1_234' title='bbox 921 2554 1036 2589; x_wconf 84' lang='lat' dir='ltr'>quibus-</span> 
     </span>
     <span class='ocr_line' id='line_1_50' title="bbox 296 2598 1034 2633; baseline 0.001 -8"><span class='ocrx_word' id='word_1_235' title='bbox 296 2606 412 2633; x_wconf 86' lang='lat' dir='ltr'>cumque</span> <span class='ocrx_word' id='word_1_236' title='bbox 442 2598 614 2633; x_wconf 82' lang='lat' dir='ltr'>praeiudiciis</span> <span class='ocrx_word' id='word_1_237' title='bbox 630 2608 638 2632; x_wconf 77' lang='lat'>3</span> <span class='ocrx_word' id='word_1_238' title='bbox 669 2599 749 2626; x_wconf 81' lang='lat' dir='ltr'>huius</span> <span class='ocrx_word' id='word_1_239' title='bbox 779 2599 920 2627; x_wconf 73' lang='lat' dir='ltr'>pontificis</span> <span class='ocrx_word' id='word_1_240' title='bbox 949 2602 1034 2626; x_wconf 80' lang='lat' dir='ltr'>const.</span> 
     </span>
    </p>
   </div>
   <div class='ocr_carea' id='block_1_13' title="bbox 1059 259 1064 2577">
    <p class='ocr_par' dir='ltr' id='par_1_17' title="bbox 1059 259 1064 2577">
     <span class='ocr_line' id='line_1_51' title="bbox 1059 259 1064 2577; baseline 0 0"><span class='ocrx_word' id='word_1_241' title='bbox 1059 259 1064 2577; x_wconf 95' lang='lat' dir='ltr'> </span> 
     </span>
    </p>
   </div>
   <div class='ocr_carea' id='block_1_14' title="bbox 1082 199 2020 992">
    <p class='ocr_par' dir='ltr' id='par_1_18' title="bbox 1082 199 2020 926">
     <span class='ocr_line' id='line_1_52' title="bbox 1725 199 2020 238; baseline 0.01 -3"><span class='ocrx_word' id='word_1_242' title='bbox 1725 199 1790 233; x_wconf 67' lang='lat'>8153</span> <span class='ocrx_word' id='word_1_243' title='bbox 1835 209 1884 235; x_wconf 76' lang='lat' dir='ltr'>An.</span> <span class='ocrx_word' id='word_1_244' title='bbox 1906 209 2020 238; x_wconf 64' lang='lat'>01:18</span> 
     </span>
     <span class='ocr_line' id='line_1_53' title="bbox 1084 254 1823 299; baseline 0.005 -13"><span class='ocrx_word' id='word_1_245' title='bbox 1084 256 1294 295; x_wconf 85' lang='lat' dir='ltr'>constitutus,</span> <span class='ocrx_word' id='word_1_246' title='bbox 1310 254 1489 288; x_wconf 77' lang='lat' dir='ltr'>catholicae</span> <span class='ocrx_word' id='word_1_247' title='bbox 1506 255 1578 288; x_wconf 86' lang='lat' dir='ltr'>sidei</span> <span class='ocrx_word' id='word_1_248' title='bbox 1594 257 1823 299; x_wconf 71' lang='lat' dir='ltr'>integritatem,</span> 
     </span>
     <span class='ocr_line' id='line_1_54' title="bbox 1085 307 1825 343; baseline 0.003 -3"><span class='ocrx_word' id='word_1_249' title='bbox 1085 318 1215 340; x_wconf 85' lang='lat' dir='ltr'>necnon</span> <span class='ocrx_word' id='word_1_250' title='bbox 1241 307 1495 341; x_wconf 80' lang='lat' dir='ltr'>ecclesiasticam</span> <span class='ocrx_word' id='word_1_251' title='bbox 1522 308 1704 341; x_wconf 78' lang='lat' dir='ltr'>libertatem</span> <span class='ocrx_word' id='word_1_252' title='bbox 1724 317 1754 342; x_wconf 83' lang='lat' dir='ltr'>et</span> <span class='ocrx_word' id='word_1_253' title='bbox 1773 310 1825 343; x_wconf 89' lang='lat' dir='ltr'>im-</span> 
     </span>
     <span class='ocr_line' id='line_1_55' title="bbox 1085 360 1826 404; baseline 0.004 -12"><span class='ocrx_word' id='word_1_254' title='bbox 1085 360 1299 400; x_wconf 84' lang='lat' dir='ltr'>munitatem,</span> <span class='ocrx_word' id='word_1_255' title='bbox 1326 361 1452 404; x_wconf 81' lang='lat' dir='ltr'>aliaque</span> <span class='ocrx_word' id='word_1_256' title='bbox 1485 362 1724 400; x_wconf 76' lang='lat' dir='ltr'>ecclesiarum,</span> <span class='ocrx_word' id='word_1_257' title='bbox 1761 373 1826 395; x_wconf 92' lang='lat' dir='ltr'>mo-</span> 
     </span>
     <span class='ocr_line' id='line_1_56' title="bbox 1085 414 1825 454; baseline 0.001 -9"><span class='ocrx_word' id='word_1_258' title='bbox 1085 414 1324 454; x_wconf 81' lang='lat' dir='ltr'>nasteriorum,</span> <span class='ocrx_word' id='word_1_259' title='bbox 1352 420 1580 454; x_wconf 81' lang='lat' dir='ltr'>conventuum,</span> <span class='ocrx_word' id='word_1_260' title='bbox 1609 425 1644 447; x_wconf 82' lang='lat' dir='ltr'>ac</span> <span class='ocrx_word' id='word_1_261' title='bbox 1678 415 1825 447; x_wconf 85' lang='lat' dir='ltr'>locorum</span> 
     </span>
     <span class='ocr_line' id='line_1_57' title="bbox 1084 468 1825 511; baseline 0.001 -12"><span class='ocrx_word' id='word_1_262' title='bbox 1084 468 1378 500; x_wconf 82' lang='lat' dir='ltr'>ecclesiasticorum</span> <span class='ocrx_word' id='word_1_263' title='bbox 1405 468 1629 511; x_wconf 79' lang='lat' dir='ltr'>quorumlibet</span> <span class='ocrx_word' id='word_1_264' title='bbox 1657 468 1825 500; x_wconf 77' lang='lat' dir='ltr'>illorumve</span> 
     </span>
     <span class='ocr_line' id='line_1_58' title="bbox 1084 521 1826 563; baseline -0.003 -10"><span class='ocrx_word' id='word_1_265' title='bbox 1084 531 1297 563; x_wconf 82' lang='lat' dir='ltr'>personarum</span> <span class='ocrx_word' id='word_1_266' title='bbox 1333 521 1402 554; x_wconf 87' lang='lat' dir='ltr'>iura</span> <span class='ocrx_word' id='word_1_267' title='bbox 1436 527 1608 554; x_wconf 76' lang='lat' dir='ltr'>sartatecta</span> <span class='ocrx_word' id='word_1_268' title='bbox 1649 521 1758 561; x_wconf 86' lang='lat' dir='ltr'>tueri,</span> <span class='ocrx_word' id='word_1_269' title='bbox 1797 528 1826 554; x_wconf 67' lang='lat' dir='ltr'>et,</span> 
     </span>
     <span class='ocr_line' id='line_1_59' title="bbox 1082 573 1825 617; baseline 0.001 -12"><span class='ocrx_word' id='word_1_270' title='bbox 1082 573 1235 606; x_wconf 85' lang='lat' dir='ltr'>adversus</span> <span class='ocrx_word' id='word_1_271' title='bbox 1261 584 1481 617; x_wconf 85' lang='lat' dir='ltr'>quascumque</span> <span class='ocrx_word' id='word_1_272' title='bbox 1508 574 1674 617; x_wconf 79' lang='lat' dir='ltr'>pactiones</span> <span class='ocrx_word' id='word_1_273' title='bbox 1700 580 1727 607; x_wconf 84' lang='lat' dir='ltr'>et</span> <span class='ocrx_word' id='word_1_274' title='bbox 1748 585 1825 607; x_wconf 89' lang='lat' dir='ltr'>eon-</span> 
     </span>
     <span class='ocr_line' id='line_1_60' title="bbox 1083 627 1825 671; baseline 0.003 -12"><span class='ocrx_word' id='word_1_275' title='bbox 1083 627 1273 667; x_wconf 78' lang='lat' dir='ltr'>ventiones,</span> <span class='ocrx_word' id='word_1_276' title='bbox 1300 639 1359 670; x_wconf 87' lang='lat' dir='ltr'>per</span> <span class='ocrx_word' id='word_1_277' title='bbox 1384 639 1462 671; x_wconf 82' lang='lat' dir='ltr'>quas</span> <span class='ocrx_word' id='word_1_278' title='bbox 1488 628 1551 661; x_wconf 86' lang='lat' dir='ltr'>illis</span> <span class='ocrx_word' id='word_1_279' title='bbox 1577 629 1698 671; x_wconf 87' lang='lat' dir='ltr'>aliquid</span> <span class='ocrx_word' id='word_1_280' title='bbox 1725 629 1825 661; x_wconf 89' lang='lat' dir='ltr'>detri-</span> 
     </span>
     <span class='ocr_line' id='line_1_61' title="bbox 1083 680 1822 723; baseline 0.001 -11"><span class='ocrx_word' id='word_1_281' title='bbox 1083 680 1181 712; x_wconf 86' lang='lat' dir='ltr'>menti</span> <span class='ocrx_word' id='word_1_282' title='bbox 1200 680 1311 714; x_wconf 84' lang='lat' dir='ltr'>inserri</span> <span class='ocrx_word' id='word_1_283' title='bbox 1328 681 1437 723; x_wconf 83' lang='lat' dir='ltr'>possit,</span> <span class='ocrx_word' id='word_1_284' title='bbox 1457 681 1573 713; x_wconf 76' lang='lat' dir='ltr'>tradita</span> <span class='ocrx_word' id='word_1_285' title='bbox 1588 681 1648 713; x_wconf 83' lang='lat' dir='ltr'>sibi</span> <span class='ocrx_word' id='word_1_286' title='bbox 1669 680 1822 713; x_wconf 85' lang='lat' dir='ltr'>divinitus</span> 
     </span>
     <span class='ocr_line' id='line_1_62' title="bbox 1083 733 1825 775; baseline 0 -10"><span class='ocrx_word' id='word_1_287' title='bbox 1083 738 1255 775; x_wconf 84' lang='lat' dir='ltr'>potestate,</span> <span class='ocrx_word' id='word_1_288' title='bbox 1271 744 1419 766; x_wconf 82' lang='lat' dir='ltr'>asserere</span> <span class='ocrx_word' id='word_1_289' title='bbox 1442 739 1584 773; x_wconf 88' lang='lat' dir='ltr'>tenetur,</span> <span class='ocrx_word' id='word_1_290' title='bbox 1603 733 1696 773; x_wconf 83' lang='lat' dir='ltr'>sicut,</span> <span class='ocrx_word' id='word_1_291' title='bbox 1719 733 1825 767; x_wconf 83' lang='lat' dir='ltr'>omni-</span> 
     </span>
     <span class='ocr_line' id='line_1_63' title="bbox 1082 786 1825 829; baseline 0 -11"><span class='ocrx_word' id='word_1_292' title='bbox 1082 786 1141 819; x_wconf 87' lang='lat' dir='ltr'>bus</span> <span class='ocrx_word' id='word_1_293' title='bbox 1160 791 1303 819; x_wconf 86' lang='lat' dir='ltr'>maturae</span> <span class='ocrx_word' id='word_1_294' title='bbox 1323 786 1596 820; x_wconf 82' lang='lat' dir='ltr'>considerationis</span> <span class='ocrx_word' id='word_1_295' title='bbox 1617 787 1734 819; x_wconf 74' lang='lat' dir='ltr'>trutina</span> <span class='ocrx_word' id='word_1_296' title='bbox 1752 796 1825 829; x_wconf 89' lang='lat' dir='ltr'>per-</span> 
     </span>
     <span class='ocr_line' id='line_1_64' title="bbox 1082 839 1825 883; baseline 0 -11"><span class='ocrx_word' id='word_1_297' title='bbox 1082 839 1203 882; x_wconf 87' lang='lat' dir='ltr'>pensis,</span> <span class='ocrx_word' id='word_1_298' title='bbox 1231 839 1387 883; x_wconf 82' lang='lat' dir='ltr'>aequitati</span> <span class='ocrx_word' id='word_1_299' title='bbox 1414 845 1445 872; x_wconf 87' lang='lat' dir='ltr'>et</span> <span class='ocrx_word' id='word_1_300' title='bbox 1478 839 1615 872; x_wconf 86' lang='lat' dir='ltr'>iustitiae</span> <span class='ocrx_word' id='word_1_301' title='bbox 1652 845 1825 873; x_wconf 87' lang='lat' dir='ltr'>consenta-</span> 
     </span>
     <span class='ocr_line' id='line_1_65' title="bbox 1082 892 1756 926; baseline 0 -2"><span class='ocrx_word' id='word_1_302' title='bbox 1082 902 1178 925; x_wconf 86' lang='lat' dir='ltr'>neum</span> <span class='ocrx_word' id='word_1_303' title='bbox 1204 903 1275 925; x_wconf 89' lang='lat' dir='ltr'>esse</span> <span class='ocrx_word' id='word_1_304' title='bbox 1302 893 1334 925; x_wconf 90' lang='lat' dir='ltr'>in</span> <span class='ocrx_word' id='word_1_305' title='bbox 1360 892 1498 926; x_wconf 90' lang='lat' dir='ltr'>Domino</span> <span class='ocrx_word' id='word_1_306' title='bbox 1524 892 1756 925; x_wconf 72' lang='lat' dir='ltr'>arbitramur-¹.</span> 
     </span>
    </p>

    <p class='ocr_par' dir='ltr' id='par_1_19' title="bbox 1126 945 2020 992">
     <span class='ocr_line' id='line_1_66' title="bbox 1126 945 2020 992; baseline 0.001 -15"><span class='ocrx_word' id='word_1_307' title='bbox 1126 945 1141 988; x_wconf 64' lang='grc' dir='ltr'><strong>ἓ</strong></span> <span class='ocrx_word' id='word_1_308' title='bbox 1165 945 1196 977; x_wconf 79' lang='grc'>1.</span> <span class='ocrx_word' id='word_1_309' title='bbox 1224 945 1301 978; x_wconf 89' lang='lat' dir='ltr'>Cum</span> <span class='ocrx_word' id='word_1_310' title='bbox 1328 946 1438 989; x_wconf 85' lang='lat' dir='ltr'>itaque</span> <span class='ocrx_word' id='word_1_311' title='bbox 1456 972 1463 986; x_wconf 89' lang='lat'>,</span> <span class='ocrx_word' id='word_1_312' title='bbox 1489 945 1570 979; x_wconf 85' lang='lat' dir='ltr'>sieut</span> <span class='ocrx_word' id='word_1_313' title='bbox 1595 946 1633 978; x_wconf 86' lang='lat' dir='ltr'>ad</span> <span class='ocrx_word' id='word_1_314' title='bbox 1660 945 1899 992; x_wconf 56' lang='lat' dir='ltr'>apostola-lumIn</span> <span class='ocrx_word' id='word_1_315' title='bbox 1930 949 2020 970; x_wconf 53' lang='lat' dir='ltr'>“mam</span> 
     </span>
    </p>
   </div>
   <div class='ocr_carea' id='block_1_15' title="bbox 1882 974 2020 1000">
    <p class='ocr_par' dir='ltr' id='par_1_20' title="bbox 1882 974 2020 1000">
     <span class='ocr_line' id='line_1_67' title="bbox 1882 974 2020 1000; baseline 0.007 -9"><span class='ocrx_word' id='word_1_316' title='bbox 1882 974 1956 993; x_wconf 69' lang='lat' dir='ltr'>mnndr</span> <span class='ocrx_word' id='word_1_317' title='bbox 1973 982 2020 1000; x_wconf 58' lang='lat' dir='ltr'>pur.</span> 
     </span>
    </p>
   </div>
   <div class='ocr_carea' id='block_1_16' title="bbox 1085 999 2020 1042">
    <p class='ocr_par' dir='ltr' id='par_1_21' title="bbox 1085 999 2020 1042">
     <span class='ocr_line' id='line_1_68' title="bbox 1085 999 2020 1042; baseline 0.002 -12"><span class='ocrx_word' id='word_1_318' title='bbox 1085 1003 1133 1031; x_wconf 90' lang='lat' dir='ltr'>tus</span> <span class='ocrx_word' id='word_1_319' title='bbox 1146 999 1248 1031; x_wconf 86' lang='lat' dir='ltr'>nostri</span> <span class='ocrx_word' id='word_1_320' title='bbox 1275 999 1422 1032; x_wconf 80' lang='lat' dir='ltr'>notitiam</span> <span class='ocrx_word' id='word_1_321' title='bbox 1444 1010 1511 1032; x_wconf 87' lang='lat' dir='ltr'>non</span> <span class='ocrx_word' id='word_1_322' title='bbox 1529 999 1599 1032; x_wconf 88' lang='lat' dir='ltr'>sine</span> <span class='ocrx_word' id='word_1_323' title='bbox 1616 999 1704 1042; x_wconf 73' lang='lat' dir='ltr'>gravi</span> <span class='ocrx_word' id='word_1_324' title='bbox 1723 999 1821 1032; x_wconf 86' lang='lat' dir='ltr'>animi</span> <span class='ocrx_word' id='word_1_325' title='bbox 1835 1002 1923 1020; x_wconf 62' lang='lat' dir='ltr'><strong>“²¹¹¹&#39;¹¹¹f</strong></span> <span class='ocrx_word' id='word_1_326' title='bbox 1941 1007 2020 1022; x_wconf 50' lang='lat' dir='ltr'>ww·-</span> 
     </span>
    </p>
   </div>
   <div class='ocr_carea' id='block_1_17' title="bbox 1835 1026 2046 1052">
    <p class='ocr_par' dir='ltr' id='par_1_22' title="bbox 1835 1026 2046 1052">
     <span class='ocr_line' id='line_1_69' title="bbox 1835 1026 2046 1052; baseline 0.024 -8"><span class='ocrx_word' id='word_1_327' title='bbox 1835 1026 1884 1045; x_wconf 84' lang='lat' dir='ltr'>tium</span> <span class='ocrx_word' id='word_1_328' title='bbox 1899 1027 2020 1052; x_wconf 69' lang='lat' dir='ltr'>haereseos,</span> <span class='ocrx_word' id='word_1_329' title='bbox 2041 1032 2046 1038; x_wconf 83' lang='lat'>&#39;</span> 
     </span>
    </p>
   </div>
   <div class='ocr_carea' id='block_1_18' title="bbox 1083 1052 2020 1106">
    <p class='ocr_par' dir='ltr' id='par_1_23' title="bbox 1083 1052 2020 1106">
     <span class='ocr_line' id='line_1_70' title="bbox 1083 1052 2020 1106; baseline 0.006 -23"><span class='ocrx_word' id='word_1_330' title='bbox 1083 1053 1185 1085; x_wconf 81' lang='lat' dir='ltr'>nostri</span> <span class='ocrx_word' id='word_1_331' title='bbox 1200 1052 1348 1085; x_wconf 79' lang='lat' dir='ltr'>molestia</span> <span class='ocrx_word' id='word_1_332' title='bbox 1360 1052 1518 1095; x_wconf 74' lang='lat' dir='ltr'>pervenit,</span> <span class='ocrx_word' id='word_1_333' title='bbox 1535 1052 1719 1092; x_wconf 81' lang='lat' dir='ltr'>novissime,</span> <span class='ocrx_word' id='word_1_334' title='bbox 1734 1052 2020 1106; x_wconf 55' lang='lat' dir='ltr'>¹¹0⁰]-?S.i²1‘.ssl¹u&#39;³f&#39;⁵fflfiss&#39;=ll</span> 
     </span>
    </p>
   </div>
   <div class='ocr_carea' id='block_1_19' title="bbox 1082 1105 2020 2207">
    <p class='ocr_par' dir='ltr' id='par_1_24' title="bbox 1082 1105 2020 2207">
     <span class='ocr_line' id='line_1_71' title="bbox 1084 1105 2020 1157; baseline 0.001 -20"><span class='ocrx_word' id='word_1_335' title='bbox 1084 1116 1123 1148; x_wconf 87' lang='lat' dir='ltr'>pe</span> <span class='ocrx_word' id='word_1_336' title='bbox 1150 1106 1201 1138; x_wconf 90' lang='lat' dir='ltr'>die</span> <span class='ocrx_word' id='word_1_337' title='bbox 1226 1116 1264 1138; x_wconf 79' lang='lat' dir='ltr'>xv</span> <span class='ocrx_word' id='word_1_338' title='bbox 1290 1105 1370 1138; x_wconf 89' lang='lat' dir='ltr'>iunii</span> <span class='ocrx_word' id='word_1_339' title='bbox 1402 1106 1548 1148; x_wconf 79' lang='lat' dir='ltr'>proxime</span> <span class='ocrx_word' id='word_1_340' title='bbox 1575 1106 1762 1149; x_wconf 86' lang='lat' dir='ltr'>praeteriti,</span> <span class='ocrx_word' id='word_1_341' title='bbox 1790 1106 1962 1157; x_wconf 48' lang='lat' dir='ltr'>inffiffffifflffl</span> <span class='ocrx_word' id='word_1_342' title='bbox 1989 1111 2020 1155; x_wconf 45' lang='lat' dir='ltr'>lg}</span> 
     </span>
     <span class='ocr_line' id='line_1_72' title="bbox 1083 1157 1929 1201; baseline 0.002 -12"><span class='ocrx_word' id='word_1_343' title='bbox 1083 1157 1205 1200; x_wconf 90' lang='lat' dir='ltr'>oppido</span> <span class='ocrx_word' id='word_1_344' title='bbox 1242 1158 1382 1190; x_wconf 80' lang='lat' dir='ltr'>Badensi</span> <span class='ocrx_word' id='word_1_345' title='bbox 1423 1159 1561 1191; x_wconf 71' lang='lat' dir='ltr'>dilectus</span> <span class='ocrx_word' id='word_1_346' title='bbox 1587 1158 1671 1191; x_wconf 80' lang='lat' dir='ltr'>filius</span> <span class='ocrx_word' id='word_1_347' title='bbox 1708 1159 1929 1201; x_wconf 68' lang='lat' dir='ltr'>losepti÷¹ru⁰¹³0-</span> 
     </span>
     <span class='ocr_line' id='line_1_73' title="bbox 1084 1211 1824 1253; baseline 0.003 -11"><span class='ocrx_word' id='word_1_348' title='bbox 1084 1222 1101 1242; x_wconf 86' lang='lat' dir='ltr'>a</span> <span class='ocrx_word' id='word_1_349' title='bbox 1127 1211 1310 1253; x_wconf 69' lang='lat' dir='ltr'>llodulphis</span> <span class='ocrx_word' id='word_1_350' title='bbox 1336 1211 1512 1244; x_wconf 84' lang='lat' dir='ltr'>modernus</span> <span class='ocrx_word' id='word_1_351' title='bbox 1539 1212 1637 1244; x_wconf 84' lang='lat' dir='ltr'>abbas</span> <span class='ocrx_word' id='word_1_352' title='bbox 1665 1218 1824 1244; x_wconf 86' lang='lat' dir='ltr'>monaste·</span> 
     </span>
     <span class='ocr_line' id='line_1_74' title="bbox 1085 1263 1824 1298; baseline 0.003 -3"><span class='ocrx_word' id='word_1_353' title='bbox 1085 1263 1120 1295; x_wconf 85' lang='lat' dir='ltr'>rii</span> <span class='ocrx_word' id='word_1_354' title='bbox 1140 1264 1218 1297; x_wconf 87' lang='lat' dir='ltr'>dieti</span> <span class='ocrx_word' id='word_1_355' title='bbox 1237 1264 1267 1296; x_wconf 83' lang='lat' dir='ltr'>S.</span> <span class='ocrx_word' id='word_1_356' title='bbox 1288 1264 1370 1297; x_wconf 85' lang='lat' dir='ltr'>Galli</span> <span class='ocrx_word' id='word_1_357' title='bbox 1388 1264 1517 1297; x_wconf 83' lang='lat' dir='ltr'>Ordinis</span> <span class='ocrx_word' id='word_1_358' title='bbox 1535 1265 1635 1297; x_wconf 86' lang='lat' dir='ltr'>sancti</span> <span class='ocrx_word' id='word_1_359' title='bbox 1656 1265 1824 1298; x_wconf 79' lang='lat' dir='ltr'>Benedicti</span> 
     </span>
     <span class='ocr_line' id='line_1_75' title="bbox 1084 1317 1823 1361; baseline 0.001 -12"><span class='ocrx_word' id='word_1_360' title='bbox 1084 1318 1206 1350; x_wconf 85' lang='lat' dir='ltr'>nullius</span> <span class='ocrx_word' id='word_1_361' title='bbox 1227 1317 1386 1350; x_wconf 82' lang='lat' dir='ltr'>dioecesis</span> <span class='ocrx_word' id='word_1_362' title='bbox 1403 1318 1588 1361; x_wconf 82' lang='lat' dir='ltr'>provinciae</span> <span class='ocrx_word' id='word_1_363' title='bbox 1606 1318 1823 1361; x_wconf 79' lang='lat' dir='ltr'>Moguntinae,</span> 
     </span>
     <span class='ocr_line' id='line_1_76' title="bbox 1084 1368 1824 1414; baseline 0.001 -11"><span class='ocrx_word' id='word_1_364' title='bbox 1084 1381 1119 1403; x_wconf 77' lang='lat' dir='ltr'>ex</span> <span class='ocrx_word' id='word_1_365' title='bbox 1146 1368 1220 1410; x_wconf 72' lang='lat' dir='ltr'>unzi,</span> <span class='ocrx_word' id='word_1_366' title='bbox 1240 1381 1276 1402; x_wconf 87' lang='lat' dir='ltr'>ac</span> <span class='ocrx_word' id='word_1_367' title='bbox 1301 1370 1509 1412; x_wconf 71' lang='lat' dir='ltr'>magistratus</span> <span class='ocrx_word' id='word_1_368' title='bbox 1540 1371 1722 1414; x_wconf 79' lang='lat' dir='ltr'>pagorum‘z</span> <span class='ocrx_word' id='word_1_369' title='bbox 1746 1371 1824 1404; x_wconf 87' lang='lat' dir='ltr'>Ber-</span> 
     </span>
     <span class='ocr_line' id='line_1_77' title="bbox 1085 1423 1824 1467; baseline 0.003 -12"><span class='ocrx_word' id='word_1_370' title='bbox 1085 1423 1195 1456; x_wconf 88' lang='lat' dir='ltr'>nensis</span> <span class='ocrx_word' id='word_1_371' title='bbox 1215 1429 1247 1455; x_wconf 90' lang='lat' dir='ltr'>et</span> <span class='ocrx_word' id='word_1_372' title='bbox 1271 1423 1426 1465; x_wconf 74' lang='lat' dir='ltr'>Tigurini,</span> <span class='ocrx_word' id='word_1_373' title='bbox 1445 1434 1624 1467; x_wconf 86' lang='lat' dir='ltr'>eorumque</span> <span class='ocrx_word' id='word_1_374' title='bbox 1644 1425 1824 1467; x_wconf 83' lang='lat' dir='ltr'>respective</span> 
     </span>
     <span class='ocr_line' id='line_1_78' title="bbox 1085 1476 1823 1520; baseline -0.001 -11"><span class='ocrx_word' id='word_1_375' title='bbox 1085 1476 1222 1509; x_wconf 88' lang='lat' dir='ltr'>ministri</span> <span class='ocrx_word' id='word_1_376' title='bbox 1238 1476 1471 1520; x_wconf 86' lang='lat' dir='ltr'>seu&#39;deputati,</span> <span class='ocrx_word' id='word_1_377' title='bbox 1491 1487 1527 1510; x_wconf 81' lang='lat' dir='ltr'>ex</span> <span class='ocrx_word' id='word_1_378' title='bbox 1544 1478 1643 1510; x_wconf 75' lang='lat' dir='ltr'>altera</span> <span class='ocrx_word' id='word_1_379' title='bbox 1666 1477 1823 1520; x_wconf 85' lang='lat' dir='ltr'>partibus,</span> 
     </span>
     <span class='ocr_line' id='line_1_79' title="bbox 1083 1530 1824 1574; baseline 0.001 -12"><span class='ocrx_word' id='word_1_380' title='bbox 1083 1541 1182 1574; x_wconf 85' lang='lat' dir='ltr'>super</span> <span class='ocrx_word' id='word_1_381' title='bbox 1208 1530 1342 1563; x_wconf 86' lang='lat' dir='ltr'>diversis</span> <span class='ocrx_word' id='word_1_382' title='bbox 1379 1531 1631 1570; x_wconf 79' lang='lat' dir='ltr'>controversiis,</span> <span class='ocrx_word' id='word_1_383' title='bbox 1670 1530 1710 1563; x_wconf 90' lang='lat' dir='ltr'>oh</span> <span class='ocrx_word' id='word_1_384' title='bbox 1744 1541 1824 1573; x_wconf 81' lang='lat' dir='ltr'>quas</span> 
     </span>
     <span class='ocr_line' id='line_1_80' title="bbox 1084 1583 1824 1626; baseline 0 -11"><span class='ocrx_word' id='word_1_385' title='bbox 1084 1584 1203 1616; x_wconf 89' lang='lat' dir='ltr'>dudum</span> <span class='ocrx_word' id='word_1_386' title='bbox 1238 1583 1322 1616; x_wconf 84' lang='lat' dir='ltr'>inter</span> <span class='ocrx_word' id='word_1_387' title='bbox 1348 1583 1483 1616; x_wconf 85' lang='lat' dir='ltr'>eosdem</span> <span class='ocrx_word' id='word_1_388' title='bbox 1518 1594 1619 1626; x_wconf 68' lang='lat' dir='ltr'>pagos</span> <span class='ocrx_word' id='word_1_389' title='bbox 1652 1589 1684 1616; x_wconf 90' lang='lat' dir='ltr'>et</span> <span class='ocrx_word' id='word_1_390' title='bbox 1716 1583 1824 1616; x_wconf 81' lang='lat' dir='ltr'>bonae</span> 
     </span>
     <span class='ocr_line' id='line_1_81' title="bbox 1082 1636 1825 1678; baseline 0 -10"><span class='ocrx_word' id='word_1_391' title='bbox 1082 1636 1261 1669; x_wconf 87' lang='lat' dir='ltr'>memoriae</span> <span class='ocrx_word' id='word_1_392' title='bbox 1287 1636 1537 1678; x_wconf 73' lang='lat' dir='ltr'>Leodegarium,</span> <span class='ocrx_word' id='word_1_393' title='bbox 1554 1637 1629 1669; x_wconf 89' lang='lat' dir='ltr'>dmn</span> <span class='ocrx_word' id='word_1_394' title='bbox 1656 1636 1741 1675; x_wconf 64' lang='lat' dir='ltr'>vixit,</span> <span class='ocrx_word' id='word_1_395' title='bbox 1759 1647 1825 1669; x_wconf 89' lang='lat' dir='ltr'>me-</span> 
     </span>
     <span class='ocr_line' id='line_1_82' title="bbox 1083 1688 1824 1728; baseline 0.001 -8"><span class='ocrx_word' id='word_1_396' title='bbox 1083 1688 1199 1721; x_wconf 85' lang='lat' dir='ltr'>morati</span> <span class='ocrx_word' id='word_1_397' title='bbox 1237 1689 1425 1721; x_wconf 85' lang='lat' dir='ltr'>monasterii</span> <span class='ocrx_word' id='word_1_398' title='bbox 1469 1689 1643 1728; x_wconf 89' lang='lat' dir='ltr'>abbatem,</span> <span class='ocrx_word' id='word_1_399' title='bbox 1682 1699 1747 1721; x_wconf 88' lang='lat' dir='ltr'>non</span> <span class='ocrx_word' id='word_1_400' title='bbox 1781 1689 1824 1721; x_wconf 87' lang='lat' dir='ltr'>ita</span> 
     </span>
     <span class='ocr_line' id='line_1_83' title="bbox 1082 1741 1824 1784; baseline 0 -11"><span class='ocrx_word' id='word_1_401' title='bbox 1082 1741 1210 1784; x_wconf 88' lang='lat' dir='ltr'>pridem</span> <span class='ocrx_word' id='word_1_402' title='bbox 1236 1742 1274 1774; x_wconf 85' lang='lat' dir='ltr'>ab</span> <span class='ocrx_word' id='word_1_403' title='bbox 1301 1741 1452 1774; x_wconf 78' lang='lat' dir='ltr'>humanis</span> <span class='ocrx_word' id='word_1_404' title='bbox 1486 1747 1690 1784; x_wconf 79' lang='lat' dir='ltr'>exemptum,</span> <span class='ocrx_word' id='word_1_405' title='bbox 1729 1741 1824 1774; x_wconf 86' lang='lat' dir='ltr'>etiam</span> 
     </span>
     <span class='ocr_line' id='line_1_84' title="bbox 1082 1795 1863 1834; baseline 0 -7"><span class='ocrx_word' id='word_1_406' title='bbox 1082 1795 1121 1827; x_wconf 86' lang='lat' dir='ltr'>ad</span> <span class='ocrx_word' id='word_1_407' title='bbox 1159 1805 1247 1827; x_wconf 84' lang='lat' dir='ltr'>arma</span> <span class='ocrx_word' id='word_1_408' title='bbox 1286 1795 1457 1827; x_wconf 85' lang='lat' dir='ltr'>deventum</span> <span class='ocrx_word' id='word_1_409' title='bbox 1493 1796 1621 1834; x_wconf 83' lang='lat' dir='ltr'>suerat,</span> <span class='ocrx_word' id='word_1_410' title='bbox 1656 1800 1824 1828; x_wconf 84' lang='lat' dir='ltr'>tractatum</span> <span class='ocrx_word' id='word_1_411' title='bbox 1856 1801 1863 1804; x_wconf 83' lang='lat'>&#39;</span> 
     </span>
     <span class='ocr_line' id='line_1_85' title="bbox 1083 1847 1823 1890; baseline 0 -11"><span class='ocrx_word' id='word_1_412' title='bbox 1083 1848 1254 1890; x_wconf 82' lang='lat' dir='ltr'>quemdam</span> <span class='ocrx_word' id='word_1_413' title='bbox 1281 1848 1516 1890; x_wconf 81' lang='lat' dir='ltr'>pacificatiOnis</span> <span class='ocrx_word' id='word_1_414' title='bbox 1543 1847 1686 1886; x_wconf 82' lang='lat' dir='ltr'>inierint,</span> <span class='ocrx_word' id='word_1_415' title='bbox 1705 1848 1737 1879; x_wconf 87' lang='lat' dir='ltr'>in</span> <span class='ocrx_word' id='word_1_416' title='bbox 1757 1849 1823 1890; x_wconf 90' lang='lat' dir='ltr'>plu-</span> 
     </span>
     <span class='ocr_line' id='line_1_86' title="bbox 1083 1899 1823 1943; baseline 0 -11"><span class='ocrx_word' id='word_1_417' title='bbox 1083 1910 1133 1932; x_wconf 87' lang='lat' dir='ltr'>res</span> <span class='ocrx_word' id='word_1_418' title='bbox 1159 1900 1310 1932; x_wconf 82' lang='lat' dir='ltr'>articulos</span> <span class='ocrx_word' id='word_1_419' title='bbox 1342 1899 1555 1939; x_wconf 75' lang='lat' dir='ltr'>distinctum,</span> <span class='ocrx_word' id='word_1_420' title='bbox 1584 1910 1722 1943; x_wconf 85' lang='lat' dir='ltr'>quorum</span> <span class='ocrx_word' id='word_1_421' title='bbox 1751 1901 1823 1942; x_wconf 90' lang='lat' dir='ltr'>ple-</span> 
     </span>
     <span class='ocr_line' id='line_1_87' title="bbox 1083 1951 1823 1994; baseline 0 -10"><span class='ocrx_word' id='word_1_422' title='bbox 1083 1952 1193 1994; x_wconf 83' lang='lat' dir='ltr'>risque</span> <span class='ocrx_word' id='word_1_423' title='bbox 1218 1952 1250 1984; x_wconf 87' lang='lat' dir='ltr'>in</span> <span class='ocrx_word' id='word_1_424' title='bbox 1276 1952 1433 1985; x_wconf 84' lang='lat' dir='ltr'>comitatu</span> <span class='ocrx_word' id='word_1_425' title='bbox 1460 1951 1648 1994; x_wconf 78' lang='lat' dir='ltr'>Dosgiensi,</span> <span class='ocrx_word' id='word_1_426' title='bbox 1674 1953 1823 1985; x_wconf 88' lang='lat' dir='ltr'>eiusdem</span> 
     </span>
     <span class='ocr_line' id='line_1_88' title="bbox 1083 2005 1823 2045; baseline 0 -8"><span class='ocrx_word' id='word_1_427' title='bbox 1083 2005 1272 2037; x_wconf 88' lang='lat' dir='ltr'>monasterii</span> <span class='ocrx_word' id='word_1_428' title='bbox 1299 2005 1412 2038; x_wconf 89' lang='lat' dir='ltr'>ditioni</span> <span class='ocrx_word' id='word_1_429' title='bbox 1439 2005 1604 2045; x_wconf 83' lang='lat' dir='ltr'>subiecto,</span> <span class='ocrx_word' id='word_1_430' title='bbox 1632 2016 1698 2038; x_wconf 92' lang='lat' dir='ltr'>non</span> <span class='ocrx_word' id='word_1_431' title='bbox 1727 2005 1823 2038; x_wconf 89' lang='lat' dir='ltr'>modo</span> 
     </span>
     <span class='ocr_line' id='line_1_89' title="bbox 1083 2058 1823 2091; baseline 0.001 -1"><span class='ocrx_word' id='word_1_432' title='bbox 1083 2058 1256 2090; x_wconf 86' lang='lat' dir='ltr'>haereticis</span> <span class='ocrx_word' id='word_1_433' title='bbox 1282 2058 1472 2091; x_wconf 89' lang='lat' dir='ltr'>hominibus</span> <span class='ocrx_word' id='word_1_434' title='bbox 1489 2058 1633 2091; x_wconf 79' lang='lat' dir='ltr'>nefariae</span> <span class='ocrx_word' id='word_1_435' title='bbox 1649 2069 1726 2091; x_wconf 85' lang='lat' dir='ltr'>suae</span> <span class='ocrx_word' id='word_1_436' title='bbox 1745 2059 1823 2091; x_wconf 88' lang='lat' dir='ltr'>hae-</span> 
     </span>
     <span class='ocr_line' id='line_1_90' title="bbox 1083 2111 1824 2154; baseline 0.001 -12"><span class='ocrx_word' id='word_1_437' title='bbox 1083 2121 1190 2144; x_wconf 90' lang='lat' dir='ltr'>reseos</span> <span class='ocrx_word' id='word_1_438' title='bbox 1217 2111 1406 2144; x_wconf 84' lang='lat' dir='ltr'>exercitium</span> <span class='ocrx_word' id='word_1_439' title='bbox 1422 2111 1523 2144; x_wconf 86' lang='lat' dir='ltr'>libere</span> <span class='ocrx_word' id='word_1_440' title='bbox 1541 2111 1748 2154; x_wconf 89' lang='lat' dir='ltr'>permittitur,</span> <span class='ocrx_word' id='word_1_441' title='bbox 1767 2111 1824 2144; x_wconf 86' lang='lat' dir='ltr'>sed</span> 
     </span>
     <span class='ocr_line' id='line_1_91' title="bbox 1083 2164 1822 2207; baseline 0 -11"><span class='ocrx_word' id='word_1_442' title='bbox 1083 2165 1142 2207; x_wconf 90' lang='lat' dir='ltr'>ipsi</span> <span class='ocrx_word' id='word_1_443' title='bbox 1170 2164 1328 2197; x_wconf 83' lang='lat' dir='ltr'>haeretici</span> <span class='ocrx_word' id='word_1_444' title='bbox 1354 2166 1417 2196; x_wconf 69' lang='lat' dir='ltr'>una</span> <span class='ocrx_word' id='word_1_445' title='bbox 1443 2175 1514 2198; x_wconf 89' lang='lat' dir='ltr'>eum</span> <span class='ocrx_word' id='word_1_446' title='bbox 1540 2164 1721 2204; x_wconf 85' lang='lat' dir='ltr'>catholicis,</span> <span class='ocrx_word' id='word_1_447' title='bbox 1747 2174 1822 2207; x_wconf 82' lang='lat' dir='ltr'>per-</span> 
     </span>
    </p>
   </div>
   <div class='ocr_carea' id='block_1_20' title="bbox 1080 2242 1824 2632">
    <p class='ocr_par' dir='ltr' id='par_1_25' title="bbox 1080 2242 1824 2543">
     <span class='ocr_line' id='line_1_92' title="bbox 1082 2242 1823 2278; baseline 0 -9"><span class='ocrx_word' id='word_1_448' title='bbox 1082 2242 1125 2270; x_wconf 36' lang='lat' dir='ltr'>ed,</span> <span class='ocrx_word' id='word_1_449' title='bbox 1148 2249 1278 2274; x_wconf 77' lang='lat' dir='ltr'>noccxn,</span> <span class='ocrx_word' id='word_1_450' title='bbox 1300 2242 1342 2269; x_wconf 80' lang='lat' dir='ltr'>die</span> <span class='ocrx_word' id='word_1_451' title='bbox 1363 2242 1396 2269; x_wconf 84' lang='grc'>19</span> <span class='ocrx_word' id='word_1_452' title='bbox 1424 2242 1505 2274; x_wconf 81' lang='lat' dir='ltr'>iulii,</span> <span class='ocrx_word' id='word_1_453' title='bbox 1536 2243 1632 2278; x_wconf 80' lang='lat' dir='ltr'>pontis.</span> <span class='ocrx_word' id='word_1_454' title='bbox 1661 2249 1719 2276; x_wconf 78' lang='lat' dir='ltr'>xn,</span> <span class='ocrx_word' id='word_1_455' title='bbox 1749 2242 1823 2269; x_wconf 84' lang='lat' dir='ltr'>nulla</span> 
     </span>
     <span class='ocr_line' id='line_1_93' title="bbox 1082 2287 1824 2314; baseline -0.001 0"><span class='ocrx_word' id='word_1_456' title='bbox 1082 2287 1218 2314; x_wconf 80' lang='lat' dir='ltr'>declarata</span> <span class='ocrx_word' id='word_1_457' title='bbox 1237 2287 1288 2314; x_wconf 83' lang='lat' dir='ltr'>fuit</span> <span class='ocrx_word' id='word_1_458' title='bbox 1307 2287 1453 2314; x_wconf 89' lang='lat' dir='ltr'>concordia</span> <span class='ocrx_word' id='word_1_459' title='bbox 1473 2287 1542 2313; x_wconf 88' lang='lat' dir='ltr'>inter</span> <span class='ocrx_word' id='word_1_460' title='bbox 1571 2287 1770 2314; x_wconf 84' lang='lat' dir='ltr'>ecclesiasticos</span> <span class='ocrx_word' id='word_1_461' title='bbox 1797 2291 1824 2313; x_wconf 83' lang='lat' dir='ltr'>et</span> 
     </span>
     <span class='ocr_line' id='line_1_94' title="bbox 1080 2330 1822 2367; baseline -0.001 -9"><span class='ocrx_word' id='word_1_462' title='bbox 1080 2332 1207 2367; x_wconf 62' lang='lat' dir='ltr'>syndicus</span> <span class='ocrx_word' id='word_1_463' title='bbox 1223 2336 1310 2358; x_wconf 82' lang='lat' dir='ltr'>terrae</span> <span class='ocrx_word' id='word_1_464' title='bbox 1327 2330 1444 2363; x_wconf 77' lang='lat' dir='ltr'>Villarii3</span> <span class='ocrx_word' id='word_1_465' title='bbox 1462 2335 1489 2357; x_wconf 84' lang='lat' dir='ltr'>et</span> <span class='ocrx_word' id='word_1_466' title='bbox 1503 2330 1640 2357; x_wconf 84' lang='lat' dir='ltr'>Benedicti</span> <span class='ocrx_word' id='word_1_467' title='bbox 1656 2331 1717 2357; x_wconf 79' lang='lat' dir='ltr'>Xlll</span> <span class='ocrx_word' id='word_1_468' title='bbox 1735 2335 1822 2358; x_wconf 85' lang='lat' dir='ltr'>const.</span> 
     </span>
     <span class='ocr_line' id='line_1_95' title="bbox 1081 2375 1822 2410; baseline -0.003 -7"><span class='ocrx_word' id='word_1_469' title='bbox 1081 2376 1124 2403; x_wconf 89' lang='lat' dir='ltr'>ed.</span> <span class='ocrx_word' id='word_1_470' title='bbox 1147 2383 1301 2409; x_wconf 76' lang='lat' dir='ltr'>MDCCxle,</span> <span class='ocrx_word' id='word_1_471' title='bbox 1322 2376 1365 2402; x_wconf 83' lang='lat' dir='ltr'>die</span> <span class='ocrx_word' id='word_1_472' title='bbox 1388 2376 1418 2402; x_wconf 69' lang='lat'>14</span> <span class='ocrx_word' id='word_1_473' title='bbox 1438 2375 1578 2409; x_wconf 79' lang='lat' dir='ltr'>februarii,</span> <span class='ocrx_word' id='word_1_474' title='bbox 1599 2375 1694 2410; x_wconf 83' lang='lat' dir='ltr'>pontif.</span> <span class='ocrx_word' id='word_1_475' title='bbox 1715 2383 1744 2405; x_wconf 74' lang='lat' dir='ltr'>11v</span> <span class='ocrx_word' id='word_1_476' title='bbox 1761 2375 1822 2402; x_wconf 89' lang='lat' dir='ltr'>nul-</span> 
     </span>
     <span class='ocr_line' id='line_1_96' title="bbox 1080 2419 1821 2448; baseline -0.004 0"><span class='ocrx_word' id='word_1_477' title='bbox 1080 2422 1135 2448; x_wconf 86' lang='lat' dir='ltr'>lum</span> <span class='ocrx_word' id='word_1_478' title='bbox 1163 2421 1317 2447; x_wconf 85' lang='lat' dir='ltr'>declaratur</span> <span class='ocrx_word' id='word_1_479' title='bbox 1341 2419 1525 2446; x_wconf 79' lang='lat' dir='ltr'>iuramentum</span> <span class='ocrx_word' id='word_1_480' title='bbox 1553 2420 1690 2446; x_wconf 81' lang='lat' dir='ltr'>fidelitatis</span> <span class='ocrx_word' id='word_1_481' title='bbox 1717 2419 1821 2446; x_wconf 75' lang='lat' dir='ltr'>exhibi-</span> 
     </span>
     <span class='ocr_line' id='line_1_97' title="bbox 1081 2463 1822 2500; baseline -0.003 -9"><span class='ocrx_word' id='word_1_482' title='bbox 1081 2470 1136 2491; x_wconf 86' lang='lat' dir='ltr'>tum</span> <span class='ocrx_word' id='word_1_483' title='bbox 1157 2466 1282 2500; x_wconf 79' lang='lat' dir='ltr'>potestati</span> <span class='ocrx_word' id='word_1_484' title='bbox 1303 2463 1436 2491; x_wconf 80' lang='lat' dir='ltr'>saeculari</span> <span class='ocrx_word' id='word_1_485' title='bbox 1451 2464 1476 2490; x_wconf 93' lang='lat' dir='ltr'>in</span> <span class='ocrx_word' id='word_1_486' title='bbox 1492 2463 1627 2490; x_wconf 70' lang='lat' dir='ltr'>sabaudia</span> <span class='ocrx_word' id='word_1_487' title='bbox 1638 2472 1652 2490; x_wconf 84' lang='lat' dir='ltr'>a</span> <span class='ocrx_word' id='word_1_488' title='bbox 1668 2463 1822 2498; x_wconf 81' lang='lat' dir='ltr'>praeposito</span> 
     </span>
     <span class='ocr_line' id='line_1_98' title="bbox 1080 2507 1544 2543; baseline -0.004 -8"><span class='ocrx_word' id='word_1_489' title='bbox 1080 2509 1222 2543; x_wconf 77' lang='lat' dir='ltr'>hospitalis</span> <span class='ocrx_word' id='word_1_490' title='bbox 1242 2508 1334 2542; x_wconf 77' lang='lat' dir='ltr'>Magni</span> <span class='ocrx_word' id='word_1_491' title='bbox 1354 2509 1382 2534; x_wconf 80' lang='lat' dir='ltr'>S.</span> <span class='ocrx_word' id='word_1_492' title='bbox 1405 2507 1544 2534; x_wconf 83' lang='lat' dir='ltr'>Bernardi.</span> 
     </span>
    </p>

    <p class='ocr_par' dir='ltr' id='par_1_26' title="bbox 1117 2552 1591 2586">
     <span class='ocr_line' id='line_1_99' title="bbox 1117 2552 1591 2586; baseline 0 -8"><span class='ocrx_word' id='word_1_493' title='bbox 1117 2554 1127 2578; x_wconf 82' lang='lat'>1</span> <span class='ocrx_word' id='word_1_494' title='bbox 1151 2552 1281 2586; x_wconf 81' lang='lat' dir='ltr'>Legerem</span> <span class='ocrx_word' id='word_1_495' title='bbox 1301 2553 1468 2580; x_wconf 75' lang='lat' dir='ltr'>arbitratur</span> <span class='ocrx_word' id='word_1_496' title='bbox 1487 2558 1527 2585; x_wconf 74' lang='lat' dir='ltr'>(n.</span> <span class='ocrx_word' id='word_1_497' title='bbox 1543 2552 1591 2586; x_wconf 85' lang='grc' dir='ltr'><strong>τ.).</strong></span> 
     </span>
    </p>

    <p class='ocr_par' dir='ltr' id='par_1_27' title="bbox 1114 2596 1777 2632">
     <span class='ocr_line' id='line_1_100' title="bbox 1114 2596 1777 2632; baseline -0.005 -8"><span class='ocrx_word' id='word_1_498' title='bbox 1114 2597 1130 2624; x_wconf 73' lang='lat'><strong>2</strong></span> <span class='ocrx_word' id='word_1_499' title='bbox 1151 2597 1216 2625; x_wconf 75' lang='lat' dir='ltr'>Male</span> <span class='ocrx_word' id='word_1_500' title='bbox 1237 2598 1302 2625; x_wconf 81' lang='lat' dir='ltr'>edit.</span> <span class='ocrx_word' id='word_1_501' title='bbox 1325 2597 1402 2624; x_wconf 79' lang='lat' dir='ltr'>Main.</span> <span class='ocrx_word' id='word_1_502' title='bbox 1425 2597 1490 2632; x_wconf 78' lang='lat' dir='ltr'>legit</span> <span class='ocrx_word' id='word_1_503' title='bbox 1510 2597 1652 2624; x_wconf 74' lang='lat' dir='ltr'>Pasorum</span> <span class='ocrx_word' id='word_1_504' title='bbox 1674 2596 1710 2630; x_wconf 78' lang='lat' dir='ltr'>(n.</span> <span class='ocrx_word' id='word_1_505' title='bbox 1730 2596 1777 2629; x_wconf 83' lang='lat' dir='ltr'>T.).</span> 
     </span>
    </p>
   </div>
  </div>
 </body>
</html>
