2269 3203
269 219 306 245 Αιι
337 219 365 245 c.
386 219 450 247 1707
498 210 561 244 C273

292 1826 373 1852 ,ittutn

275 1940 326 1953 tuin.

411 1827 459 1847 s-uh

463 268 531 302 bris
558 280 699 305 uncxsax
725 276 879 305 renovata
906 272 965 305 fuit
1000 272 1144 306 eiusdem
1171 283 1203 305 e-

465 322 542 356 dicti
580 324 775 367 publicatio,
814 325 922 358 addita
962 324 1201 365 declaratione,

465 377 550 418 quod
573 376 604 409 in
632 377 736 410 edicto
764 378 853 421 prius
885 378 1051 421 publicato
1077 378 1203 411 fuerant
1229 377 1233 380 ’

465 430 678 463 demandatae
694 431 857 473 praefatae
875 431 1071 473 diligentiae,
1091 431 1202 464 adhoc

464 489 499 515 ut
534 483 770 526 patrimonialis
806 484 976 525 generalis,
1019 484 1202 528 supplendo

465 536 698 578 negligentiam
726 536 911 569 officialium
937 537 1200 570 communitatum

465 594 496 620 et
521 588 776 629 universitatum,
796 595 908 632 posset
931 590 1073 623 securius
1092 601 1202 623 earum

466 646 583 674 statum
621 642 843 685 superioribus
886 643 1117 676 ecelesiasticis
1153 654 1203 676 re-

464 699 688 737 praesentare,
724 700 767 735 ut,
804 706 863 738 pro
890 707 1003 729 eorum
1030 696 1204 739 prudentia

465 753 562 791 atque
599 748 732 789 iustitia,
763 749 975 792 praeiudicio,
1009 750 1097 793 quod
1138 749 1204 782 illis

465 812 501 834 ex
517 801 610 833 nimis
629 806 724 835 aucto
743 802 1044 835 ecelesiasticorum
1066 812 1202 835 numero

464 855 664 894 resultasset,
693 856 875 888 remedium
901 855 1013 888 afferre
1038 854 1201 898 possent¹‚

464 908 568 951 ipsum
595 909 776 942 coercendo
796 909 833 942 ad
854 909 972 942 limites
1000 908 1204 941 necessitatis

465 966 561 1004 atque
586 962 732 995 utilitatis
755 962 979 1000 ecelesiarum,
1003 971 1127 994 necnon
1150 971 1204 1003 pa-

466 1014 689 1048 trimoniorum
717 1026 879 1048 excessum
907 1015 945 1048 ad
965 1015 1099 1047 formam
1125 1014 1205 1047 Con-

464 1069 529 1101 cilii
573 1069 753 1102 Tridentini
793 1069 966 1112 supradicti
1004 1068 1201 1101 reducendo.

466 1118 532 1160 Qua
548 1127 652 1155 tamen
668 1123 885 1156 declaratione
902 1122 1104 1155 insufficienti
1125 1132 1205 1154 com-

465 1178 565 1219 perta,
592 1182 773 1219 postquam,
791 1187 850 1219 pro
872 1178 909 1209 ea
927 1176 1105 1209 obtinenda
1124 1185 1203 1217 quae

465 1230 631 1263 sufficiens
659 1231 785 1271 fuisset,
811 1230 968 1262 inutiliter
994 1230 1091 1261 trium
1117 1239 1206 1261 rnen-

466 1283 548 1316 sium
563 1283 665 1326 spatio
685 1289 854 1316 renovatae
874 1283 1002 1315 fuerant
1020 1281 1205 1318 instantiae,

467 1337 527 1370 fuit
553 1337 681 1369 tandem
704 1347 763 1379 per
797 1337 1080 1379 archiepiscopum
1106 1345 1202 1378 prae-

467 1391 589 1424 dictum
615 1391 666 1424 die
691 1401 729 1423 xx
755 1391 859 1423 martii
891 1400 977 1424 nnec
1006 1389 1206 1433 publicatum

469 1444 625 1485 edietum,
662 1455 725 1488 quo
751 1445 840 1477 nulla
873 1444 1037 1477 declarata
1076 1443 1207 1476 fuerunt

470 1503 615 1541 eaquae
642 1508 697 1540 per
725 1498 893 1539 delegatos
923 1496 1088 1540 praefatos
1116 1495 1205 1538 prius

470 1551 556 1584 edita
582 1556 613 1584 et
638 1552 842 1594 promulgata
868 1551 1007 1590 fuerant,
1029 1550 1061 1582 in
1078 1549 1115 1582 iis
1136 1558 1207 1592 par-

469 1605 554 1638 tibus
581 1616 660 1648 quas
692 1605 776 1637 idem
808 1604 1076 1647 archiepiscopus
1102 1603 1206 1635 eccle-

468 1659 618 1691 siasticae
645 1658 786 1691 libertati
807 1664 838 1691 et
858 1657 1074 1690 jurisdictioni
1096 1657 1208 1689 adver-

469 1711 531 1744 sari
558 1717 589 1745 et
615 1712 737 1745 eisdem
763 1711 941 1745 laesionem
966 1711 1087 1743 inferre
1112 1720 1206 1753 posse

469 1765 644 1798 arbitratus
665 1765 735 1797 fuit.

514 1818 659 1861 Cumque
678 1818 801 1862 paritet
826 1817 865 1850 ad
891 1816 1034 1850 eiusdem
1055 1816 1208 1848 Innocen-

416 1855 458 1874 ueri
485 1872 503 1878 ,,

275 1857 411 1926 diminui
395 1880 412 1899 b
424 1886 458 1900 ιο·
471 1878 504 1904 tn
537 1870 799 1915 piaedecessoris
825 1871 972 1904 notitiam
1000 1870 1206 1908 devenisset,

390 1910 460 1932 ¹¹¹¹·1¹0

470 1926 555 1969 quod
590 1925 640 1958 die
664 1935 708 1958 xil
734 1925 804 1957 iulii
839 1933 981 1958 mncxcix
1015 1923 1047 1956 in
1081 1923 1207 1956 cixitite

469 1979 609 2022 Ipporeg
614 1978 694 2011 iensi
737 1978 841 2011 fuerat
875 1977 1067 2010 auctoritate
1103 1976 1207 2009 laicali

469 2031 670 2075 publicatum
696 2031 857 2071 edictum,
885 2041 949 2074 quo
975 2030 1130 2063 ministris
1152 2040 1209 2072 pu-

469 2084 564 2117 blicis
593 2085 862 2128 praecipiebatur,
888 2090 921 2117 ut
952 2095 1022 2117 eum
1049 2084 1136 2117 omni
1160 2094 1209 2116 ce-

469 2137 596 2170 leritate
648 2149 684 2170 ac
728 2138 894 2179 diligentia
936 2141 1209 2179 recognoscerent

470 2200 583 2223 omnes
616 2201 772 2233 personas
799 2190 1052 2229 ecclesiasticas,
1080 2189 1208 2222 univer-

470 2243 590 2282 sitates,
607 2254 744 2286 corpora
765 2250 858 2286 atque
878 2243 1016 2286 collegia
1042 2254 1106 2276 non
1133 2254 1209 2275 con—

470 2295 633 2329 currentia
663 2296 818 2328 solutioui
856 2297 952 2328 annui
987 2296 1094 2328 oneris
1127 2300 1208 2327 lasso

470 2349 645 2392 nuncupati
687 2360 745 2392 pro
786 2349 879 2381 bonis
915 2349 946 2381 in
979 2354 1114 2381 catastro
1148 2348 1205 2380 de-

470 2402 598 2445 scriptis
630 2407 661 2435 et
695 2402 734 2434 ab
761 2401 838 2444 ipsis
865 2401 1032 2444 possessis,
1062 2411 1096 2433 ac
1123 2400 1209 2432 simi-

471 2456 544 2489 liter
570 2456 639 2498 pias
672 2455 957 2486 confraternitates
984 2454 1097 2486 eadem
1125 2455 1208 2486 bona

471 2509 666 2547 detinentes,
693 2517 751 2550 pro
784 2507 900 2550 quibus
929 2507 1048 2539 nedum
1074 2517 1090 2539 a
1115 2518 1209 2550 prae-

471 2562 569 2602 dicti,
594 2561 651 2594 sed
692 2561 787 2593 etiam
813 2560 951 2593 aliorum
989 2570 1125 2593 onerum
1158 2570 1209 2594 so-

507 2625 516 2651 1
541 2623 612 2652 Edit.
631 2623 710 2652 Main.
728 2623 791 2660 legit
803 2626 894 2659 posset
911 2624 948 2659 (a.
964 2623 1013 2658 T.).

1038 223 1217 248 Dt'tmnl'jst
1243 223 1397 248 nonabsit

1247 273 1370 306 tutione
1397 273 1632 313 eximebantur,
1652 273 1813 307 eiusmodi
1838 284 1915 307 vero
1934 284 1984 307 reo

1246 326 1466 368 cognitionem
1489 329 1518 358 et
1537 326 1797 359 informationem
1817 326 1983 358 transmit-

1248 384 1352 411 terent
1378 379 1534 421 delegatis
1558 378 1767 421 generalibus
1792 389 1889 421 super
1912 389 1983 412 reu-

1246 431 1343 464 nione
1373 442 1408 464 ae
1438 431 1686 464 conservatione
1718 431 1878 474 regesti-i,
1909 442 1984 475 pro·

1247 486 1392 518 cedendo
1418 486 1546 518 interim
1584 486 1622 518 ad
1649 490 1853 528 sequestrum
1886 496 1984 529 super

1248 538 1406 571 fructibus
1432 539 1594 571 bonorum
1624 538 1657 570 in
1691 543 1833 571 catastro
1866 538 1985 572 descri-

1247 597 1386 634 ptorum,
1411 592 1533 634 absque
1558 592 1625 624 ulla
1651 602 1863 634 personarum
1891 602 1984 625 exce-

1247 643 1367 686 ptione,
1394 655 1466 676 cum
1493 644 1564 676 aliis
1591 644 1687 677 etiam
1713 644 1985 687 dispositionibus

1248 696 1364 740 quibus
1402 698 1488 730 laesa
1513 707 1681 730 remanere
1708 703 1838 740 poterat
1873 699 1981 731 eccle-

1247 749 1379 782 ciastica
1405 749 1536 783 libertas
1562 756 1593 783 et
1618 749 1818 791 iurisdictio;
1838 761 1874 783 ae
1892 760 1984 794 prae-

1249 808 1337 835 terea
1367 802 1583 846 significatum
1616 803 1729 836 fuisset
1761 803 1859 836 edicti
1892 813 1968 847 prae

1250 855 1302 888 fati
1329 855 1582 899 publicationem
1608 855 1640 889 in
1667 856 1738 889 aliis
1764 856 1861 889 etiam
1886 857 1987 890 Pede-

1249 913 1420 941 montanae
1447 909 1579 942 ditionis
1606 909 1791 942 civitatibus
1810 910 1924 942 factam
1943 910 1986 942 fu-

1249 961 1334 1001 isse·,
1362 961 1511 1004 adeoque
1537 972 1595 1005 pro
1621 962 1737 995 veriori
1764 962 1810 995 rei
1837 962 1988 995 habenda

1250 1014 1480 1048 informatione
1507 1016 1664 1058 scriptum
1701 1015 1814 1048 fuisset
1837 1015 1986 1049 omnibus

1250 1067 1337 1100 illius
1364 1068 1509 1110 regionis
1546 1069 1711 1112 episeopis
1743 1072 1776 1102 ut
1801 1078 1899 1112 super
1925 1068 1988 1101 boc

1250 1121 1429 1161 referrent,
1463 1127 1493 1154 et
1527 1122 1656 1156 interim
1683 1122 1863 1156 defensioni
1889 1127 1987 1166 atque

1251 1175 1488 1208 conservationi
1542 1175 1783 1208 ecclesiasticae
1826 1175 1987 1209 libertatis

1251 1227 1494 1261 incumberent:
1516 1229 1625 1261 habita
1643 1224 1835 1272 exipsorum
1854 1239 1990 1272 respon-

1251 1283 1292 1314 sis
1318 1282 1431 1315 notitia
1465 1282 1584 1315 nedum
1615 1283 1718 1316 dietae
1754 1283 1986 1326 publicationis

1251 1336 1415 1370 nonnullis
1441 1336 1473 1369 in
1506 1336 1584 1369 locis
1610 1342 1779 1380 sequutae,
1813 1337 1868 1369 sed
1901 1338 1987 1380 quod

1252 1389 1328 1422 varii
1357 1401 1534 1433 gravesque
1568 1390 1620 1422 alii
1649 1391 1765 1423 abusus
1797 1392 1828 1423 in
1861 1390 1990 1433 praeiu-

1252 1443 1405 1476 iudicium
1432 1443 1673 1476 ecclesiasticae
1705 1443 1917 1477 immunitatis
1944 1449 1988 1476 at-

1252 1507 1313 1540 que
1344 1496 1580 1530 iurisdictionis
1617 1497 1737 1530 alicubi
1774 1497 1986 1540 irrepserant,

1251 1550 1331 1582 ultra
1359 1549 1567 1592 particularia
1591 1549 1735 1582 remedia
1756 1550 1842 1582 iuxta
1857 1560 1989 1583 casuum

1252 1601 1447 1644 exigentiam
1485 1602 1696 1645 praescripta,
1737 1602 1937 1644 generaliter
1973 1613 1990 1635 a

1252 1655 1510 1698 Cougregatione
1538 1661 1611 1688 tunc
1637 1655 1846 1688 existentium
1871 1655 1986 1688 S.R.E.

1251 1707 1464 1741 cardinalium
1484 1708 1675 1740 immunitati
1698 1707 1939 1741 ecclesiasticae
1958 1713 1991 1740 et

1252 1762 1481 1795 controversiis
1507 1761 1818 1794 iurisdictionalibus
1844 1771 1987 1804 praepo-

1252 1815 1311 1846 sita
1337 1815 1528 1847 demandata
1562 1814 1621 1846 fuit
1650 1814 1801 1856 praefatis
1827 1813 1990 1857 episcopis

1253 1868 1428 1910 publicatio
1446 1867 1598 1900 contrarii
1618 1867 1725 1907 edicti,
1744 1878 1806 1911 qua
1823 1867 1989 1900 Ecclesiae

1252 1922 1320 1954 iura
1343 1928 1428 1954 sarta
1446 1926 1477 1954 et
1498 1926 1581 1954 tecta
1598 1927 1818 1960 servarentur,
1835 1926 1865 1954 et
1887 1921 1989 1961 novis,

1252 1986 1334 2018 quae
1362 1974 1393 2007 in
1420 1974 1488 2007 dies
1514 1985 1701 2008 excrescere
1720 1979 1881 2018 poterant,
1902 1984 1989 2018 prae·

1253 2027 1380 2061 iudiciis
1399 2028 1604 2061 oluia··10tui·
1632 2029 1717 2072 quod
1737 2038 1812 2061 sane
1832 2038 1890 2072 per
1907 2038 1989 2061 non-

1252 2140 1349 2178 prout
1373 2135 1406 2167 in
1431 2135 1590 2168 mandatis
1613 2135 1806 2175 lialnieiant,
1824 2139 1990 2178 petactun]

1254 2189 1324 2221 fuit.
1353 2188 1467 2222 Verum
1487 2187 1645 2222 eiusmodi
1667 2188 1905 2221 contrariorum
1922 2187 1991 2220 edi-

1252 2248 1379 2275 ctorum
1405 2241 1671 2285 publicationem,
1696 2241 1821 2273 scilicet
1845 2246 1909 2274 tam
1945 2241 1986 2274 il-

1253 2296 1314 2328 lan]
1340 2295 1379 2327 ab
1398 2294 1647 2336 archiepiscopo
1666 2293 1856 2326 'l'aurinensi
1877 2294 1990 2327 factam

1253 2354 1364 2381 contra
1390 2348 1530 2380 edictum
1559 2347 1642 2379 sicut
1661 2346 1877 2390 praemittitur
1905 2359 1991 2381 ema-

1253 2407 1363 2433 natum
1390 2412 1407 2433 a
1433 2400 1592 2443 delegatis
1619 2410 1717 2442 super
1742 2400 1990 2434 conservatione

1254 2460 1285 2486 et
1310 2453 1466 2487 reunione
1493 2452 1628 2495 segestri
1663 2453 1713 2485 die
1740 2463 1817 2486 xvia
1849 2459 1990 2497 septem-

1254 2508 1318 2540 bris
1345 2516 1495 2540 Mncxcvu
1522 2512 1553 2539 et
1572 2513 1760 2540 renovatum
1779 2507 1830 2540 die
1848 2517 1914 2540 xvti
1936 2507 1991 2540 de-

1253 2560 1392 2595 cembris
1418 2569 1569 2601 nncxfflx,
1596 2571 1691 2604 quam
1717 2560 1813 2594 aliam
1838 2570 1988 2603 expresse

1254 2613 1481 2649 demandatam
1502 2624 1518 2648 a
1536 2615 1717 2649 memorata
1732 2612 1990 2657 Congregatione

1985 224 2033 250 An,
2057 227 2084 251 (2.
2108 225 2174 252 {707

2033 2040 2184 2068 cpiscoporum

1999 2073 2037 2088 co
2034 2069 2105 2088 maria
2118 2068 2184 2088 r-ecla

1253 2082 1360 2114 nullos
1379 2081 1642 2114 Pedeniont·1nae
1662 2081 1791 2115 ditionis
1805 2082 1987 2125 episcopos
2001 2101 2033 2114 ιιιι
2023 2097 2065 2114 ιιιιι
2094 2095 2120 2115 ιιιι
2123 2095 2185 2121 pem-

2002 2123 2042 2141 tur.
