2269 3203
102 203 152 231 Αιι.
170 202 200 229 C.
224 201 291 230 ¹706

125 583 253 606 lnclulxuntu«
266 583 292 603 «ιω

108 615 150 637 qiu
166 617 185 630 ιιι
199 611 292 631 nitri-ic..

151 1968 270 1989 tlt-ansulae

925 200 1066 225 CLEMENs
1091 200 1124 224 XI
1149 201 1199 225 Pr.

341 250 590 296 Cruciqerorum
626 261 698 284 cum
735 250 834 284 rubea
875 249 970 283 stella
1005 250 1040 282 in

340 306 418 349 festo
442 306 666 340 Eoeallati'onis
690 304 724 339 S.
755 304 901 340 Cmcis'.

511 378 646 405 Clemens
672 377 751 410 Papa
772 377 821 407 xl,

299 422 457 450 universis
479 422 731 450 christifidelibus
756 424 936 455 praesentes
957 421 1043 448 litte·
1064 426 1066 433 ¹

335 474 384 494 ras
405 467 591 502 inspecturis
609 487 616 501 ‚
638 467 770 494 salutem
795 469 827 493 et
847 465 1044 500 apostolicam

336 512 588 539 benedictionem.

347 573 408 616 ξι.
427 573 472 606 Ad
487 572 668 615 augendam
688 571 832 605 fidelium
850 571 1043 614 religionem

304 632 336 658 et
353 626 534 658 animarum
560 626 695 659 salutem
718 625 915 658 caelestibus
938 624 1046 657 Eccle-

305 679 371 712 siae
383 678 543 711 thesauris
554 678 608 722 pia
619 678 774 711 charitate
786 678 912 717 intenti,
924 688 961 711 ac
971 688 1046 721 sup-

305 732 536 776 plicationibus
555 731 665 765 dilecti
686 731 742 764 lilii
765 731 915 764 moderni
937 731 1044 774 magni

305 785 451 829 magistri
471 785 601 818 Ordinis
623 784 774 819 militaris
799 784 1046 828 Crucigerorum

306 849 377 871 cum
403 839 507 872 rubea
533 839 627 872 stella
652 849 710 882 per
735 838 944 878 Bobemham,
967 837 1046 871 Silc-

307 891 401 933 siam,
428 891 600 926 Moraviam
627 897 659 925 et
683 891 849 926 poloniam
876 891 1046 924 existentis

307 945 365 978 sub
389 947 504 989 regula
524 946 625 979 sancti
649 946 818 989 Augustini
840 945 971 979 nomine
993 955 1049 978 no-

307 999 358 1032 bis
384 1009 484 1043 super
502 1000 564 1032 boc
581 999 750 1032 humiliter
770 999 932 1042 porrectis
958 998 1049 1031 incli-

309 1052 386 1092 nati,
403 1052 553 1085 omnibus
579 1058 611 1085 et
634 1052 771 1095 singulis
797 1053 965 1095 utriusque
998 1062 1049 1084 se-

309 1114 367 1138 xus
392 1105 659 1139 christifidelibus
695 1116 769 1138 vere
805 1105 1050 1148 poenitentibus

310 1163 341 1192 et
364 1159 540 1198 confessis,
566 1169 602 1190 ac
627 1159 717 1191 sacra
742 1158 973 1191 communione
999 1169 1051 1190 re-

310 1213 414 1253 sectis,
430 1212 484 1256 qui
507 1213 648 1256 aliquam
674 1223 710 1246 ex
737 1213 885 1246 ecclesiis
904 1213 978 1245 dicti
997 1212 1052 1245 Or-

310 1265 394 1298 dinis
431 1265 464 1298 in
500 1266 623 1298 eisdem
658 1266 768 1308 regnis
806 1271 836 1298 et
874 1265 1052 1309 provinciis

311 1319 526 1352 existentibus
553 1319 604 1352 die
632 1319 712 1352 sesto
737 1319 949 1352 Exaltationis
974 1319 1052 1352 San-

311 1378 381 1406 ctae
407 1372 514 1406 Crucis
540 1384 557 1406 a
581 1373 693 1417 primis
719 1373 866 1417 vesperis
891 1383 993 1416 usque
1013 1372 1052 1406 ad

312 1437 461 1460 occasum
486 1427 563 1460 solis
600 1427 673 1460 sesti
706 1427 892 1460 huiusmodi
918 1426 1054 1470 singulis

313 1479 407 1513 annis
428 1480 542 1514 devote
557 1479 768 1521 visitaverint,
787 1485 818 1514 et
835 1480 877 1512 ibi
892 1490 953 1523 pro
975 1479 1055 1512 cliri-

314 1533 496 1567 stianorum
529 1533 714 1577 principum
750 1533 946 1573 concordia,
978 1533 1055 1566 hae-

315 1597 424 1620 resum
456 1587 695 1630 extirpatione,
721 1598 757 1621 ac
783 1592 914 1620 sanctae
945 1586 1055 1620 Matris

316 1639 498 1672 Eccclesiae
516 1641 712 1673 exaltatione
727 1641 796 1683 pias
812 1640 852 1674 ad
868 1640 967 1673 Deum
984 1650 1056 1684 pre—

317 1702 369 1725 ces
395 1692 579 1733 effuderint,
604 1694 786 1737 plenariam
811 1695 955 1727 omnium
983 1704 1057 1738 pec-

318 1751 464 1779 catorum
483 1756 615 1778 suorum
635 1745 871 1789 indulgentiam
893 1752 924 1780 et
943 1747 1057 1780 remis-

318 1799 444 1832 sionem
477 1799 736 1832 misericorditer
761 1799 793 1832 in
817 1799 955 1833 Domino
981 1810 1057 1833 con-

317 1851 473 1885 cedimus.
494 1852 724 1886 Praesentibus
749 1853 917 1897 perpetuis
943 1853 1057 1886 suturis

317 1905 522 1950 temporibus
541 1906 702 1939 valituris.

362 1959 377 2003 ἓ
401 1959 431 1992 ⁶2.
451 1959 605 1993 volumus
627 1964 734 1992 autem
753 1964 788 1992 ut
808 1959 952 2003 ipsarum
971 1969 1059 2003 prae-

318 2013 460 2046 sentium
485 2014 666 2046 litterarum
695 2013 912 2056 transumptis,
934 2023 988 2046 seu
1007 2024 1059 2046 ex-

320 2067 446 2111 emplis,
471 2067 568 2100 etiam
595 2066 772 2110 impressis,
799 2077 895 2099 manu
922 2066 1059 2100 alicuius

319 2120 437 2153 notarii
455 2120 576 2163 publici
603 2120 807 2163 subscriptis,
822 2125 853 2152 et
866 2119 972 2162 sigillo
988 2129 1061 2162 per-

320 2183 417 2206 sonae
443 2173 475 2206 in
501 2173 720 2206 ecclesiastica
737 2172 891 2214 dignitate
909 2171 1061 2205 constitu-

320 2232 370 2260 tae
396 2226 540 2267 munitis,
561 2226 673 2259 eadem
691 2236 825 2269 prorsus
843 2226 924 2259 tides
946 2231 1010 2258 tam
1028 2225 1060 2258 in

320 2279 440 2313 iudicio
458 2290 555 2323 quam
574 2285 661 2312 extra
678 2280 754 2312 illud
774 2279 894 2323 ubique
913 2280 1059 2312 locorum

322 2332 503 2372 habeatur,
531 2343 613 2376 quae
648 2332 826 2365 haberetur
858 2332 936 2375 ipsis
968 2342 1061 2375 prae-

322 2385 468 2419 sentibus
483 2386 509 2419 si
528 2386 632 2419 forent
647 2386 811 2420 exhibitae
830 2386 880 2419 vel
898 2391 1059 2419 ostensae.

359 2474 371 2500 1
393 2473 546 2501 innocentii
573 2474 622 2501 XII
647 2474 757 2501 constit.
786 2474 851 2502 edit.
882 2480 998 2508 mncxcv,
1019 2473 1063 2500 die

323 2516 357 2544 23
372 2517 441 2551 iulii,
457 2518 552 2552 pontif.
568 2525 594 2551 v,
610 2519 770 2546 confirmata
784 2519 894 2546 fuerunt
907 2518 1061 2554 privilegia3

325 2565 351 2588 et
369 2561 396 2588 in
411 2560 549 2588 Benedicti
563 2561 620 2589 Xlll
636 2562 742 2590 constit.
763 2562 828 2590 edit.
844 2569 979 2590 mnecxnv
991 2583 998 2596 ‚
1019 2562 1063 2590 die

326 2607 341 2634 4
356 2605 474 2641 augusti,
486 2606 581 2641 pontis.
594 2613 612 2641 ι,
629 2611 701 2634 extat
715 2607 855 2635 translatio
869 2607 1060 2642 indulgentiae.

1724 192 1784 226 ⁶201

1129 250 1244 283 Datum
1269 250 1411 290 Romae,
1438 250 1522 293 apud
1549 250 1580 283 S.
1608 250 1740 284 Mariam
1765 251 1828 284 Ma-

1085 303 1201 344 iorem,
1228 304 1286 336 sub
1306 304 1429 337 annulo
1456 303 1641 343 piscatoris,
1663 303 1714 337 die
1733 315 1828 338 xxvln

1087 357 1213 400 augusti
1239 367 1383 397 nncevl,
1411 356 1620 401 pontificatus
1648 357 1750 390 nostri
1776 368 1831 389 an-

1087 421 1130 443 no
1155 421 1200 443 vi.

1838 200 1888 228 An.
1904 201 1933 228 C.
1956 201 2023 228 1706

1124 471 1184 498 Dat.
1205 471 1250 498 die
1270 471 1304 498 28
1325 471 1433 506 augusti
1452 470 1529 504 170⁶,
1548 470 1648 506 pontif.
1672 479 1743 497 anno
1761 477 1795 497 Vl.

1407 615 1512 649 XClll.

1091 695 1313 738 Confirmatio·
1358 695 1520 728 decretum
1566 695 1834 739 Conqreyationis

1133 749 1357 792 episcoporum
1375 753 1403 781 et
1422 749 1629 792 reyularium
1649 748 1686 781 de
1706 758 1835 781 serran-

1134 801 1175 834 dii,
1200 803 1430 835 constitutione
1446 802 1632 836 Innocentii
1649 802 1771 845 lero
1788 801 1836 834 di-

1133 856 1256 889 visione
1271 855 1460 900 provinciae
1475 856 1636 889 Polom'ae
1653 856 1692 889 B.
1709 856 1836 889 Mariae

1135 908 1256 942 Montis
1283 909 1426 944 Carmeli
1441 909 1461 942 ¹.

1314 990 1448 1017 Clemens
1469 990 1548 1023 Papa
1567 990 1616 1022 xl,

1226 1036 1260 1061 ad
1291 1034 1428 1062 futuram
1456 1034 1504 1061 rei
1533 1034 1720 1061 memoriam.

1138 1106 1152 1149 ξ
1170 1105 1201 1138 l.
1224 1105 1342 1148 Nuper,
1358 1116 1417 1149 pro
1433 1111 1527 1149 parte
1546 1106 1736 1139 dilectorum
1756 1105 1851 1141 tilio-A
1873 1111 1970 1131 Rus-*aur
1994 1110 2031 1130 ¹11¹-

1094 1168 1164 1191 rum
1182 1158 1302 1201 prioris
1321 1158 1545 1202 provincialis,
1565 1159 1775 1191 definitorum
1801 1169 1836 1190 ac
1846 1139 2032 1211 {33¹'12'iijvffissiji'ff

1095 1212 1301 1255 superiorum
1340 1211 1528 1255 provinciae
1566 1211 1699 1244 Russiac
1731 1211 1761 1244 S.
1788 1198 1948 1244 10-r.⁴u;'ss¹.¹ie‘,³
1967 1198 2031 1242 ,2anss

1848 1250 1893 1264 etus
1923 1244 2032 1263 confirma-

1096 1265 1190 1308 sephi
1208 1265 1338 1297 Ordinis
1356 1265 1492 1298 fratrum
1518 1265 1636 1297 Beatae
1657 1265 1775 1297 Mariae
1797 1265 1877 1317 deffi
1893 1270 2033 1317 ³x¹ii'2i·'i'÷1⁰”¹¹'

1095 1319 1202 1351 Monte
1228 1318 1376 1352 Carmelo
1394 1318 1425 1351 in
1450 1329 1551 1361 regno
1569 1318 1738 1359 Poloniae,
1758 1317 1839 1351 Con-
1893 1312 1899 1317 ⁴
1993 1312 1998 1316 ⁶

1097 1372 1279 1415 gregationi
1298 1372 1535 1406 venerabilium
1562 1372 1694 1405 fratrum
1713 1376 1841 1405 nostro-

1096 1435 1168 1459 rum
1193 1425 1225 1459 S.
1257 1426 1295 1459 R.
1328 1425 1362 1458 E.
1395 1425 1610 1459 cardinalium
1642 1425 1784 1468 negotiis
1810 1430 1841 1458 et

1097 1479 1395 1512 consultationibus
1429 1478 1659 1522 episcoporum
1691 1484 1722 1511 et
1747 1487 1842 1521 regu-

1098 1533 1216 1565 larium
1242 1532 1450 1576 praepositae
1475 1531 1631 1575 exposito‚
1650 1531 1748 1575 quod,
1767 1539 1841 1564 cum

1098 1585 1263 1630 provincia
1288 1585 1455 1625 poloniae,
1474 1595 1557 1628 quae
1571 1595 1683 1618 omnes
1703 1595 1843 1617 conven-

1099 1646 1149 1672 tus
1176 1639 1252 1672 dicti
1278 1638 1407 1672 Ordinis
1440 1638 1473 1670 in
1504 1637 1569 1671 illis
1602 1638 1750 1681 partibus
1776 1637 1843 1670 cxi-

1099 1697 1221 1725 stentes
1258 1691 1579 1735 comprehendebat,
1605 1697 1740 1734 propter
1772 1690 1842 1723 eius

1100 1746 1349 1790 amplitudinem
1367 1746 1405 1778 ab
1423 1756 1488 1778 uno
1514 1746 1625 1789 priore
1651 1744 1842 1788 provinciali

1101 1799 1274 1843 quotannis
1290 1827 1298 1839 ,
1332 1799 1480 1842 quinimo
1507 1798 1643 1841 singulis
1669 1797 1817 1830 trienniis
1836 1824 1844 1836 ‚

1101 1852 1280 1892 commode,
1308 1857 1339 1885 et
1365 1853 1402 1885 ea
1427 1863 1490 1895 qua
1514 1862 1575 1895 par
1601 1855 1669 1884 erat
1693 1852 1780 1891 cura,
1803 1850 1844 1882 ri-

1101 1905 1191 1938 sitari
1216 1916 1283 1938 non
1308 1905 1484 1945 valuisset,
1509 1905 1542 1937 in
1575 1904 1718 1947 capitulo
1744 1914 1842 1947 gene-

1102 1959 1161 1992 rali
1177 1959 1321 1992 eiusdem
1336 1958 1465 1992 Ordinis
1485 1963 1560 1990 tunc
1587 1958 1762 1997 celebrato,
1782 1956 1843 1989 hac

1103 2003 1241 2055 aliisque
1277 2012 1459 2045 rationibus
1491 2016 1617 2044 mature
1649 2010 1843 2055 perpensis,

1103 2067 1269 2099 decretum
1303 2066 1405 2098 suerat
1424 2092 1431 2105 ,
1459 2065 1606 2098 eamdem
1642 2063 1845 2108 provinciam

1104 2116 1258 2151 poloniae
1284 2118 1315 2150 in
1342 2118 1421 2151 duas
1449 2117 1667 2155 dividendam,
1685 2118 1770 2150 unde
1787 2117 1846 2149 bo-

1103 2181 1164 2203 nae
1191 2171 1367 2203 memoriae
1392 2170 1558 2203 Paulutius
1583 2170 1614 2203 S.
1642 2166 1679 2202 R.
1698 2169 1733 2202 E.
1754 2179 1846 2212 pres-

1103 2225 1197 2268 byter
1213 2224 1387 2257 cardinalis
1409 2225 1448 2256 de
1469 2223 1600 2257 Alteriis
1626 2228 1843 2266 nuncupatus

1105 2277 1181 2310 dum
1206 2277 1293 2317 vixit,
1318 2276 1448 2310 Ordinis
1473 2276 1630 2321 praedicti
1663 2276 1748 2319 apud
1773 2286 1845 2308 san-

1105 2337 1188 2364 ctam
1213 2331 1330 2364 Sedem
1356 2330 1578 2374 Apostolicam
1603 2335 1791 2374 protector,
1813 2329 1845 2361 in

1105 2385 1167 2418 vim
1194 2383 1355 2418 facultatis
1380 2384 1408 2417 ei
1433 2394 1533 2428 super
1557 2385 1621 2418 hoc
1646 2394 1707 2428 per
1730 2382 1847 2417 rescri-

1142 2475 1152 2501 1
1177 2473 1298 2501 Laudata
1317 2473 1426 2500 constit.
1447 2473 1513 2500 edit.
1534 2473 1584 2500 fuit
1609 2478 1783 2505 nncbxxxvn,
1804 2471 1847 2497 die

1105 2517 1138 2545 27
1154 2518 1231 2551 iunii;
1243 2521 1270 2545 et
1285 2517 1311 2544 in
1324 2517 1460 2544 Benedicti
1479 2517 1535 2544 Xlll
1547 2521 1634 2544 const.
1650 2517 1695 2544 ed.
1709 2521 1846 2547 MDCCxxv,

1105 2562 1149 2589 die
1164 2562 1193 2589 21
1213 2562 1280 2597 iulii,
1297 2562 1392 2598 pontif.
1409 2569 1428 2596 1,
1445 2562 1619 2589 confirmatur
1639 2561 1779 2588 decretum
1798 2566 1847 2595 pro

1106 2615 1172 2642 pace
1192 2607 1218 2633 in
1239 2607 1377 2642 provincia
1397 2606 1537 2633 Poloniae.
