<?xml version="1.0" encoding="UTF-8"?>
<!DOCTYPE html PUBLIC "-//W3C//DTD XHTML 1.0 Transitional//EN"
    "http://www.w3.org/TR/xhtml1/DTD/xhtml1-transitional.dtd">
<html xmlns="http://www.w3.org/1999/xhtml" xml:lang="en" lang="en">
 <head>
  <title>
</title>
<meta http-equiv="Content-Type" content="text/html;charset=utf-8" />
  <meta name='ocr-system' content='tesseract 3.04.00' />
  <meta name='ocr-capabilities' content='ocr_page ocr_carea ocr_par ocr_line ocrx_word'/>
</head>
<body>
  <div class='ocr_page' id='page_1' title='image "./bullarumdiplomat21cath_1060.png"; bbox 0 0 2269 3203; ppageno 0'>
   <div class='ocr_carea' id='block_1_1' title="bbox 257 211 2171 250">
    <p class='ocr_par' dir='ltr' id='par_1_1' title="bbox 257 211 2171 250">
     <span class='ocr_line' id='line_1_1' title="bbox 257 211 2171 250; baseline -0.006 -1"><span class='ocrx_word' id='word_1_1' title='bbox 257 223 294 249; x_wconf 79' lang='grc' dir='ltr'>Αη</span> <span class='ocrx_word' id='word_1_2' title='bbox 325 222 355 250; x_wconf 81' lang='lat' dir='ltr'>C.</span> <span class='ocrx_word' id='word_1_3' title='bbox 376 221 443 248; x_wconf 70' lang='lat'>1723</span> <span class='ocrx_word' id='word_1_4' title='bbox 489 211 552 246; x_wconf 75' lang='lat'>9⁶28</span> <span class='ocrx_word' id='word_1_5' title='bbox 1028 217 1210 243; x_wconf 71' lang='lat' dir='ltr'>BULLARIUM</span> <span class='ocrx_word' id='word_1_6' title='bbox 1235 216 1392 241; x_wconf 77' lang='lat' dir='ltr'><strong>ROMANUM</strong></span> <span class='ocrx_word' id='word_1_7' title='bbox 1979 215 2029 243; x_wconf 77' lang='lat' dir='ltr'>An.</span> <span class='ocrx_word' id='word_1_8' title='bbox 2050 217 2080 244; x_wconf 76' lang='lat' dir='ltr'>c,</span> <span class='ocrx_word' id='word_1_9' title='bbox 2102 217 2171 244; x_wconf 76' lang='lat'>1723</span> 
     </span>
    </p>
   </div>
   <div class='ocr_carea' id='block_1_2' title="bbox 1236 264 1981 789">
    <p class='ocr_par' dir='ltr' id='par_1_2' title="bbox 1236 264 1981 789">
     <span class='ocr_line' id='line_1_2' title="bbox 1236 264 1979 305; baseline 0 -10"><span class='ocrx_word' id='word_1_10' title='bbox 1236 265 1449 305; x_wconf 81' lang='lat' dir='ltr'>promissionis,</span> <span class='ocrx_word' id='word_1_11' title='bbox 1467 264 1655 304; x_wconf 78' lang='lat' dir='ltr'>obligationis</span> <span class='ocrx_word' id='word_1_12' title='bbox 1669 268 1698 295; x_wconf 90' lang='lat' dir='ltr'>et</span> <span class='ocrx_word' id='word_1_13' title='bbox 1713 264 1871 296; x_wconf 86' lang='lat' dir='ltr'>iuramenti</span> <span class='ocrx_word' id='word_1_14' title='bbox 1893 264 1979 296; x_wconf 86' lang='lat' dir='ltr'>alteri</span> 
     </span>
     <span class='ocr_line' id='line_1_3' title="bbox 1236 313 1978 353; baseline 0.001 -10"><span class='ocrx_word' id='word_1_15' title='bbox 1236 314 1344 343; x_wconf 85' lang='lat' dir='ltr'>locant.</span> <span class='ocrx_word' id='word_1_16' title='bbox 1377 314 1449 353; x_wconf 87' lang='lat' dir='ltr'>Nos,</span> <span class='ocrx_word' id='word_1_17' title='bbox 1474 318 1505 344; x_wconf 87' lang='lat' dir='ltr'>ut</span> <span class='ocrx_word' id='word_1_18' title='bbox 1529 317 1663 344; x_wconf 89' lang='lat' dir='ltr'>tenemur</span> <span class='ocrx_word' id='word_1_19' title='bbox 1692 323 1726 344; x_wconf 83' lang='lat' dir='ltr'>ex</span> <span class='ocrx_word' id='word_1_20' title='bbox 1753 313 1851 344; x_wconf 91' lang='lat' dir='ltr'>debito</span> <span class='ocrx_word' id='word_1_21' title='bbox 1883 314 1978 345; x_wconf 86' lang='lat' dir='ltr'>nostri</span> 
     </span>
     <span class='ocr_line' id='line_1_4' title="bbox 1237 362 1977 402; baseline 0.001 -11"><span class='ocrx_word' id='word_1_22' title='bbox 1237 363 1445 393; x_wconf 73' lang='lat' dir='ltr'>camerariatus</span> <span class='ocrx_word' id='word_1_23' title='bbox 1468 362 1568 401; x_wconf 83' lang='lat' dir='ltr'>officii,</span> <span class='ocrx_word' id='word_1_24' title='bbox 1587 362 1792 402; x_wconf 76' lang='lat' dir='ltr'>tranquillitati</span> <span class='ocrx_word' id='word_1_25' title='bbox 1811 362 1977 400; x_wconf 87' lang='lat' dir='ltr'>curialium,</span> 
     </span>
     <span class='ocr_line' id='line_1_5' title="bbox 1236 410 1980 450; baseline 0 -10"><span class='ocrx_word' id='word_1_26' title='bbox 1236 411 1449 450; x_wconf 87' lang='lat' dir='ltr'>inquilinorum</span> <span class='ocrx_word' id='word_1_27' title='bbox 1471 415 1499 441; x_wconf 90' lang='lat' dir='ltr'>et</span> <span class='ocrx_word' id='word_1_28' title='bbox 1521 411 1803 450; x_wconf 89' lang='lat' dir='ltr'>subinquilinorum,</span> <span class='ocrx_word' id='word_1_29' title='bbox 1834 420 1868 441; x_wconf 86' lang='lat' dir='ltr'>ac</span> <span class='ocrx_word' id='word_1_30' title='bbox 1897 410 1980 441; x_wconf 87' lang='lat' dir='ltr'>mali-</span> 
     </span>
     <span class='ocr_line' id='line_1_6' title="bbox 1237 459 1979 498; baseline -0.001 -9"><span class='ocrx_word' id='word_1_31' title='bbox 1237 460 1298 497; x_wconf 83' lang='lat' dir='ltr'>tiis,</span> <span class='ocrx_word' id='word_1_32' title='bbox 1322 460 1489 498; x_wconf 80' lang='lat' dir='ltr'>calumniis,</span> <span class='ocrx_word' id='word_1_33' title='bbox 1506 459 1606 490; x_wconf 84' lang='lat' dir='ltr'>litibus</span> <span class='ocrx_word' id='word_1_34' title='bbox 1622 463 1650 489; x_wconf 88' lang='lat' dir='ltr'>et</span> <span class='ocrx_word' id='word_1_35' title='bbox 1667 459 1887 497; x_wconf 81' lang='lat' dir='ltr'>controversiis,</span> <span class='ocrx_word' id='word_1_36' title='bbox 1905 468 1979 498; x_wconf 88' lang='lat' dir='ltr'>quae</span> 
     </span>
     <span class='ocr_line' id='line_1_7' title="bbox 1238 507 1980 547; baseline 0 -9"><span class='ocrx_word' id='word_1_37' title='bbox 1238 508 1313 538; x_wconf 89' lang='lat' dir='ltr'>inter</span> <span class='ocrx_word' id='word_1_38' title='bbox 1333 509 1465 538; x_wconf 89' lang='lat' dir='ltr'>dominos</span> <span class='ocrx_word' id='word_1_39' title='bbox 1487 508 1655 543; x_wconf 80' lang='lat' dir='ltr'>domorum,</span> <span class='ocrx_word' id='word_1_40' title='bbox 1673 517 1707 537; x_wconf 83' lang='lat' dir='ltr'>ex</span> <span class='ocrx_word' id='word_1_41' title='bbox 1724 509 1795 546; x_wconf 68' lang='lat' dir='ltr'>una,</span> <span class='ocrx_word' id='word_1_42' title='bbox 1812 517 1844 538; x_wconf 85' lang='lat' dir='ltr'>ac</span> <span class='ocrx_word' id='word_1_43' title='bbox 1859 507 1980 547; x_wconf 89' lang='lat' dir='ltr'>inquili-</span> 
     </span>
     <span class='ocr_line' id='line_1_8' title="bbox 1237 556 1980 596; baseline 0 -10"><span class='ocrx_word' id='word_1_44' title='bbox 1237 565 1290 586; x_wconf 85' lang='lat' dir='ltr'>nos</span> <span class='ocrx_word' id='word_1_45' title='bbox 1306 560 1334 586; x_wconf 92' lang='lat' dir='ltr'>et</span> <span class='ocrx_word' id='word_1_46' title='bbox 1350 556 1578 595; x_wconf 87' lang='lat' dir='ltr'>subinquilinos‚</span> <span class='ocrx_word' id='word_1_47' title='bbox 1596 556 1727 596; x_wconf 90' lang='lat' dir='ltr'>partibus</span> <span class='ocrx_word' id='word_1_48' title='bbox 1742 565 1777 585; x_wconf 80' lang='lat' dir='ltr'>ex</span> <span class='ocrx_word' id='word_1_49' title='bbox 1789 556 1891 594; x_wconf 78' lang='lat' dir='ltr'>altera,</span> <span class='ocrx_word' id='word_1_50' title='bbox 1908 565 1980 596; x_wconf 88' lang='lat' dir='ltr'>quo·</span> 
     </span>
     <span class='ocr_line' id='line_1_9' title="bbox 1238 604 1978 643; baseline -0.001 -9"><span class='ocrx_word' id='word_1_51' title='bbox 1238 604 1308 634; x_wconf 87' lang='lat' dir='ltr'>tidie</span> <span class='ocrx_word' id='word_1_52' title='bbox 1340 604 1444 634; x_wconf 81' lang='lat' dir='ltr'>exinde</span> <span class='ocrx_word' id='word_1_53' title='bbox 1476 604 1623 641; x_wconf 90' lang='lat' dir='ltr'>oriuntur,</span> <span class='ocrx_word' id='word_1_54' title='bbox 1648 608 1789 643; x_wconf 88' lang='lat' dir='ltr'>quantum</span> <span class='ocrx_word' id='word_1_55' title='bbox 1812 613 1978 643; x_wconf 87' lang='lat' dir='ltr'>possumus,</span> 
     </span>
     <span class='ocr_line' id='line_1_10' title="bbox 1239 652 1980 692; baseline 0.001 -10"><span class='ocrx_word' id='word_1_56' title='bbox 1239 653 1392 692; x_wconf 82' lang='lat' dir='ltr'>providere</span> <span class='ocrx_word' id='word_1_57' title='bbox 1414 653 1577 692; x_wconf 87' lang='lat' dir='ltr'>cupientes,</span> <span class='ocrx_word' id='word_1_58' title='bbox 1594 662 1630 683; x_wconf 89' lang='lat' dir='ltr'>ne</span> <span class='ocrx_word' id='word_1_59' title='bbox 1653 653 1814 691; x_wconf 84' lang='lat' dir='ltr'>decretum,</span> <span class='ocrx_word' id='word_1_60' title='bbox 1832 652 1905 682; x_wconf 76' lang='lat' dir='ltr'>alias</span> <span class='ocrx_word' id='word_1_61' title='bbox 1928 661 1980 692; x_wconf 89' lang='lat' dir='ltr'>per</span> 
     </span>
     <span class='ocr_line' id='line_1_11' title="bbox 1238 700 1981 739; baseline -0.001 -8"><span class='ocrx_word' id='word_1_62' title='bbox 1238 705 1438 731; x_wconf 75' lang='lat' dir='ltr'>antecessores</span> <span class='ocrx_word' id='word_1_63' title='bbox 1459 705 1574 731; x_wconf 89' lang='lat' dir='ltr'>nostros</span> <span class='ocrx_word' id='word_1_64' title='bbox 1604 706 1631 731; x_wconf 91' lang='lat' dir='ltr'>et</span> <span class='ocrx_word' id='word_1_65' title='bbox 1662 701 1813 731; x_wconf 81' lang='lat' dir='ltr'>Cameram</span> <span class='ocrx_word' id='word_1_66' title='bbox 1834 700 1981 739; x_wconf 87' lang='lat' dir='ltr'>Apostoli-</span> 
     </span>
     <span class='ocr_line' id='line_1_12' title="bbox 1239 749 1980 789; baseline -0.001 -9"><span class='ocrx_word' id='word_1_67' title='bbox 1239 759 1302 780; x_wconf 88' lang='lat' dir='ltr'>cam</span> <span class='ocrx_word' id='word_1_68' title='bbox 1334 750 1365 780; x_wconf 91' lang='lat' dir='ltr'>in</span> <span class='ocrx_word' id='word_1_69' title='bbox 1398 750 1526 780; x_wconf 79' lang='lat' dir='ltr'>savorem</span> <span class='ocrx_word' id='word_1_70' title='bbox 1556 750 1769 789; x_wconf 84' lang='lat' dir='ltr'>inquilinorum</span> <span class='ocrx_word' id='word_1_71' title='bbox 1801 749 1921 787; x_wconf 82' lang='lat' dir='ltr'>factum,</span> <span class='ocrx_word' id='word_1_72' title='bbox 1949 749 1980 780; x_wconf 90' lang='lat' dir='ltr'>in</span> 
     </span>
    </p>
   </div>
   <div class='ocr_carea' id='block_1_3' title="bbox 752 268 889 302">
    <p class='ocr_par' dir='ltr' id='par_1_3' title="bbox 752 268 889 302">
     <span class='ocr_line' id='line_1_13' title="bbox 752 268 889 302; baseline -0.007 0"><span class='ocrx_word' id='word_1_73' title='bbox 752 268 889 302; x_wconf 81' lang='lat' dir='ltr'><strong>XXXIII.</strong></span> 
     </span>
    </p>
   </div>
   <div class='ocr_carea' id='block_1_4' title="bbox 452 347 1196 489">
    <p class='ocr_par' dir='ltr' id='par_1_4' title="bbox 452 347 1196 489">
     <span class='ocr_line' id='line_1_14' title="bbox 452 347 1195 393; baseline -0.008 -10"><span class='ocrx_word' id='word_1_74' title='bbox 452 351 674 393; x_wconf 79' lang='lat' dir='ltr'>Confirmatur</span> <span class='ocrx_word' id='word_1_75' title='bbox 690 348 851 381; x_wconf 80' lang='lat' dir='ltr'>decretum</span> <span class='ocrx_word' id='word_1_76' title='bbox 870 347 1041 385; x_wconf 74' lang='lat' dir='ltr'>camerate,</span> <span class='ocrx_word' id='word_1_77' title='bbox 1061 347 1195 389; x_wconf 73' lang='lat' dir='ltr'>eiusque</span> 
     </span>
     <span class='ocr_line' id='line_1_15' title="bbox 494 399 1196 446; baseline -0.009 -10"><span class='ocrx_word' id='word_1_78' title='bbox 494 403 669 446; x_wconf 80' lang='lat' dir='ltr'>ampliatio</span> <span class='ocrx_word' id='word_1_79' title='bbox 683 412 743 445; x_wconf 82' lang='lat' dir='ltr'>pro</span> <span class='ocrx_word' id='word_1_80' title='bbox 759 400 938 444; x_wconf 78' lang='lat' dir='ltr'>inquilinis</span> <span class='ocrx_word' id='word_1_81' title='bbox 957 404 1096 442; x_wconf 83' lang='lat' dir='ltr'>tempore</span> <span class='ocrx_word' id='word_1_82' title='bbox 1113 399 1196 431; x_wconf 86' lang='lat' dir='ltr'>anni</span> 
     </span>
     <span class='ocr_line' id='line_1_16' title="bbox 495 454 642 489; baseline -0.014 0"><span class='ocrx_word' id='word_1_83' title='bbox 495 455 601 489; x_wconf 70' lang='lat' dir='ltr'>saneti</span> <span class='ocrx_word' id='word_1_84' title='bbox 620 454 642 487; x_wconf 89' lang='lat'>¹.</span> 
     </span>
    </p>
   </div>
   <div class='ocr_carea' id='block_1_5' title="bbox 471 529 1174 606">
    <p class='ocr_par' dir='ltr' id='par_1_5' title="bbox 471 529 1174 606">
     <span class='ocr_line' id='line_1_17' title="bbox 471 529 1174 571; baseline -0.006 -8"><span class='ocrx_word' id='word_1_85' title='bbox 471 533 562 563; x_wconf 72' lang='lat' dir='ltr'>Annibal</span> <span class='ocrx_word' id='word_1_86' title='bbox 577 533 635 563; x_wconf 85' lang='lat' dir='ltr'>tituli</span> <span class='ocrx_word' id='word_1_87' title='bbox 651 533 672 563; x_wconf 82' lang='lat' dir='ltr'>S.</span> <span class='ocrx_word' id='word_1_88' title='bbox 689 532 801 562; x_wconf 76' lang='lat' dir='ltr'>Clementis</span> <span class='ocrx_word' id='word_1_89' title='bbox 815 532 927 571; x_wconf 73' lang='lat' dir='ltr'>presbyter</span> <span class='ocrx_word' id='word_1_90' title='bbox 942 530 1060 560; x_wconf 81' lang='lat' dir='ltr'>cardinalis</span> <span class='ocrx_word' id='word_1_91' title='bbox 1072 529 1174 565; x_wconf 69' lang='lat' dir='ltr'>Albanus,</span> 
     </span>
     <span class='ocr_line' id='line_1_18' title="bbox 683 575 963 606; baseline -0.007 0"><span class='ocrx_word' id='word_1_92' title='bbox 683 577 703 606; x_wconf 85' lang='lat' dir='ltr'>S.</span> <span class='ocrx_word' id='word_1_93' title='bbox 727 576 751 606; x_wconf 84' lang='lat' dir='ltr'>ll.</span> <span class='ocrx_word' id='word_1_94' title='bbox 774 575 797 605; x_wconf 86' lang='grc' dir='ltr'>Ε.</span> <span class='ocrx_word' id='word_1_95' title='bbox 820 575 963 605; x_wconf 78' lang='lat' dir='ltr'>camerarius.</span> 
     </span>
    </p>
   </div>
   <div class='ocr_carea' id='block_1_6' title="bbox 257 640 1196 740">
    <p class='ocr_par' dir='ltr' id='par_1_6' title="bbox 257 640 1196 740">
     <span class='ocr_line' id='line_1_19' title="bbox 284 640 1196 688; baseline -0.004 -11"><span class='ocrx_word' id='word_1_96' title='bbox 284 653 394 674; x_wconf 65' lang='lat' dir='ltr'>Decretum</span> <span class='ocrx_word' id='word_1_97' title='bbox 407 660 440 673; x_wconf 81' lang='lat' dir='ltr'>ca·</span> <span class='ocrx_word' id='word_1_98' title='bbox 496 645 510 688; x_wconf 65' lang='grc' dir='ltr'><strong>ἓ</strong></span> <span class='ocrx_word' id='word_1_99' title='bbox 529 645 560 677; x_wconf 77' lang='lat'>1.</span> <span class='ocrx_word' id='word_1_100' title='bbox 581 644 614 677; x_wconf 93' lang='lat' dir='ltr'>ln</span> <span class='ocrx_word' id='word_1_101' title='bbox 629 644 773 676; x_wconf 84' lang='lat' dir='ltr'>savorem</span> <span class='ocrx_word' id='word_1_102' title='bbox 788 642 1027 685; x_wconf 87' lang='lat' dir='ltr'>inquilinorum</span> <span class='ocrx_word' id='word_1_103' title='bbox 1042 646 1072 674; x_wconf 90' lang='lat' dir='ltr'>et</span> <span class='ocrx_word' id='word_1_104' title='bbox 1086 640 1196 673; x_wconf 86' lang='lat' dir='ltr'>subin-</span> 
     </span>
     <span class='ocr_line' id='line_1_20' title="bbox 257 681 1195 740; baseline -0.004 -11"><span class='ocrx_word' id='word_1_105' title='bbox 257 681 652 740; x_wconf 49' lang='lat' dir='ltr'>ffifiii&#39;rss‘iessiifissquilinorum</span> <span class='ocrx_word' id='word_1_106' title='bbox 678 695 773 728; x_wconf 82' lang='lat' dir='ltr'>huius</span> <span class='ocrx_word' id='word_1_107' title='bbox 799 695 902 727; x_wconf 85' lang='lat' dir='ltr'>almae</span> <span class='ocrx_word' id='word_1_108' title='bbox 921 693 1017 726; x_wconf 84' lang='lat' dir='ltr'>Urbis</span> <span class='ocrx_word' id='word_1_109' title='bbox 1042 698 1195 737; x_wconf 80' lang='lat' dir='ltr'>respectu</span> 
     </span>
    </p>
   </div>
   <div class='ocr_carea' id='block_1_7' title="bbox 257 738 1195 790">
    <p class='ocr_par' dir='ltr' id='par_1_7' title="bbox 257 738 1195 790">
     <span class='ocr_line' id='line_1_21' title="bbox 257 738 1195 790; baseline -0.004 -8"><span class='ocrx_word' id='word_1_110' title='bbox 257 738 365 758; x_wconf 49' lang='lat' dir='ltr'>&#39;mmmm&#39;</span> <span class='ocrx_word' id='word_1_111' title='bbox 399 739 441 753; x_wconf 56' lang='grc' dir='ltr'>ω’</span> <span class='ocrx_word' id='word_1_112' title='bbox 452 749 528 782; x_wconf 84' lang='lat' dir='ltr'>anni</span> <span class='ocrx_word' id='word_1_113' title='bbox 555 748 655 781; x_wconf 90' lang='lat' dir='ltr'>sancti</span> <span class='ocrx_word' id='word_1_114' title='bbox 677 758 734 781; x_wconf 90' lang='lat' dir='ltr'>seu</span> <span class='ocrx_word' id='word_1_115' title='bbox 759 746 903 788; x_wconf 89' lang='lat' dir='ltr'>iubilaei,</span> <span class='ocrx_word' id='word_1_116' title='bbox 922 746 1195 790; x_wconf 80' lang='lat' dir='ltr'>quandocumque</span> 
     </span>
    </p>
   </div>
   <div class='ocr_carea' id='block_1_8' title="bbox 261 1428 446 1503">
    <p class='ocr_par' dir='ltr' id='par_1_8' title="bbox 261 1428 446 1503">
     <span class='ocr_line' id='line_1_22' title="bbox 334 1428 445 1449; baseline -0.009 -1"><span class='ocrx_word' id='word_1_117' title='bbox 334 1428 445 1449; x_wconf 69' lang='lat' dir='ltr'>Der-retum</span> 
     </span>
     <span class='ocr_line' id='line_1_23' title="bbox 261 1455 446 1480; baseline -0.011 -6"><span class='ocrx_word' id='word_1_118' title='bbox 261 1455 390 1480; x_wconf 75' lang='lat' dir='ltr'>praedictum</span> <span class='ocrx_word' id='word_1_119' title='bbox 411 1461 446 1476; x_wconf 72' lang='lat' dir='ltr'>an-</span> 
     </span>
     <span class='ocr_line' id='line_1_24' title="bbox 262 1487 383 1503; baseline 0 -2"><span class='ocrx_word' id='word_1_120' title='bbox 262 1487 281 1501; x_wconf 81' lang='lat' dir='ltr'>nl</span> <span class='ocrx_word' id='word_1_121' title='bbox 298 1487 383 1503; x_wconf 62' lang='lat' dir='ltr'>unuin.</span> 
     </span>
    </p>
   </div>
   <div class='ocr_carea' id='block_1_9' title="bbox 257 760 1196 1108">
    <p class='ocr_par' dir='ltr' id='par_1_9' title="bbox 257 760 340 785">
     <span class='ocr_line' id='line_1_25' title="bbox 257 760 340 785; baseline 0.012 -6"><span class='ocrx_word' id='word_1_122' title='bbox 257 760 340 785; x_wconf 69' lang='lat' dir='ltr'>pisano.</span> 
     </span>
    </p>

    <p class='ocr_par' dir='ltr' id='par_1_10' title="bbox 450 799 1196 1108">
     <span class='ocr_line' id='line_1_26' title="bbox 452 799 1195 840; baseline -0.005 -5"><span class='ocrx_word' id='word_1_123' title='bbox 452 801 640 835; x_wconf 88' lang='lat' dir='ltr'>huiusmodi</span> <span class='ocrx_word' id='word_1_124' title='bbox 663 810 767 834; x_wconf 85' lang='lat' dir='ltr'>annus</span> <span class='ocrx_word' id='word_1_125' title='bbox 788 800 942 840; x_wconf 81' lang='lat' dir='ltr'>venisset,</span> <span class='ocrx_word' id='word_1_126' title='bbox 969 800 1009 832; x_wconf 89' lang='lat' dir='ltr'>de</span> <span class='ocrx_word' id='word_1_127' title='bbox 1041 799 1195 832; x_wconf 85' lang='lat' dir='ltr'>mandato</span> 
     </span>
     <span class='ocr_line' id='line_1_27' title="bbox 450 851 1196 896; baseline -0.005 -8"><span class='ocrx_word' id='word_1_128' title='bbox 450 855 554 889; x_wconf 81' lang='lat' dir='ltr'>felicis</span> <span class='ocrx_word' id='word_1_129' title='bbox 579 853 814 887; x_wconf 83' lang='lat' dir='ltr'>recordationis</span> <span class='ocrx_word' id='word_1_130' title='bbox 835 852 923 886; x_wconf 86' lang='lat' dir='ltr'>Pauli</span> <span class='ocrx_word' id='word_1_131' title='bbox 949 852 1053 896; x_wconf 87' lang='lat' dir='ltr'>Papae</span> <span class='ocrx_word' id='word_1_132' title='bbox 1077 851 1116 884; x_wconf 94' lang='lat' dir='ltr'>III</span> <span class='ocrx_word' id='word_1_133' title='bbox 1141 852 1196 884; x_wconf 89' lang='lat' dir='ltr'>de-</span> 
     </span>
     <span class='ocr_line' id='line_1_28' title="bbox 452 905 1195 948; baseline -0.008 -6"><span class='ocrx_word' id='word_1_134' title='bbox 452 914 579 943; x_wconf 74' lang='lat' dir='ltr'>aretum</span> <span class='ocrx_word' id='word_1_135' title='bbox 605 907 778 947; x_wconf 86' lang='lat' dir='ltr'>camerale,</span> <span class='ocrx_word' id='word_1_136' title='bbox 805 912 837 940; x_wconf 84' lang='lat' dir='ltr'>et</span> <span class='ocrx_word' id='word_1_137' title='bbox 871 905 1024 946; x_wconf 86' lang='lat' dir='ltr'>subinde,</span> <span class='ocrx_word' id='word_1_138' title='bbox 1052 905 1091 938; x_wconf 88' lang='lat' dir='ltr'>de</span> <span class='ocrx_word' id='word_1_139' title='bbox 1122 905 1195 948; x_wconf 81' lang='lat' dir='ltr'>pari</span> 
     </span>
     <span class='ocr_line' id='line_1_29' title="bbox 452 957 1196 994; baseline -0.007 0"><span class='ocrx_word' id='word_1_140' title='bbox 452 961 605 994; x_wconf 86' lang='lat' dir='ltr'>mandato</span> <span class='ocrx_word' id='word_1_141' title='bbox 624 960 721 993; x_wconf 89' lang='lat' dir='ltr'>etiam</span> <span class='ocrx_word' id='word_1_142' title='bbox 747 959 850 993; x_wconf 81' lang='lat' dir='ltr'>felicis</span> <span class='ocrx_word' id='word_1_143' title='bbox 867 957 1104 991; x_wconf 87' lang='lat' dir='ltr'>recordationis</span> <span class='ocrx_word' id='word_1_144' title='bbox 1123 957 1196 990; x_wconf 91' lang='lat' dir='ltr'>Gre-</span> 
     </span>
     <span class='ocr_line' id='line_1_30' title="bbox 453 1009 1192 1056; baseline -0.007 -10"><span class='ocrx_word' id='word_1_145' title='bbox 453 1013 537 1056; x_wconf 83' lang='lat' dir='ltr'>gorii</span> <span class='ocrx_word' id='word_1_146' title='bbox 562 1013 669 1056; x_wconf 86' lang='lat' dir='ltr'>Papae</span> <span class='ocrx_word' id='word_1_147' title='bbox 688 1012 766 1052; x_wconf 79' lang='lat' dir='ltr'><strong>XIII,</strong></span> <span class='ocrx_word' id='word_1_148' title='bbox 784 1011 859 1045; x_wconf 87' lang='lat' dir='ltr'>dicti</span> <span class='ocrx_word' id='word_1_149' title='bbox 882 1010 1005 1044; x_wconf 80' lang='lat' dir='ltr'>decreti</span> <span class='ocrx_word' id='word_1_150' title='bbox 1023 1009 1192 1043; x_wconf 82' lang='lat' dir='ltr'>confirma-</span> 
     </span>
     <span class='ocr_line' id='line_1_31' title="bbox 454 1062 1195 1108; baseline -0.005 -10"><span class='ocrx_word' id='word_1_151' title='bbox 454 1066 498 1099; x_wconf 87' lang='lat' dir='ltr'>tio</span> <span class='ocrx_word' id='word_1_152' title='bbox 532 1070 564 1099; x_wconf 91' lang='lat' dir='ltr'>et</span> <span class='ocrx_word' id='word_1_153' title='bbox 599 1065 765 1108; x_wconf 81' lang='lat' dir='ltr'>ampliatio</span> <span class='ocrx_word' id='word_1_154' title='bbox 791 1068 984 1097; x_wconf 80' lang='lat' dir='ltr'>emanarunt</span> <span class='ocrx_word' id='word_1_155' title='bbox 1005 1062 1195 1095; x_wconf 87' lang='lat' dir='ltr'>huiusmodi</span> 
     </span>
    </p>
   </div>
   <div class='ocr_carea' id='block_1_10' title="bbox 453 1118 1201 2322">
    <p class='ocr_par' dir='ltr' id='par_1_11' title="bbox 453 1118 863 1158">
     <span class='ocr_line' id='line_1_32' title="bbox 453 1118 863 1158; baseline -0.005 -6"><span class='ocrx_word' id='word_1_156' title='bbox 453 1119 512 1152; x_wconf 85' lang='lat' dir='ltr'>sub</span> <span class='ocrx_word' id='word_1_157' title='bbox 539 1124 665 1158; x_wconf 86' lang='lat' dir='ltr'>tenore,</span> <span class='ocrx_word' id='word_1_158' title='bbox 691 1118 863 1151; x_wconf 85' lang='lat' dir='ltr'>videlieet:</span> 
     </span>
    </p>

    <p class='ocr_par' dir='ltr' id='par_1_12' title="bbox 455 1169 1198 1407">
     <span class='ocr_line' id='line_1_33' title="bbox 492 1169 1197 1210; baseline -0.004 -9"><span class='ocrx_word' id='word_1_159' title='bbox 492 1172 621 1210; x_wconf 76' lang='lat' dir='ltr'>Aloysz&#39;us</span> <span class='ocrx_word' id='word_1_160' title='bbox 643 1171 719 1200; x_wconf 75' lang='lat' dir='ltr'>tstutt</span> <span class='ocrx_word' id='word_1_161' title='bbox 748 1170 777 1201; x_wconf 86' lang='lat' dir='ltr'>S.</span> <span class='ocrx_word' id='word_1_162' title='bbox 804 1170 914 1208; x_wconf 80' lang='lat' dir='ltr'>Marci,</span> <span class='ocrx_word' id='word_1_163' title='bbox 942 1169 1085 1209; x_wconf 73' lang='lat' dir='ltr'>presbyter</span> <span class='ocrx_word' id='word_1_164' title='bbox 1106 1169 1197 1199; x_wconf 78' lang='lat' dir='ltr'>cardi-</span> 
     </span>
     <span class='ocr_line' id='line_1_34' title="bbox 455 1217 1197 1257; baseline -0.005 -7"><span class='ocrx_word' id='word_1_165' title='bbox 455 1221 527 1250; x_wconf 78' lang='lat' dir='ltr'>nalis</span> <span class='ocrx_word' id='word_1_166' title='bbox 552 1220 705 1257; x_wconf 81' lang='lat' dir='ltr'>Cornelius,</span> <span class='ocrx_word' id='word_1_167' title='bbox 728 1218 758 1249; x_wconf 90' lang='lat' dir='ltr'>S.</span> <span class='ocrx_word' id='word_1_168' title='bbox 782 1218 815 1249; x_wconf 86' lang='lat' dir='ltr'>R.</span> <span class='ocrx_word' id='word_1_169' title='bbox 837 1219 872 1249; x_wconf 85' lang='lat' dir='ltr'>E.</span> <span class='ocrx_word' id='word_1_170' title='bbox 909 1220 1092 1248; x_wconf 81' lang='lat' dir='ltr'>camerarius.</span> <span class='ocrx_word' id='word_1_171' title='bbox 1116 1217 1197 1247; x_wconf 87' lang='lat' dir='ltr'>Inve-</span> 
     </span>
     <span class='ocr_line' id='line_1_35' title="bbox 455 1266 1198 1306; baseline -0.003 -8"><span class='ocrx_word' id='word_1_172' title='bbox 455 1269 552 1299; x_wconf 81' lang='lat' dir='ltr'>nimus</span> <span class='ocrx_word' id='word_1_173' title='bbox 571 1269 643 1299; x_wconf 77' lang='lat' dir='ltr'>alias</span> <span class='ocrx_word' id='word_1_174' title='bbox 665 1269 816 1298; x_wconf 85' lang='lat' dir='ltr'>decretum</span> <span class='ocrx_word' id='word_1_175' title='bbox 839 1268 869 1297; x_wconf 91' lang='lat' dir='ltr'>in</span> <span class='ocrx_word' id='word_1_176' title='bbox 888 1267 1006 1298; x_wconf 77' lang='lat' dir='ltr'>Camera</span> <span class='ocrx_word' id='word_1_177' title='bbox 1028 1266 1198 1306; x_wconf 74' lang='lat' dir='ltr'>Apostolica</span> 
     </span>
     <span class='ocr_line' id='line_1_36' title="bbox 455 1316 1198 1357; baseline -0.004 -9"><span class='ocrx_word' id='word_1_178' title='bbox 455 1319 485 1348; x_wconf 92' lang='lat' dir='ltr'>in</span> <span class='ocrx_word' id='word_1_179' title='bbox 509 1319 635 1348; x_wconf 84' lang='lat' dir='ltr'>savorem</span> <span class='ocrx_word' id='word_1_180' title='bbox 660 1317 872 1357; x_wconf 87' lang='lat' dir='ltr'>inquilinorum</span> <span class='ocrx_word' id='word_1_181' title='bbox 895 1317 1002 1346; x_wconf 80' lang='lat' dir='ltr'>sactum</span> <span class='ocrx_word' id='word_1_182' title='bbox 1025 1316 1134 1346; x_wconf 87' lang='lat' dir='ltr'>tenoris</span> <span class='ocrx_word' id='word_1_183' title='bbox 1153 1324 1198 1345; x_wconf 88' lang='lat' dir='ltr'>se-</span> 
     </span>
     <span class='ocr_line' id='line_1_37' title="bbox 456 1367 766 1407; baseline -0.006 -10"><span class='ocrx_word' id='word_1_184' title='bbox 456 1369 586 1407; x_wconf 86' lang='lat' dir='ltr'>quentis,</span> <span class='ocrx_word' id='word_1_185' title='bbox 609 1367 766 1396; x_wconf 85' lang='lat' dir='ltr'>videlicet:</span> 
     </span>
    </p>

    <p class='ocr_par' dir='ltr' id='par_1_13' title="bbox 456 1413 1201 2322">
     <span class='ocr_line' id='line_1_38' title="bbox 498 1413 1199 1455; baseline -0.004 -9"><span class='ocrx_word' id='word_1_186' title='bbox 498 1417 586 1447; x_wconf 83' lang='lat' dir='ltr'>Guido</span> <span class='ocrx_word' id='word_1_187' title='bbox 601 1416 737 1445; x_wconf 76' lang='lat' dir='ltr'>Ascanius</span> <span class='ocrx_word' id='word_1_188' title='bbox 751 1415 877 1455; x_wconf 70' lang='lat' dir='ltr'>Sforzz&#39;a,</span> <span class='ocrx_word' id='word_1_189' title='bbox 895 1413 924 1445; x_wconf 92' lang='lat' dir='ltr'>S.</span> <span class='ocrx_word' id='word_1_190' title='bbox 943 1414 1087 1445; x_wconf 78' lang='lat' dir='ltr'>Eustachii</span> <span class='ocrx_word' id='word_1_191' title='bbox 1108 1413 1199 1443; x_wconf 80' lang='lat' dir='ltr'>diaco-</span> 
     </span>
     <span class='ocr_line' id='line_1_39' title="bbox 456 1463 1196 1498; baseline -0.005 -3"><span class='ocrx_word' id='word_1_192' title='bbox 456 1475 508 1495; x_wconf 79' lang='lat' dir='ltr'>nus</span> <span class='ocrx_word' id='word_1_193' title='bbox 519 1465 672 1495; x_wconf 70' lang='lat' dir='ltr'>cardinalis</span> <span class='ocrx_word' id='word_1_194' title='bbox 687 1465 719 1494; x_wconf 86' lang='lat' dir='ltr'>de</span> <span class='ocrx_word' id='word_1_195' title='bbox 733 1464 763 1494; x_wconf 88' lang='lat' dir='ltr'>S.</span> <span class='ocrx_word' id='word_1_196' title='bbox 778 1464 872 1498; x_wconf 87' lang='lat' dir='ltr'>Flora,</span> <span class='ocrx_word' id='word_1_197' title='bbox 886 1463 996 1493; x_wconf 82' lang='lat' dir='ltr'><strong><em>S.R.E.</em></strong></span> <span class='ocrx_word' id='word_1_198' title='bbox 1015 1464 1196 1492; x_wconf 81' lang='lat' dir='ltr'>camerarius.</span> 
     </span>
     <span class='ocr_line' id='line_1_40' title="bbox 456 1510 1199 1553; baseline -0.005 -9"><span class='ocrx_word' id='word_1_199' title='bbox 456 1515 554 1553; x_wconf 87' lang='lat' dir='ltr'>Nuper</span> <span class='ocrx_word' id='word_1_200' title='bbox 576 1513 660 1543; x_wconf 86' lang='lat' dir='ltr'>nobis</span> <span class='ocrx_word' id='word_1_201' title='bbox 676 1513 705 1542; x_wconf 83' lang='lat' dir='ltr'>In</span> <span class='ocrx_word' id='word_1_202' title='bbox 722 1512 841 1542; x_wconf 66' lang='lat' dir='ltr'>Camerti</span> <span class='ocrx_word' id='word_1_203' title='bbox 858 1511 1038 1550; x_wconf 57' lang='lat' dir='ltr'>Apostoliczi,</span> <span class='ocrx_word' id='word_1_204' title='bbox 1054 1520 1112 1540; x_wconf 89' lang='lat' dir='ltr'>non</span> <span class='ocrx_word' id='word_1_205' title='bbox 1135 1510 1199 1540; x_wconf 90' lang='lat' dir='ltr'>sine</span> 
     </span>
     <span class='ocr_line' id='line_1_41' title="bbox 456 1559 1198 1599; baseline -0.005 -7"><span class='ocrx_word' id='word_1_206' title='bbox 456 1562 547 1592; x_wconf 89' lang='lat' dir='ltr'>animi</span> <span class='ocrx_word' id='word_1_207' title='bbox 563 1561 655 1591; x_wconf 88' lang='lat' dir='ltr'>nostri</span> <span class='ocrx_word' id='word_1_208' title='bbox 669 1560 865 1599; x_wconf 78' lang='lat' dir='ltr'>displicentia,</span> <span class='ocrx_word' id='word_1_209' title='bbox 880 1569 931 1599; x_wconf 90' lang='lat' dir='ltr'>pro</span> <span class='ocrx_word' id='word_1_210' title='bbox 943 1563 1024 1599; x_wconf 87' lang='lat' dir='ltr'>parte</span> <span class='ocrx_word' id='word_1_211' title='bbox 1040 1559 1198 1598; x_wconf 83' lang='lat' dir='ltr'>inquIIino-</span> 
     </span>
     <span class='ocr_line' id='line_1_42' title="bbox 457 1607 1198 1648; baseline -0.005 -8"><span class='ocrx_word' id='word_1_212' title='bbox 457 1620 521 1640; x_wconf 87' lang='lat' dir='ltr'>rum</span> <span class='ocrx_word' id='word_1_213' title='bbox 545 1614 573 1640; x_wconf 86' lang='lat' dir='ltr'>et</span> <span class='ocrx_word' id='word_1_214' title='bbox 595 1609 863 1648; x_wconf 86' lang='lat' dir='ltr'>subinquilinorum</span> <span class='ocrx_word' id='word_1_215' title='bbox 879 1608 965 1638; x_wconf 85' lang='lat' dir='ltr'>Urbis</span> <span class='ocrx_word' id='word_1_216' title='bbox 983 1607 1198 1646; x_wconf 82' lang='lat' dir='ltr'>querelantium</span> 
     </span>
     <span class='ocr_line' id='line_1_43' title="bbox 458 1656 1198 1698; baseline -0.005 -10"><span class='ocrx_word' id='word_1_217' title='bbox 458 1659 623 1698; x_wconf 86' lang='lat' dir='ltr'>expositum</span> <span class='ocrx_word' id='word_1_218' title='bbox 640 1658 708 1694; x_wconf 87' lang='lat' dir='ltr'>suit,</span> <span class='ocrx_word' id='word_1_219' title='bbox 721 1657 796 1696; x_wconf 89' lang='lat' dir='ltr'>quod</span> <span class='ocrx_word' id='word_1_220' title='bbox 809 1657 864 1696; x_wconf 88' lang='lat' dir='ltr'>ipsi</span> <span class='ocrx_word' id='word_1_221' title='bbox 877 1666 891 1686; x_wconf 92' lang='lat' dir='ltr'>a</span> <span class='ocrx_word' id='word_1_222' title='bbox 904 1657 1030 1686; x_wconf 88' lang='lat' dir='ltr'>dominis</span> <span class='ocrx_word' id='word_1_223' title='bbox 1044 1656 1198 1686; x_wconf 88' lang='lat' dir='ltr'>domorum</span> 
     </span>
     <span class='ocr_line' id='line_1_44' title="bbox 459 1705 1197 1747; baseline -0.007 -9"><span class='ocrx_word' id='word_1_224' title='bbox 459 1717 510 1747; x_wconf 90' lang='lat' dir='ltr'>per</span> <span class='ocrx_word' id='word_1_225' title='bbox 523 1717 572 1737; x_wconf 87' lang='lat' dir='ltr'>eos</span> <span class='ocrx_word' id='word_1_226' title='bbox 585 1707 620 1737; x_wconf 89' lang='lat' dir='ltr'>ad</span> <span class='ocrx_word' id='word_1_227' title='bbox 634 1707 803 1746; x_wconf 84' lang='lat' dir='ltr'>pensionem</span> <span class='ocrx_word' id='word_1_228' title='bbox 827 1714 954 1735; x_wconf 77' lang='lat' dir='ltr'>annuam</span> <span class='ocrx_word' id='word_1_229' title='bbox 973 1705 1197 1742; x_wconf 86' lang='lat' dir='ltr'>conductarum,</span> 
     </span>
     <span class='ocr_line' id='line_1_45' title="bbox 457 1753 1200 1796; baseline -0.005 -10"><span class='ocrx_word' id='word_1_230' title='bbox 457 1760 592 1796; x_wconf 85' lang='lat' dir='ltr'>respectu</span> <span class='ocrx_word' id='word_1_231' title='bbox 604 1756 673 1785; x_wconf 90' lang='lat' dir='ltr'>anni</span> <span class='ocrx_word' id='word_1_232' title='bbox 686 1755 778 1784; x_wconf 85' lang='lat' dir='ltr'>sancti</span> <span class='ocrx_word' id='word_1_233' title='bbox 791 1755 852 1784; x_wconf 88' lang='lat' dir='ltr'>sive</span> <span class='ocrx_word' id='word_1_234' title='bbox 867 1754 996 1790; x_wconf 86' lang='lat' dir='ltr'>iubilaei,</span> <span class='ocrx_word' id='word_1_235' title='bbox 1011 1758 1068 1783; x_wconf 87' lang='lat' dir='ltr'>tarn</span> <span class='ocrx_word' id='word_1_236' title='bbox 1085 1753 1138 1783; x_wconf 87' lang='lat' dir='ltr'>sub</span> <span class='ocrx_word' id='word_1_237' title='bbox 1151 1763 1200 1783; x_wconf 93' lang='lat' dir='ltr'>au-</span> 
     </span>
     <span class='ocr_line' id='line_1_46' title="bbox 456 1802 1199 1843; baseline -0.003 -10"><span class='ocrx_word' id='word_1_238' title='bbox 456 1809 595 1843; x_wconf 80' lang='lat' dir='ltr'>gumento</span> <span class='ocrx_word' id='word_1_239' title='bbox 612 1803 772 1843; x_wconf 85' lang='lat' dir='ltr'>pensionis,</span> <span class='ocrx_word' id='word_1_240' title='bbox 790 1803 872 1833; x_wconf 85' lang='lat' dir='ltr'>fictos</span> <span class='ocrx_word' id='word_1_241' title='bbox 891 1802 1036 1832; x_wconf 88' lang='lat' dir='ltr'>oblatores</span> <span class='ocrx_word' id='word_1_242' title='bbox 1058 1802 1199 1832; x_wconf 90' lang='lat' dir='ltr'>maiorem</span> 
     </span>
     <span class='ocr_line' id='line_1_47' title="bbox 458 1850 1198 1893; baseline -0.004 -10"><span class='ocrx_word' id='word_1_243' title='bbox 458 1853 626 1893; x_wconf 87' lang='lat' dir='ltr'>pensionem</span> <span class='ocrx_word' id='word_1_244' title='bbox 666 1852 820 1882; x_wconf 82' lang='lat' dir='ltr'>offerentes</span> <span class='ocrx_word' id='word_1_245' title='bbox 856 1850 1074 1889; x_wconf 83' lang='lat' dir='ltr'>inducentibus,</span> <span class='ocrx_word' id='word_1_246' title='bbox 1112 1860 1198 1890; x_wconf 91' lang='lat' dir='ltr'>quam</span> 
     </span>
     <span class='ocr_line' id='line_1_48' title="bbox 457 1899 1201 1941; baseline -0.004 -9"><span class='ocrx_word' id='word_1_247' title='bbox 457 1902 545 1932; x_wconf 88' lang='lat' dir='ltr'>etiam</span> <span class='ocrx_word' id='word_1_248' title='bbox 575 1911 664 1941; x_wconf 88' lang='lat' dir='ltr'>super</span> <span class='ocrx_word' id='word_1_249' title='bbox 694 1910 794 1930; x_wconf 84' lang='lat' dir='ltr'>earum</span> <span class='ocrx_word' id='word_1_250' title='bbox 822 1900 1026 1937; x_wconf 79' lang='lat' dir='ltr'>evacuatione,</span> <span class='ocrx_word' id='word_1_251' title='bbox 1049 1899 1137 1929; x_wconf 84' lang='lat' dir='ltr'>etiarn</span> <span class='ocrx_word' id='word_1_252' title='bbox 1160 1899 1201 1929; x_wconf 88' lang='lat' dir='ltr'>Io-</span> 
     </span>
     <span class='ocr_line' id='line_1_49' title="bbox 457 1948 1201 1988; baseline -0.003 -8"><span class='ocrx_word' id='word_1_253' title='bbox 457 1951 572 1980; x_wconf 88' lang='lat' dir='ltr'>catione</span> <span class='ocrx_word' id='word_1_254' title='bbox 589 1950 725 1988; x_wconf 89' lang='lat' dir='ltr'>durante,</span> <span class='ocrx_word' id='word_1_255' title='bbox 743 1948 945 1979; x_wconf 84' lang='lat' dir='ltr'>asserentibus</span> <span class='ocrx_word' id='word_1_256' title='bbox 967 1949 1068 1978; x_wconf 85' lang='lat' dir='ltr'>domos</span> <span class='ocrx_word' id='word_1_257' title='bbox 1086 1948 1201 1988; x_wconf 88' lang='lat' dir='ltr'>praedi-</span> 
     </span>
     <span class='ocr_line' id='line_1_50' title="bbox 457 1997 1200 2038; baseline -0.003 -9"><span class='ocrx_word' id='word_1_258' title='bbox 457 2003 518 2029; x_wconf 87' lang='lat' dir='ltr'>ctas</span> <span class='ocrx_word' id='word_1_259' title='bbox 541 2009 592 2038; x_wconf 90' lang='lat' dir='ltr'>pro</span> <span class='ocrx_word' id='word_1_260' title='bbox 614 2008 713 2029; x_wconf 90' lang='lat' dir='ltr'>eorum</span> <span class='ocrx_word' id='word_1_261' title='bbox 737 2008 791 2028; x_wconf 91' lang='lat' dir='ltr'>usu</span> <span class='ocrx_word' id='word_1_262' title='bbox 825 1997 933 2027; x_wconf 88' lang='lat' dir='ltr'>habere</span> <span class='ocrx_word' id='word_1_263' title='bbox 955 1997 1045 2032; x_wconf 83' lang='lat' dir='ltr'>velle,</span> <span class='ocrx_word' id='word_1_264' title='bbox 1069 1998 1200 2036; x_wconf 87' lang='lat' dir='ltr'>quotidie</span> 
     </span>
     <span class='ocr_line' id='line_1_51' title="bbox 458 2045 1200 2085; baseline -0.003 -8"><span class='ocrx_word' id='word_1_265' title='bbox 458 2047 660 2081; x_wconf 86' lang='lat' dir='ltr'>molestantur,</span> <span class='ocrx_word' id='word_1_266' title='bbox 685 2051 713 2076; x_wconf 88' lang='lat' dir='ltr'>et</span> <span class='ocrx_word' id='word_1_267' title='bbox 731 2056 765 2076; x_wconf 88' lang='lat' dir='ltr'>ex</span> <span class='ocrx_word' id='word_1_268' title='bbox 787 2045 923 2076; x_wconf 88' lang='lat' dir='ltr'>domibus</span> <span class='ocrx_word' id='word_1_269' title='bbox 946 2055 998 2085; x_wconf 88' lang='lat' dir='ltr'>per</span> <span class='ocrx_word' id='word_1_270' title='bbox 1019 2054 1068 2075; x_wconf 84' lang='lat' dir='ltr'>eos</span> <span class='ocrx_word' id='word_1_271' title='bbox 1090 2046 1200 2076; x_wconf 87' lang='lat' dir='ltr'>condu-</span> 
     </span>
     <span class='ocr_line' id='line_1_52' title="bbox 458 2094 1200 2134; baseline -0.003 -9"><span class='ocrx_word' id='word_1_272' title='bbox 458 2096 513 2126; x_wconf 87' lang='lat' dir='ltr'>ctis</span> <span class='ocrx_word' id='word_1_273' title='bbox 525 2100 625 2126; x_wconf 86' lang='lat' dir='ltr'>contra</span> <span class='ocrx_word' id='word_1_274' title='bbox 640 2096 762 2126; x_wconf 84' lang='lat' dir='ltr'>sormam</span> <span class='ocrx_word' id='word_1_275' title='bbox 779 2095 851 2125; x_wconf 85' lang='lat' dir='ltr'>iuris</span> <span class='ocrx_word' id='word_1_276' title='bbox 868 2095 1056 2134; x_wconf 85' lang='lat' dir='ltr'>expelluntur</span> <span class='ocrx_word' id='word_1_277' title='bbox 1070 2104 1076 2123; x_wconf 72' lang='grc' dir='ltr'>ε</span> <span class='ocrx_word' id='word_1_278' title='bbox 1094 2094 1200 2124; x_wconf 90' lang='lat' dir='ltr'>nihilo-</span> 
     </span>
     <span class='ocr_line' id='line_1_53' title="bbox 458 2142 1198 2183; baseline 0 -10"><span class='ocrx_word' id='word_1_279' title='bbox 458 2144 569 2182; x_wconf 91' lang='lat' dir='ltr'>minus,</span> <span class='ocrx_word' id='word_1_280' title='bbox 584 2144 713 2183; x_wconf 90' lang='lat' dir='ltr'>expulsis</span> <span class='ocrx_word' id='word_1_281' title='bbox 731 2143 885 2182; x_wconf 90' lang='lat' dir='ltr'>inquilinis</span> <span class='ocrx_word' id='word_1_282' title='bbox 901 2144 961 2173; x_wconf 85' lang='lat' dir='ltr'>sive</span> <span class='ocrx_word' id='word_1_283' title='bbox 977 2142 1198 2182; x_wconf 86' lang='lat' dir='ltr'>subinquilinis,</span> 
     </span>
     <span class='ocr_line' id='line_1_54' title="bbox 458 2191 1200 2231; baseline 0 -10"><span class='ocrx_word' id='word_1_284' title='bbox 458 2192 559 2222; x_wconf 90' lang='lat' dir='ltr'>domos</span> <span class='ocrx_word' id='word_1_285' title='bbox 578 2191 742 2231; x_wconf 85' lang='lat' dir='ltr'>praedictas</span> <span class='ocrx_word' id='word_1_286' title='bbox 758 2201 809 2230; x_wconf 88' lang='lat' dir='ltr'>pro</span> <span class='ocrx_word' id='word_1_287' title='bbox 829 2191 932 2222; x_wconf 86' lang='lat' dir='ltr'>maiori</span> <span class='ocrx_word' id='word_1_288' title='bbox 950 2191 1044 2230; x_wconf 88' lang='lat' dir='ltr'>pretio</span> <span class='ocrx_word' id='word_1_289' title='bbox 1066 2191 1096 2221; x_wconf 89' lang='lat' dir='ltr'>in</span> <span class='ocrx_word' id='word_1_290' title='bbox 1111 2200 1200 2229; x_wconf 84' lang='lat' dir='ltr'>grave</span> 
     </span>
     <span class='ocr_line' id='line_1_55' title="bbox 458 2239 1199 2278; baseline 0 -9"><span class='ocrx_word' id='word_1_291' title='bbox 458 2240 596 2269; x_wconf 84' lang='lat' dir='ltr'>damnum</span> <span class='ocrx_word' id='word_1_292' title='bbox 618 2239 833 2278; x_wconf 88' lang='lat' dir='ltr'>inquilinorum</span> <span class='ocrx_word' id='word_1_293' title='bbox 856 2249 906 2270; x_wconf 92' lang='lat' dir='ltr'>seu</span> <span class='ocrx_word' id='word_1_294' title='bbox 929 2239 1199 2278; x_wconf 85' lang='lat' dir='ltr'>subinquilinorum</span> 
     </span>
     <span class='ocr_line' id='line_1_56' title="bbox 459 2287 1199 2322; baseline 0.001 -5"><span class='ocrx_word' id='word_1_295' title='bbox 459 2292 559 2318; x_wconf 86' lang='lat' dir='ltr'>contra</span> <span class='ocrx_word' id='word_1_296' title='bbox 592 2287 714 2317; x_wconf 80' lang='lat' dir='ltr'>sormam</span> <span class='ocrx_word' id='word_1_297' title='bbox 747 2287 854 2317; x_wconf 86' lang='lat' dir='ltr'>decreti</span> <span class='ocrx_word' id='word_1_298' title='bbox 887 2287 1040 2317; x_wconf 85' lang='lat' dir='ltr'>cameralis</span> <span class='ocrx_word' id='word_1_299' title='bbox 1053 2312 1061 2322; x_wconf 90' lang='grc'><strong><em>,</em></strong></span> <span class='ocrx_word' id='word_1_300' title='bbox 1098 2296 1199 2318; x_wconf 88' lang='lat' dir='ltr'>eorum</span> 
     </span>
    </p>
   </div>
   <div class='ocr_carea' id='block_1_11' title="bbox 459 2378 1200 2635">
    <p class='ocr_par' dir='ltr' id='par_1_14' title="bbox 459 2378 1200 2635">
     <span class='ocr_line' id='line_1_57' title="bbox 495 2378 1199 2407; baseline -0.001 0"><span class='ocrx_word' id='word_1_301' title='bbox 495 2382 506 2407; x_wconf 88' lang='lat'>1</span> <span class='ocrx_word' id='word_1_302' title='bbox 530 2379 697 2406; x_wconf 82' lang='lat' dir='ltr'>Auctoritate</span> <span class='ocrx_word' id='word_1_303' title='bbox 723 2379 797 2405; x_wconf 85' lang='lat' dir='ltr'>Pauli</span> <span class='ocrx_word' id='word_1_304' title='bbox 817 2379 853 2405; x_wconf 90' lang='lat' dir='ltr'>III</span> <span class='ocrx_word' id='word_1_305' title='bbox 878 2378 1030 2406; x_wconf 87' lang='lat' dir='ltr'>huiusmodi</span> <span class='ocrx_word' id='word_1_306' title='bbox 1059 2379 1199 2406; x_wconf 80' lang='lat' dir='ltr'>decretum</span> 
     </span>
     <span class='ocr_line' id='line_1_58' title="bbox 460 2422 1199 2458; baseline -0.001 -8"><span class='ocrx_word' id='word_1_307' title='bbox 460 2424 561 2451; x_wconf 85' lang='lat' dir='ltr'>editum</span> <span class='ocrx_word' id='word_1_308' title='bbox 581 2424 632 2450; x_wconf 82' lang='lat' dir='ltr'>suit</span> <span class='ocrx_word' id='word_1_309' title='bbox 650 2431 721 2450; x_wconf 88' lang='lat' dir='ltr'>anno</span> <span class='ocrx_word' id='word_1_310' title='bbox 747 2429 860 2455; x_wconf 73' lang='lat' dir='ltr'>iunxux,</span> <span class='ocrx_word' id='word_1_311' title='bbox 887 2423 931 2450; x_wconf 90' lang='lat' dir='ltr'>die</span> <span class='ocrx_word' id='word_1_312' title='bbox 950 2423 985 2449; x_wconf 73' lang='lat'>29</span> <span class='ocrx_word' id='word_1_313' title='bbox 1004 2422 1115 2458; x_wconf 85' lang='lat' dir='ltr'>aprilis;</span> <span class='ocrx_word' id='word_1_314' title='bbox 1140 2431 1199 2450; x_wconf 84' lang='lat' dir='ltr'>am-</span> 
     </span>
     <span class='ocr_line' id='line_1_59' title="bbox 459 2465 1199 2503; baseline -0.001 -9"><span class='ocrx_word' id='word_1_315' title='bbox 459 2468 553 2503; x_wconf 87' lang='lat' dir='ltr'>pliatio</span> <span class='ocrx_word' id='word_1_316' title='bbox 568 2475 631 2494; x_wconf 88' lang='lat' dir='ltr'>vero</span> <span class='ocrx_word' id='word_1_317' title='bbox 645 2466 805 2494; x_wconf 84' lang='lat' dir='ltr'>auctoritate</span> <span class='ocrx_word' id='word_1_318' title='bbox 820 2466 940 2501; x_wconf 82' lang='lat' dir='ltr'>Gregorii</span> <span class='ocrx_word' id='word_1_319' title='bbox 955 2465 1013 2493; x_wconf 82' lang='lat' dir='ltr'><strong>XIII</strong></span> <span class='ocrx_word' id='word_1_320' title='bbox 1031 2474 1056 2493; x_wconf 86' lang='lat' dir='ltr'>a.</span> <span class='ocrx_word' id='word_1_321' title='bbox 1069 2472 1199 2501; x_wconf 72' lang='lat' dir='ltr'>nianxtu,</span> 
     </span>
     <span class='ocr_line' id='line_1_60' title="bbox 460 2509 1198 2544; baseline -0.001 -6"><span class='ocrx_word' id='word_1_322' title='bbox 460 2512 503 2538; x_wconf 89' lang='lat' dir='ltr'>die</span> <span class='ocrx_word' id='word_1_323' title='bbox 522 2511 557 2538; x_wconf 77' lang='lat'>20</span> <span class='ocrx_word' id='word_1_324' title='bbox 575 2510 706 2538; x_wconf 80' lang='lat' dir='ltr'>februarii</span> <span class='ocrx_word' id='word_1_325' title='bbox 722 2520 729 2544; x_wconf 87' lang='lat'>;</span> <span class='ocrx_word' id='word_1_326' title='bbox 760 2510 896 2538; x_wconf 80' lang='lat' dir='ltr'>Benedicti</span> <span class='ocrx_word' id='word_1_327' title='bbox 915 2510 975 2537; x_wconf 83' lang='lat' dir='ltr'><strong>XIII</strong></span> <span class='ocrx_word' id='word_1_328' title='bbox 1000 2509 1107 2538; x_wconf 82' lang='lat' dir='ltr'>constit.</span> <span class='ocrx_word' id='word_1_329' title='bbox 1132 2511 1198 2538; x_wconf 88' lang='lat' dir='ltr'>edit.</span> 
     </span>
     <span class='ocr_line' id='line_1_61' title="bbox 460 2554 1200 2590; baseline 0.001 -7"><span class='ocrx_word' id='word_1_330' title='bbox 460 2561 608 2590; x_wconf 73' lang='lat' dir='ltr'>nnccxxrv,</span> <span class='ocrx_word' id='word_1_331' title='bbox 632 2554 675 2581; x_wconf 88' lang='lat' dir='ltr'>die</span> <span class='ocrx_word' id='word_1_332' title='bbox 702 2555 718 2582; x_wconf 74' lang='lat'><strong>4</strong></span> <span class='ocrx_word' id='word_1_333' title='bbox 737 2554 813 2589; x_wconf 86' lang='lat' dir='ltr'>iunii,</span> <span class='ocrx_word' id='word_1_334' title='bbox 842 2554 926 2590; x_wconf 82' lang='lat' dir='ltr'>pontt.</span> <span class='ocrx_word' id='word_1_335' title='bbox 946 2560 966 2587; x_wconf 89' lang='lat'>1,</span> <span class='ocrx_word' id='word_1_336' title='bbox 994 2555 1200 2589; x_wconf 82' lang='lat' dir='ltr'>suspenduntur</span> 
     </span>
     <span class='ocr_line' id='line_1_62' title="bbox 460 2598 1060 2635; baseline 0.002 -9"><span class='ocrx_word' id='word_1_337' title='bbox 460 2607 554 2627; x_wconf 88' lang='lat' dir='ltr'>omnes</span> <span class='ocrx_word' id='word_1_338' title='bbox 573 2598 757 2635; x_wconf 83' lang='lat' dir='ltr'>indulgentiae</span> <span class='ocrx_word' id='word_1_339' title='bbox 777 2598 849 2627; x_wconf 87' lang='lat' dir='ltr'>dicto</span> <span class='ocrx_word' id='word_1_340' title='bbox 868 2607 938 2628; x_wconf 87' lang='lat' dir='ltr'>anno</span> <span class='ocrx_word' id='word_1_341' title='bbox 957 2602 1060 2627; x_wconf 82' lang='lat' dir='ltr'>sancto.</span> 
     </span>
    </p>
   </div>
   <div class='ocr_carea' id='block_1_12' title="bbox 1237 799 1984 2636">
    <p class='ocr_par' dir='ltr' id='par_1_15' title="bbox 1237 799 1984 2636">
     <span class='ocr_line' id='line_1_63' title="bbox 1238 799 1982 839; baseline -0.001 -10"><span class='ocrx_word' id='word_1_342' title='bbox 1238 799 1376 829; x_wconf 89' lang='lat' dir='ltr'>damnum</span> <span class='ocrx_word' id='word_1_343' title='bbox 1392 803 1420 829; x_wconf 92' lang='lat' dir='ltr'>et</span> <span class='ocrx_word' id='word_1_344' title='bbox 1438 799 1651 838; x_wconf 78' lang='lat' dir='ltr'>praeiudicium</span> <span class='ocrx_word' id='word_1_345' title='bbox 1667 799 1797 839; x_wconf 89' lang='lat' dir='ltr'>ipsorum</span> <span class='ocrx_word' id='word_1_346' title='bbox 1813 802 1982 838; x_wconf 85' lang='lat' dir='ltr'>retorquea-</span> 
     </span>
     <span class='ocr_line' id='line_1_64' title="bbox 1239 846 1981 882; baseline 0 -5"><span class='ocrx_word' id='word_1_347' title='bbox 1239 852 1306 877; x_wconf 88' lang='lat' dir='ltr'>tur:</span> <span class='ocrx_word' id='word_1_348' title='bbox 1324 847 1445 882; x_wconf 80' lang='lat' dir='ltr'>idcirco,</span> <span class='ocrx_word' id='word_1_349' title='bbox 1459 847 1493 877; x_wconf 88' lang='lat' dir='ltr'>de</span> <span class='ocrx_word' id='word_1_350' title='bbox 1516 847 1652 877; x_wconf 87' lang='lat' dir='ltr'>mandato</span> <span class='ocrx_word' id='word_1_351' title='bbox 1676 846 1854 877; x_wconf 83' lang='lat' dir='ltr'>sanctissimi</span> <span class='ocrx_word' id='word_1_352' title='bbox 1870 846 1981 877; x_wconf 88' lang='lat' dir='ltr'>domini</span> 
     </span>
     <span class='ocr_line' id='line_1_65' title="bbox 1239 894 1982 934; baseline 0.001 -10"><span class='ocrx_word' id='word_1_353' title='bbox 1239 896 1332 926; x_wconf 89' lang='lat' dir='ltr'>nostri</span> <span class='ocrx_word' id='word_1_354' title='bbox 1355 896 1449 934; x_wconf 84' lang='lat' dir='ltr'>Papae</span> <span class='ocrx_word' id='word_1_355' title='bbox 1472 895 1553 925; x_wconf 85' lang='lat' dir='ltr'>vivae</span> <span class='ocrx_word' id='word_1_356' title='bbox 1575 895 1655 925; x_wconf 83' lang='lat' dir='ltr'>vocis</span> <span class='ocrx_word' id='word_1_357' title='bbox 1677 895 1796 926; x_wconf 87' lang='lat' dir='ltr'>oraculo</span> <span class='ocrx_word' id='word_1_358' title='bbox 1824 894 1910 925; x_wconf 88' lang='lat' dir='ltr'>nobis</span> <span class='ocrx_word' id='word_1_359' title='bbox 1931 894 1982 925; x_wconf 87' lang='lat' dir='ltr'>de-</span> 
     </span>
     <span class='ocr_line' id='line_1_66' title="bbox 1238 943 1982 984; baseline -0.001 -10"><span class='ocrx_word' id='word_1_360' title='bbox 1238 954 1338 984; x_wconf 88' lang='lat' dir='ltr'>super,</span> <span class='ocrx_word' id='word_1_361' title='bbox 1362 954 1395 974; x_wconf 86' lang='lat' dir='ltr'>ac</span> <span class='ocrx_word' id='word_1_362' title='bbox 1417 954 1451 974; x_wconf 90' lang='lat' dir='ltr'>ex</span> <span class='ocrx_word' id='word_1_363' title='bbox 1475 944 1593 974; x_wconf 86' lang='lat' dir='ltr'>decreto</span> <span class='ocrx_word' id='word_1_364' title='bbox 1619 944 1649 974; x_wconf 93' lang='lat' dir='ltr'>in</span> <span class='ocrx_word' id='word_1_365' title='bbox 1671 944 1790 974; x_wconf 74' lang='lat' dir='ltr'>Camera</span> <span class='ocrx_word' id='word_1_366' title='bbox 1812 943 1982 983; x_wconf 72' lang='lat' dir='ltr'>Apostolica.</span> 
     </span>
     <span class='ocr_line' id='line_1_67' title="bbox 1238 993 1981 1031; baseline -0.001 -8"><span class='ocrx_word' id='word_1_367' title='bbox 1238 995 1354 1024; x_wconf 69' lang='lat' dir='ltr'>matura</span> <span class='ocrx_word' id='word_1_368' title='bbox 1387 993 1618 1023; x_wconf 83' lang='lat' dir='ltr'>consideratione</span> <span class='ocrx_word' id='word_1_369' title='bbox 1650 993 1737 1031; x_wconf 82' lang='lat' dir='ltr'>facto,</span> <span class='ocrx_word' id='word_1_370' title='bbox 1765 993 1921 1023; x_wconf 85' lang='lat' dir='ltr'>statuimus</span> <span class='ocrx_word' id='word_1_371' title='bbox 1952 995 1981 1022; x_wconf 85' lang='lat' dir='ltr'>et</span> 
     </span>
     <span class='ocr_line' id='line_1_68' title="bbox 1237 1040 1982 1081; baseline -0.004 -8"><span class='ocrx_word' id='word_1_372' title='bbox 1237 1043 1418 1078; x_wconf 87' lang='lat' dir='ltr'>ordinamus,</span> <span class='ocrx_word' id='word_1_373' title='bbox 1446 1041 1523 1081; x_wconf 89' lang='lat' dir='ltr'>quod</span> <span class='ocrx_word' id='word_1_374' title='bbox 1546 1042 1576 1071; x_wconf 92' lang='lat' dir='ltr'>in</span> <span class='ocrx_word' id='word_1_375' title='bbox 1595 1042 1738 1080; x_wconf 80' lang='lat' dir='ltr'>futurum,</span> <span class='ocrx_word' id='word_1_376' title='bbox 1756 1044 1890 1080; x_wconf 86' lang='lat' dir='ltr'>respectu</span> <span class='ocrx_word' id='word_1_377' title='bbox 1912 1040 1982 1071; x_wconf 90' lang='lat' dir='ltr'>anni</span> 
     </span>
     <span class='ocr_line' id='line_1_69' title="bbox 1238 1088 1979 1130; baseline -0.004 -9"><span class='ocrx_word' id='word_1_378' title='bbox 1238 1091 1331 1121; x_wconf 87' lang='lat' dir='ltr'>sancti</span> <span class='ocrx_word' id='word_1_379' title='bbox 1346 1091 1389 1120; x_wconf 92' lang='lat' dir='ltr'>vel</span> <span class='ocrx_word' id='word_1_380' title='bbox 1402 1089 1533 1128; x_wconf 88' lang='lat' dir='ltr'>iubilaei,</span> <span class='ocrx_word' id='word_1_381' title='bbox 1551 1090 1795 1130; x_wconf 85' lang='lat' dir='ltr'>quandocumque</span> <span class='ocrx_word' id='word_1_382' title='bbox 1811 1088 1979 1119; x_wconf 84' lang='lat' dir='ltr'>huiusmodi</span> 
     </span>
     <span class='ocr_line' id='line_1_70' title="bbox 1238 1137 1983 1178; baseline -0.004 -9"><span class='ocrx_word' id='word_1_383' title='bbox 1238 1149 1332 1169; x_wconf 87' lang='lat' dir='ltr'>annus</span> <span class='ocrx_word' id='word_1_384' title='bbox 1355 1139 1479 1174; x_wconf 81' lang='lat' dir='ltr'>venerit,</span> <span class='ocrx_word' id='word_1_385' title='bbox 1497 1147 1549 1178; x_wconf 87' lang='lat' dir='ltr'>per</span> <span class='ocrx_word' id='word_1_386' title='bbox 1567 1148 1676 1168; x_wconf 87' lang='lat' dir='ltr'>annum</span> <span class='ocrx_word' id='word_1_387' title='bbox 1705 1143 1791 1168; x_wconf 83' lang='lat' dir='ltr'>antea</span> <span class='ocrx_word' id='word_1_388' title='bbox 1813 1142 1842 1168; x_wconf 92' lang='lat' dir='ltr'>et</span> <span class='ocrx_word' id='word_1_389' title='bbox 1863 1146 1916 1177; x_wconf 87' lang='lat' dir='ltr'>pro</span> <span class='ocrx_word' id='word_1_390' title='bbox 1938 1137 1983 1167; x_wconf 92' lang='lat' dir='ltr'>di-</span> 
     </span>
     <span class='ocr_line' id='line_1_71' title="bbox 1239 1184 1982 1225; baseline -0.003 -8"><span class='ocrx_word' id='word_1_391' title='bbox 1239 1192 1284 1218; x_wconf 91' lang='lat' dir='ltr'>cto</span> <span class='ocrx_word' id='word_1_392' title='bbox 1301 1197 1376 1217; x_wconf 90' lang='lat' dir='ltr'>anno</span> <span class='ocrx_word' id='word_1_393' title='bbox 1390 1191 1490 1217; x_wconf 86' lang='lat' dir='ltr'>sancto</span> <span class='ocrx_word' id='word_1_394' title='bbox 1504 1186 1550 1216; x_wconf 91' lang='lat' dir='ltr'>vel</span> <span class='ocrx_word' id='word_1_395' title='bbox 1561 1186 1692 1225; x_wconf 89' lang='lat' dir='ltr'>iubilaei,</span> <span class='ocrx_word' id='word_1_396' title='bbox 1709 1185 1864 1225; x_wconf 90' lang='lat' dir='ltr'>inquilinis</span> <span class='ocrx_word' id='word_1_397' title='bbox 1881 1184 1982 1225; x_wconf 89' lang='lat' dir='ltr'>pensio</span> 
     </span>
     <span class='ocr_line' id='line_1_72' title="bbox 1239 1233 1979 1275; baseline -0.004 -9"><span class='ocrx_word' id='word_1_398' title='bbox 1239 1236 1341 1266; x_wconf 85' lang='lat' dir='ltr'>domus</span> <span class='ocrx_word' id='word_1_399' title='bbox 1365 1245 1415 1275; x_wconf 91' lang='lat' dir='ltr'>per</span> <span class='ocrx_word' id='word_1_400' title='bbox 1437 1245 1487 1265; x_wconf 92' lang='lat' dir='ltr'>eos</span> <span class='ocrx_word' id='word_1_401' title='bbox 1509 1235 1670 1265; x_wconf 87' lang='lat' dir='ltr'>conductae</span> <span class='ocrx_word' id='word_1_402' title='bbox 1698 1243 1713 1264; x_wconf 93' lang='lat' dir='ltr'>a</span> <span class='ocrx_word' id='word_1_403' title='bbox 1735 1234 1861 1265; x_wconf 89' lang='lat' dir='ltr'>dominis</span> <span class='ocrx_word' id='word_1_404' title='bbox 1884 1233 1979 1273; x_wconf 78' lang='lat' dir='ltr'>Ipsius</span> 
     </span>
     <span class='ocr_line' id='line_1_73' title="bbox 1239 1282 1982 1323; baseline -0.004 -8"><span class='ocrx_word' id='word_1_405' title='bbox 1239 1285 1352 1323; x_wconf 83' lang='lat' dir='ltr'>augerI‚</span> <span class='ocrx_word' id='word_1_406' title='bbox 1377 1294 1430 1314; x_wconf 84' lang='lat' dir='ltr'>nec</span> <span class='ocrx_word' id='word_1_407' title='bbox 1453 1284 1556 1314; x_wconf 87' lang='lat' dir='ltr'>modus</span> <span class='ocrx_word' id='word_1_408' title='bbox 1583 1283 1714 1314; x_wconf 83' lang='lat' dir='ltr'>solvendi</span> <span class='ocrx_word' id='word_1_409' title='bbox 1744 1284 1916 1323; x_wconf 88' lang='lat' dir='ltr'>pensionem</span> <span class='ocrx_word' id='word_1_410' title='bbox 1942 1282 1982 1312; x_wconf 87' lang='lat' dir='ltr'>al-</span> 
     </span>
     <span class='ocr_line' id='line_1_74' title="bbox 1239 1331 1980 1372; baseline -0.005 -8"><span class='ocrx_word' id='word_1_411' title='bbox 1239 1334 1328 1364; x_wconf 87' lang='lat' dir='ltr'>terari</span> <span class='ocrx_word' id='word_1_412' title='bbox 1345 1332 1455 1372; x_wconf 88' lang='lat' dir='ltr'>possit:</span> <span class='ocrx_word' id='word_1_413' title='bbox 1473 1333 1606 1371; x_wconf 89' lang='lat' dir='ltr'>insuper,</span> <span class='ocrx_word' id='word_1_414' title='bbox 1624 1341 1676 1372; x_wconf 91' lang='lat' dir='ltr'>pro</span> <span class='ocrx_word' id='word_1_415' title='bbox 1695 1332 1799 1361; x_wconf 89' lang='lat' dir='ltr'>maiori</span> <span class='ocrx_word' id='word_1_416' title='bbox 1815 1331 1980 1367; x_wconf 85' lang='lat' dir='ltr'>curialium,</span> 
     </span>
     <span class='ocr_line' id='line_1_75' title="bbox 1240 1379 1982 1422; baseline -0.005 -9"><span class='ocrx_word' id='word_1_417' title='bbox 1240 1383 1454 1422; x_wconf 86' lang='lat' dir='ltr'>inquilinorum</span> <span class='ocrx_word' id='word_1_418' title='bbox 1476 1385 1504 1411; x_wconf 86' lang='lat' dir='ltr'>et</span> <span class='ocrx_word' id='word_1_419' title='bbox 1526 1380 1795 1420; x_wconf 84' lang='lat' dir='ltr'>subinquilinorum</span> <span class='ocrx_word' id='word_1_420' title='bbox 1819 1380 1928 1419; x_wconf 90' lang='lat' dir='ltr'>quiete,</span> <span class='ocrx_word' id='word_1_421' title='bbox 1946 1379 1982 1409; x_wconf 84' lang='lat' dir='ltr'>ad</span> 
     </span>
     <span class='ocr_line' id='line_1_76' title="bbox 1240 1428 1984 1467; baseline -0.005 -6"><span class='ocrx_word' id='word_1_422' title='bbox 1240 1432 1306 1461; x_wconf 88' lang='lat' dir='ltr'>lites</span> <span class='ocrx_word' id='word_1_423' title='bbox 1329 1434 1357 1461; x_wconf 89' lang='lat' dir='ltr'>et</span> <span class='ocrx_word' id='word_1_424' title='bbox 1378 1429 1591 1460; x_wconf 85' lang='lat' dir='ltr'>controversias</span> <span class='ocrx_word' id='word_1_425' title='bbox 1615 1429 1777 1467; x_wconf 90' lang='lat' dir='ltr'>evitandas,</span> <span class='ocrx_word' id='word_1_426' title='bbox 1799 1432 1832 1458; x_wconf 87' lang='lat' dir='ltr'>ut</span> <span class='ocrx_word' id='word_1_427' title='bbox 1855 1428 1984 1467; x_wconf 87' lang='lat' dir='ltr'>praeser-</span> 
     </span>
     <span class='ocr_line' id='line_1_77' title="bbox 1242 1475 1982 1518; baseline -0.005 -9"><span class='ocrx_word' id='word_1_428' title='bbox 1242 1484 1300 1518; x_wconf 87' lang='lat' dir='ltr'>tur,</span> <span class='ocrx_word' id='word_1_429' title='bbox 1318 1479 1435 1509; x_wconf 87' lang='lat' dir='ltr'>oraculo</span> <span class='ocrx_word' id='word_1_430' title='bbox 1458 1482 1486 1508; x_wconf 84' lang='lat' dir='ltr'>et</span> <span class='ocrx_word' id='word_1_431' title='bbox 1508 1477 1626 1507; x_wconf 88' lang='lat' dir='ltr'>decreto</span> <span class='ocrx_word' id='word_1_432' title='bbox 1642 1476 1790 1506; x_wconf 90' lang='lat' dir='ltr'>similibus</span> <span class='ocrx_word' id='word_1_433' title='bbox 1805 1475 1982 1506; x_wconf 88' lang='lat' dir='ltr'>declarando</span> 
     </span>
     <span class='ocr_line' id='line_1_78' title="bbox 1241 1525 1984 1565; baseline -0.007 -7"><span class='ocrx_word' id='word_1_434' title='bbox 1241 1529 1390 1558; x_wconf 88' lang='lat' dir='ltr'>decretum</span> <span class='ocrx_word' id='word_1_435' title='bbox 1413 1527 1441 1556; x_wconf 90' lang='lat' dir='ltr'>in</span> <span class='ocrx_word' id='word_1_436' title='bbox 1466 1527 1593 1556; x_wconf 82' lang='lat' dir='ltr'>savorem</span> <span class='ocrx_word' id='word_1_437' title='bbox 1618 1525 1830 1565; x_wconf 88' lang='lat' dir='ltr'>inquilinorum</span> <span class='ocrx_word' id='word_1_438' title='bbox 1858 1533 1911 1564; x_wconf 89' lang='lat' dir='ltr'>per</span> <span class='ocrx_word' id='word_1_439' title='bbox 1933 1533 1984 1554; x_wconf 86' lang='lat' dir='ltr'>an-</span> 
     </span>
     <span class='ocr_line' id='line_1_79' title="bbox 1241 1573 1984 1613; baseline -0.005 -7"><span class='ocrx_word' id='word_1_440' title='bbox 1241 1580 1403 1606; x_wconf 82' lang='lat' dir='ltr'>tecessores</span> <span class='ocrx_word' id='word_1_441' title='bbox 1425 1579 1542 1605; x_wconf 90' lang='lat' dir='ltr'>nostros</span> <span class='ocrx_word' id='word_1_442' title='bbox 1564 1577 1594 1604; x_wconf 90' lang='lat' dir='ltr'>et</span> <span class='ocrx_word' id='word_1_443' title='bbox 1616 1583 1667 1613; x_wconf 89' lang='lat' dir='ltr'>per</span> <span class='ocrx_word' id='word_1_444' title='bbox 1688 1573 1838 1604; x_wconf 79' lang='lat' dir='ltr'>eameram</span> <span class='ocrx_word' id='word_1_445' title='bbox 1861 1573 1984 1612; x_wconf 88' lang='lat' dir='ltr'>Aposto-</span> 
     </span>
     <span class='ocr_line' id='line_1_80' title="bbox 1241 1622 1984 1662; baseline -0.005 -8"><span class='ocrx_word' id='word_1_446' title='bbox 1241 1625 1326 1654; x_wconf 88' lang='lat' dir='ltr'>licam</span> <span class='ocrx_word' id='word_1_447' title='bbox 1349 1625 1422 1654; x_wconf 75' lang='lat' dir='ltr'>alias</span> <span class='ocrx_word' id='word_1_448' title='bbox 1445 1624 1565 1659; x_wconf 82' lang='lat' dir='ltr'>factum,</span> <span class='ocrx_word' id='word_1_449' title='bbox 1593 1623 1624 1652; x_wconf 86' lang='lat' dir='ltr'>in</span> <span class='ocrx_word' id='word_1_450' title='bbox 1651 1626 1816 1662; x_wconf 77' lang='lat' dir='ltr'>perpetuum</span> <span class='ocrx_word' id='word_1_451' title='bbox 1837 1622 1984 1651; x_wconf 82' lang='lat' dir='ltr'>statuimus</span> 
     </span>
     <span class='ocr_line' id='line_1_81' title="bbox 1241 1669 1984 1710; baseline -0.007 -7"><span class='ocrx_word' id='word_1_452' title='bbox 1241 1678 1264 1703; x_wconf 85' lang='lat' dir='ltr'>et</span> <span class='ocrx_word' id='word_1_453' title='bbox 1286 1674 1456 1708; x_wconf 77' lang='lat' dir='ltr'>ordinamus,</span> <span class='ocrx_word' id='word_1_454' title='bbox 1480 1671 1549 1710; x_wconf 82' lang='lat' dir='ltr'>qaod</span> <span class='ocrx_word' id='word_1_455' title='bbox 1570 1680 1603 1700; x_wconf 73' lang='lat' dir='ltr'>ex</span> <span class='ocrx_word' id='word_1_456' title='bbox 1624 1680 1697 1700; x_wconf 82' lang='lat' dir='ltr'>nune</span> <span class='ocrx_word' id='word_1_457' title='bbox 1718 1672 1748 1699; x_wconf 80' lang='lat' dir='ltr'>in</span> <span class='ocrx_word' id='word_1_458' title='bbox 1767 1673 1917 1709; x_wconf 83' lang='lat' dir='ltr'>posterum,</span> <span class='ocrx_word' id='word_1_459' title='bbox 1934 1669 1984 1699; x_wconf 82' lang='lat' dir='ltr'>du-</span> 
     </span>
     <span class='ocr_line' id='line_1_82' title="bbox 1241 1717 1983 1758; baseline -0.005 -7"><span class='ocrx_word' id='word_1_460' title='bbox 1241 1726 1320 1751; x_wconf 81' lang='lat' dir='ltr'>rante</span> <span class='ocrx_word' id='word_1_461' title='bbox 1343 1721 1473 1751; x_wconf 75' lang='lat' dir='ltr'>locatione</span> <span class='ocrx_word' id='word_1_462' title='bbox 1496 1719 1639 1758; x_wconf 78' lang='lat' dir='ltr'>inquilini,</span> <span class='ocrx_word' id='word_1_463' title='bbox 1654 1722 1713 1748; x_wconf 88' lang='lat' dir='ltr'>tam</span> <span class='ocrx_word' id='word_1_464' title='bbox 1736 1718 1798 1757; x_wconf 89' lang='lat' dir='ltr'>ipse</span> <span class='ocrx_word' id='word_1_465' title='bbox 1819 1717 1983 1757; x_wconf 85' lang='lat' dir='ltr'>inquilinus</span> 
     </span>
     <span class='ocr_line' id='line_1_83' title="bbox 1242 1765 1982 1810; baseline -0.005 -10"><span class='ocrx_word' id='word_1_466' title='bbox 1242 1780 1329 1810; x_wconf 90' lang='lat' dir='ltr'>quam</span> <span class='ocrx_word' id='word_1_467' title='bbox 1361 1768 1580 1808; x_wconf 88' lang='lat' dir='ltr'>subinquilinus</span> <span class='ocrx_word' id='word_1_468' title='bbox 1603 1767 1751 1804; x_wconf 84' lang='lat' dir='ltr'>eiusdem,</span> <span class='ocrx_word' id='word_1_469' title='bbox 1775 1776 1809 1797; x_wconf 84' lang='lat' dir='ltr'>ex</span> <span class='ocrx_word' id='word_1_470' title='bbox 1839 1767 1927 1796; x_wconf 89' lang='lat' dir='ltr'>domo</span> <span class='ocrx_word' id='word_1_471' title='bbox 1946 1765 1982 1796; x_wconf 86' lang='lat' dir='ltr'>ab</span> 
     </span>
     <span class='ocr_line' id='line_1_84' title="bbox 1242 1814 1983 1853; baseline -0.007 -4"><span class='ocrx_word' id='word_1_472' title='bbox 1242 1819 1353 1849; x_wconf 83' lang='lat' dir='ltr'>eisdem</span> <span class='ocrx_word' id='word_1_473' title='bbox 1369 1818 1516 1847; x_wconf 67' lang='lat' dir='ltr'>conducta</span> <span class='ocrx_word' id='word_1_474' title='bbox 1531 1817 1592 1846; x_wconf 89' lang='lat' dir='ltr'>sive</span> <span class='ocrx_word' id='word_1_475' title='bbox 1608 1815 1821 1853; x_wconf 68' lang='lat' dir='ltr'>subcondueta,</span> <span class='ocrx_word' id='word_1_476' title='bbox 1834 1824 1849 1844; x_wconf 87' lang='lat' dir='ltr'>a</span> <span class='ocrx_word' id='word_1_477' title='bbox 1865 1814 1983 1845; x_wconf 89' lang='lat' dir='ltr'>domino</span> 
     </span>
     <span class='ocr_line' id='line_1_85' title="bbox 1242 1863 1984 1906; baseline -0.008 -8"><span class='ocrx_word' id='word_1_478' title='bbox 1242 1867 1335 1906; x_wconf 88' lang='lat' dir='ltr'>ipsius</span> <span class='ocrx_word' id='word_1_479' title='bbox 1358 1870 1506 1896; x_wconf 83' lang='lat' dir='ltr'>asserente</span> <span class='ocrx_word' id='word_1_480' title='bbox 1529 1865 1647 1895; x_wconf 90' lang='lat' dir='ltr'>domum</span> <span class='ocrx_word' id='word_1_481' title='bbox 1680 1873 1760 1894; x_wconf 90' lang='lat' dir='ltr'>suam</span> <span class='ocrx_word' id='word_1_482' title='bbox 1784 1872 1836 1903; x_wconf 89' lang='lat' dir='ltr'>pro</span> <span class='ocrx_word' id='word_1_483' title='bbox 1858 1873 1911 1893; x_wconf 86' lang='lat' dir='ltr'>suo</span> <span class='ocrx_word' id='word_1_484' title='bbox 1933 1863 1984 1893; x_wconf 89' lang='lat' dir='ltr'>ha-</span> 
     </span>
     <span class='ocr_line' id='line_1_86' title="bbox 1241 1912 1981 1953; baseline -0.007 -7"><span class='ocrx_word' id='word_1_485' title='bbox 1241 1915 1311 1946; x_wconf 87' lang='lat' dir='ltr'>bere</span> <span class='ocrx_word' id='word_1_486' title='bbox 1343 1915 1429 1953; x_wconf 91' lang='lat' dir='ltr'>velle,</span> <span class='ocrx_word' id='word_1_487' title='bbox 1458 1913 1564 1953; x_wconf 84' lang='lat' dir='ltr'>expelli</span> <span class='ocrx_word' id='word_1_488' title='bbox 1596 1923 1654 1943; x_wconf 89' lang='lat' dir='ltr'>non</span> <span class='ocrx_word' id='word_1_489' title='bbox 1688 1921 1783 1952; x_wconf 89' lang='lat' dir='ltr'>posse,</span> <span class='ocrx_word' id='word_1_490' title='bbox 1814 1912 1872 1942; x_wconf 87' lang='lat' dir='ltr'>nisi</span> <span class='ocrx_word' id='word_1_491' title='bbox 1901 1912 1981 1942; x_wconf 78' lang='lat' dir='ltr'>quta</span> 
     </span>
     <span class='ocr_line' id='line_1_87' title="bbox 1242 1961 1980 2002; baseline -0.007 -7"><span class='ocrx_word' id='word_1_492' title='bbox 1242 1965 1363 1995; x_wconf 81' lang='lat' dir='ltr'>sormam</span> <span class='ocrx_word' id='word_1_493' title='bbox 1380 1963 1454 1993; x_wconf 90' lang='lat' dir='ltr'>iuris</span> <span class='ocrx_word' id='word_1_494' title='bbox 1470 1962 1634 1992; x_wconf 84' lang='lat' dir='ltr'>communis</span> <span class='ocrx_word' id='word_1_495' title='bbox 1647 1972 1654 1999; x_wconf 86' lang='lat'>;</span> <span class='ocrx_word' id='word_1_496' title='bbox 1667 1962 1747 2002; x_wconf 69' lang='lat' dir='ltr'>finita</span> <span class='ocrx_word' id='word_1_497' title='bbox 1762 1971 1823 1991; x_wconf 83' lang='lat' dir='ltr'>vero</span> <span class='ocrx_word' id='word_1_498' title='bbox 1838 1961 1980 2000; x_wconf 82' lang='lat' dir='ltr'>locatione,</span> 
     </span>
     <span class='ocr_line' id='line_1_88' title="bbox 1242 2010 1983 2053; baseline -0.004 -10"><span class='ocrx_word' id='word_1_499' title='bbox 1242 2022 1408 2053; x_wconf 78' lang='lat' dir='ltr'>quocumque</span> <span class='ocrx_word' id='word_1_500' title='bbox 1422 2012 1498 2041; x_wconf 82' lang='lat' dir='ltr'>modo</span> <span class='ocrx_word' id='word_1_501' title='bbox 1513 2012 1639 2051; x_wconf 79' lang='lat' dir='ltr'>finiatur,</span> <span class='ocrx_word' id='word_1_502' title='bbox 1656 2011 1680 2041; x_wconf 88' lang='lat' dir='ltr'>si</span> <span class='ocrx_word' id='word_1_503' title='bbox 1696 2010 1831 2040; x_wconf 88' lang='lat' dir='ltr'>dominus</span> <span class='ocrx_word' id='word_1_504' title='bbox 1852 2019 1905 2050; x_wconf 89' lang='lat' dir='ltr'>pro</span> <span class='ocrx_word' id='word_1_505' title='bbox 1927 2019 1983 2040; x_wconf 92' lang='lat' dir='ltr'>usu</span> 
     </span>
     <span class='ocr_line' id='line_1_89' title="bbox 1241 2059 1982 2098; baseline -0.004 -7"><span class='ocrx_word' id='word_1_506' title='bbox 1241 2071 1294 2091; x_wconf 89' lang='lat' dir='ltr'>suo</span> <span class='ocrx_word' id='word_1_507' title='bbox 1317 2062 1434 2092; x_wconf 87' lang='lat' dir='ltr'>domum</span> <span class='ocrx_word' id='word_1_508' title='bbox 1463 2059 1571 2090; x_wconf 90' lang='lat' dir='ltr'>habere</span> <span class='ocrx_word' id='word_1_509' title='bbox 1592 2059 1728 2097; x_wconf 85' lang='lat' dir='ltr'>intendit,</span> <span class='ocrx_word' id='word_1_510' title='bbox 1758 2062 1829 2089; x_wconf 85' lang='lat' dir='ltr'>tunc</span> <span class='ocrx_word' id='word_1_511' title='bbox 1856 2062 1982 2098; x_wconf 86' lang='lat' dir='ltr'>utroque</span> 
     </span>
     <span class='ocr_line' id='line_1_90' title="bbox 1241 2106 1982 2148; baseline -0.005 -8"><span class='ocrx_word' id='word_1_512' title='bbox 1241 2119 1311 2140; x_wconf 82' lang='lat' dir='ltr'>casu</span> <span class='ocrx_word' id='word_1_513' title='bbox 1332 2108 1495 2148; x_wconf 88' lang='lat' dir='ltr'>inquilinus</span> <span class='ocrx_word' id='word_1_514' title='bbox 1513 2108 1619 2147; x_wconf 84' lang='lat' dir='ltr'>expelli</span> <span class='ocrx_word' id='word_1_515' title='bbox 1634 2117 1692 2137; x_wconf 92' lang='lat' dir='ltr'>non</span> <span class='ocrx_word' id='word_1_516' title='bbox 1709 2107 1810 2147; x_wconf 85' lang='lat' dir='ltr'>possit,</span> <span class='ocrx_word' id='word_1_517' title='bbox 1827 2106 1884 2136; x_wconf 89' lang='lat' dir='ltr'>nisi</span> <span class='ocrx_word' id='word_1_518' title='bbox 1899 2107 1982 2147; x_wconf 87' lang='lat' dir='ltr'>prius</span> 
     </span>
     <span class='ocr_line' id='line_1_91' title="bbox 1241 2155 1983 2195; baseline -0.005 -6"><span class='ocrx_word' id='word_1_519' title='bbox 1241 2158 1378 2189; x_wconf 90' lang='lat' dir='ltr'>dominus</span> <span class='ocrx_word' id='word_1_520' title='bbox 1399 2157 1551 2195; x_wconf 86' lang='lat' dir='ltr'>iuraverit,</span> <span class='ocrx_word' id='word_1_521' title='bbox 1574 2160 1603 2186; x_wconf 85' lang='lat' dir='ltr'>et</span> <span class='ocrx_word' id='word_1_522' title='bbox 1624 2155 1678 2186; x_wconf 90' lang='lat' dir='ltr'>sub</span> <span class='ocrx_word' id='word_1_523' title='bbox 1701 2156 1794 2195; x_wconf 69' lang='lat' dir='ltr'>poena</span> <span class='ocrx_word' id='word_1_524' title='bbox 1816 2155 1983 2185; x_wconf 85' lang='lat' dir='ltr'>amissionis</span> 
     </span>
     <span class='ocr_line' id='line_1_92' title="bbox 1242 2203 1982 2246; baseline -0.005 -9"><span class='ocrx_word' id='word_1_525' title='bbox 1242 2206 1393 2246; x_wconf 88' lang='lat' dir='ltr'>pensionis</span> <span class='ocrx_word' id='word_1_526' title='bbox 1414 2206 1537 2235; x_wconf 87' lang='lat' dir='ltr'>duorum</span> <span class='ocrx_word' id='word_1_527' title='bbox 1565 2213 1708 2235; x_wconf 89' lang='lat' dir='ltr'>annorum</span> <span class='ocrx_word' id='word_1_528' title='bbox 1740 2204 1843 2234; x_wconf 85' lang='lat' dir='ltr'>domus</span> <span class='ocrx_word' id='word_1_529' title='bbox 1870 2203 1904 2234; x_wconf 90' lang='lat' dir='ltr'>de</span> <span class='ocrx_word' id='word_1_530' title='bbox 1926 2212 1982 2243; x_wconf 87' lang='lat' dir='ltr'>qua</span> 
     </span>
     <span class='ocr_line' id='line_1_93' title="bbox 1242 2252 1981 2294; baseline -0.007 -8"><span class='ocrx_word' id='word_1_531' title='bbox 1242 2256 1350 2294; x_wconf 82' lang='lat' dir='ltr'>agitur,</span> <span class='ocrx_word' id='word_1_532' title='bbox 1370 2255 1405 2285; x_wconf 90' lang='lat' dir='ltr'>de</span> <span class='ocrx_word' id='word_1_533' title='bbox 1427 2263 1484 2284; x_wconf 91' lang='lat' dir='ltr'>non</span> <span class='ocrx_word' id='word_1_534' title='bbox 1509 2254 1631 2284; x_wconf 89' lang='lat' dir='ltr'>locando</span> <span class='ocrx_word' id='word_1_535' title='bbox 1653 2253 1736 2283; x_wconf 86' lang='lat' dir='ltr'>alteri</span> <span class='ocrx_word' id='word_1_536' title='bbox 1757 2252 1875 2282; x_wconf 89' lang='lat' dir='ltr'>domum</span> <span class='ocrx_word' id='word_1_537' title='bbox 1896 2261 1981 2292; x_wconf 87' lang='lat' dir='ltr'>prae-</span> 
     </span>
     <span class='ocr_line' id='line_1_94' title="bbox 1242 2301 1982 2342; baseline -0.005 -8"><span class='ocrx_word' id='word_1_538' title='bbox 1242 2305 1348 2334; x_wconf 85' lang='lat' dir='ltr'>dictam</span> <span class='ocrx_word' id='word_1_539' title='bbox 1368 2304 1412 2333; x_wconf 91' lang='lat' dir='ltr'>vel</span> <span class='ocrx_word' id='word_1_540' title='bbox 1429 2306 1541 2342; x_wconf 87' lang='lat' dir='ltr'>partem</span> <span class='ocrx_word' id='word_1_541' title='bbox 1560 2302 1662 2341; x_wconf 87' lang='lat' dir='ltr'>ipsius,</span> <span class='ocrx_word' id='word_1_542' title='bbox 1677 2301 1727 2331; x_wconf 91' lang='lat' dir='ltr'>sed</span> <span class='ocrx_word' id='word_1_543' title='bbox 1744 2310 1807 2331; x_wconf 89' lang='lat' dir='ltr'>eam</span> <span class='ocrx_word' id='word_1_544' title='bbox 1822 2305 1913 2331; x_wconf 88' lang='lat' dir='ltr'>totam</span> <span class='ocrx_word' id='word_1_545' title='bbox 1930 2310 1982 2341; x_wconf 88' lang='lat' dir='ltr'>per</span> 
     </span>
     <span class='ocr_line' id='line_1_95' title="bbox 1241 2350 1983 2392; baseline -0.004 -9"><span class='ocrx_word' id='word_1_546' title='bbox 1241 2362 1272 2383; x_wconf 88' lang='lat' dir='ltr'>se</span> <span class='ocrx_word' id='word_1_547' title='bbox 1294 2353 1391 2392; x_wconf 84' lang='lat' dir='ltr'>ipsum</span> <span class='ocrx_word' id='word_1_548' title='bbox 1408 2361 1575 2391; x_wconf 78' lang='lat' dir='ltr'>perannum</span> <span class='ocrx_word' id='word_1_549' title='bbox 1589 2350 1776 2386; x_wconf 78' lang='lat' dir='ltr'>inhabitanda,</span> <span class='ocrx_word' id='word_1_550' title='bbox 1799 2352 1830 2379; x_wconf 76' lang='lat' dir='ltr'>in</span> <span class='ocrx_word' id='word_1_551' title='bbox 1851 2350 1983 2389; x_wconf 79' lang='lat' dir='ltr'>ampliori</span> 
     </span>
     <span class='ocr_line' id='line_1_96' title="bbox 1240 2399 1982 2440; baseline -0.003 -10"><span class='ocrx_word' id='word_1_552' title='bbox 1240 2402 1331 2440; x_wconf 80' lang='lat' dir='ltr'>forma</span> <span class='ocrx_word' id='word_1_553' title='bbox 1359 2400 1488 2429; x_wconf 79' lang='lat' dir='ltr'>Gamerae</span> <span class='ocrx_word' id='word_1_554' title='bbox 1503 2399 1684 2438; x_wconf 81' lang='lat' dir='ltr'>Apostolicae,</span> <span class='ocrx_word' id='word_1_555' title='bbox 1714 2408 1776 2428; x_wconf 84' lang='lat' dir='ltr'>cum</span> <span class='ocrx_word' id='word_1_556' title='bbox 1803 2400 1927 2428; x_wconf 76' lang='lat' dir='ltr'>censuris</span> <span class='ocrx_word' id='word_1_557' title='bbox 1956 2402 1982 2428; x_wconf 83' lang='lat' dir='ltr'>et</span> 
     </span>
     <span class='ocr_line' id='line_1_97' title="bbox 1242 2447 1982 2485; baseline -0.003 -7"><span class='ocrx_word' id='word_1_558' title='bbox 1242 2449 1377 2478; x_wconf 73' lang='lat' dir='ltr'>mandatis</span> <span class='ocrx_word' id='word_1_559' title='bbox 1385 2449 1580 2485; x_wconf 41' lang='lat' dir='ltr'>meminisse</span> <span class='ocrx_word' id='word_1_560' title='bbox 1593 2447 1760 2485; x_wconf 68' lang='lat' dir='ltr'>obligaverit,</span> <span class='ocrx_word' id='word_1_561' title='bbox 1771 2451 1805 2484; x_wconf 84' lang='lat' dir='ltr'>et,</span> <span class='ocrx_word' id='word_1_562' title='bbox 1818 2448 1842 2476; x_wconf 78' lang='lat' dir='ltr'>si</span> <span class='ocrx_word' id='word_1_563' title='bbox 1856 2447 1982 2476; x_wconf 81' lang='lat' dir='ltr'>dominus</span> 
     </span>
     <span class='ocr_line' id='line_1_98' title="bbox 1241 2495 1982 2534; baseline -0.004 -7"><span class='ocrx_word' id='word_1_564' title='bbox 1241 2497 1458 2534; x_wconf 80' lang='lat' dir='ltr'>contravenerit,</span> <span class='ocrx_word' id='word_1_565' title='bbox 1489 2497 1581 2525; x_wconf 77' lang='lat' dir='ltr'>statim</span> <span class='ocrx_word' id='word_1_566' title='bbox 1610 2497 1641 2524; x_wconf 82' lang='lat' dir='ltr'>in</span> <span class='ocrx_word' id='word_1_567' title='bbox 1667 2505 1784 2534; x_wconf 83' lang='lat' dir='ltr'>poenam</span> <span class='ocrx_word' id='word_1_568' title='bbox 1808 2495 1982 2534; x_wconf 80' lang='lat' dir='ltr'>praedictam</span> 
     </span>
     <span class='ocr_line' id='line_1_99' title="bbox 1242 2544 1982 2586; baseline -0.005 -10"><span class='ocrx_word' id='word_1_569' title='bbox 1242 2547 1355 2582; x_wconf 76' lang='lat' dir='ltr'>incidat,</span> <span class='ocrx_word' id='word_1_570' title='bbox 1373 2556 1441 2586; x_wconf 83' lang='lat' dir='ltr'>quae</span> <span class='ocrx_word' id='word_1_571' title='bbox 1455 2555 1553 2585; x_wconf 81' lang='lat' dir='ltr'>poena,</span> <span class='ocrx_word' id='word_1_572' title='bbox 1569 2546 1593 2575; x_wconf 78' lang='lat' dir='ltr'>si</span> <span class='ocrx_word' id='word_1_573' title='bbox 1608 2554 1662 2574; x_wconf 84' lang='lat' dir='ltr'>non</span> <span class='ocrx_word' id='word_1_574' title='bbox 1676 2544 1854 2574; x_wconf 82' lang='lat' dir='ltr'>intervenerit</span> <span class='ocrx_word' id='word_1_575' title='bbox 1871 2553 1982 2573; x_wconf 82' lang='lat' dir='ltr'>accusa-</span> 
     </span>
     <span class='ocr_line' id='line_1_100' title="bbox 1242 2593 1981 2636; baseline -0.005 -11"><span class='ocrx_word' id='word_1_576' title='bbox 1242 2601 1293 2634; x_wconf 86' lang='lat' dir='ltr'>tor,</span> <span class='ocrx_word' id='word_1_577' title='bbox 1307 2605 1360 2636; x_wconf 83' lang='lat' dir='ltr'>pro</span> <span class='ocrx_word' id='word_1_578' title='bbox 1381 2595 1522 2625; x_wconf 79' lang='lat' dir='ltr'>medietate</span> <span class='ocrx_word' id='word_1_579' title='bbox 1536 2594 1600 2634; x_wconf 82' lang='lat' dir='ltr'>fisco</span> <span class='ocrx_word' id='word_1_580' title='bbox 1611 2603 1664 2634; x_wconf 77' lang='lat' dir='ltr'>pro</span> <span class='ocrx_word' id='word_1_581' title='bbox 1676 2595 1767 2634; x_wconf 75' lang='lat' dir='ltr'>poena</span> <span class='ocrx_word' id='word_1_582' title='bbox 1783 2593 1916 2633; x_wconf 77' lang='lat' dir='ltr'>periurii,</span> <span class='ocrx_word' id='word_1_583' title='bbox 1927 2601 1981 2632; x_wconf 84' lang='lat' dir='ltr'>pro</span> 
     </span>
    </p>
   </div>
   <div class='ocr_carea' id='block_1_13' title="bbox 2249 0 2269 1107">
    <p class='ocr_par' dir='ltr' id='par_1_16' title="bbox 2249 0 2269 1107">
     <span class='ocr_line' id='line_1_101' title="bbox 2249 0 2269 1107; baseline 0 0"><span class='ocrx_word' id='word_1_584' title='bbox 2249 0 2269 1107; x_wconf 95' lang='lat' dir='ltr'> </span> 
     </span>
    </p>
   </div>
  </div>
 </body>
</html>
