2269 3203
249 239 298 266 An.
320 238 349 265 C.
370 236 436 264 172¹

276 1310 376 1331 Rationes
397 1315 435 1336 pe-

250 1338 301 1366 titae
325 1337 434 1357 confirma·

250 1365 318 1384 noum.

297 2319 433 2340 Confiimatio

249 2350 367 2367 recensitae
386 2352 433 2367 con-

248 2373 342 2393 cordiae.

485 226 549 260 850

447 284 574 319 cialiter
600 285 784 328 deputatis,
811 284 980 318 conventio
1012 288 1042 316 et
1069 288 1186 316 transa-

447 337 509 371 ctio
527 338 617 378 facta,
638 338 817 382 approbata
836 342 866 370 et
883 336 1085 377 confirmata,
1105 341 1136 369 et
1154 336 1183 368 in

446 392 590 435 capitulo
616 401 728 424 mense
743 390 870 434 augusti
886 400 971 423 anno
997 399 1187 423 itiDCLxxxvu

447 445 615 478 celebrato
640 445 680 476 ab
707 444 857 476 omnibus
886 443 1052 476 vocalibus
1077 441 1188 474 unani-

445 498 541 531 miter
567 497 747 540 subscripta
773 502 803 529 et
825 497 984 529 hactenus
1002 496 1071 528 sine
1091 495 1187 528 inter-

446 550 597 594 ruptione
627 551 796 583 observata
828 549 896 589 suit,
927 549 1028 581 itaut:
1058 559 1080 582 1.
1110 559 1187 592 pro-

446 605 551 638 vincia
576 603 744 648 praedicta
770 603 855 635 iuxta
877 602 1063 635 idiomatum
1083 602 1187 635 diver-

447 659 573 692 sitatem
590 657 619 690 in
639 658 716 690 duas
734 656 895 689 custodias
913 656 1065 688 nimirum
1083 655 1188 689 Gallo-

446 712 604 754 belgicam
637 716 664 743 et
691 709 991 752 Flandrobelgicam
1028 709 1188 742 dividatur

447 765 553 798 eidem
588 763 737 796 ministro
775 763 968 807 provinciali
1002 763 1184 796 subiectas:

446 829 480 852 11⁶
510 823 544 850 ut
575 817 720 850 minister
746 816 954 860 provincialis
976 827 1011 849 ex
1042 818 1186 860 unaqua-

447 882 509 915 que
536 870 682 904 custodia
713 871 753 903 sit
777 870 932 913 eligibilis
963 875 994 902 et.
1021 880 1187 913 unaquae-

447 935 508 968 que
534 925 677 957 custodia
696 925 775 957 duos
798 924 987 957 definitores
1006 923 1187 956 nationales

447 978 588 1011 habeat:
614 988 661 1011 ιιι.
682 983 715 1009 ut
734 977 766 1009 in
785 977 925 1020 capitulo
943 978 1107 1010 celebrato
1126 987 1186 1020 pro

446 1031 586 1074 capitulo
632 1031 777 1073 generali
828 1031 993 1074 quaelibet
1041 1031 1187 1064 custodia

447 1094 540 1117 suum
566 1085 735 1117 custodem
762 1084 801 1116 ad
827 1083 1004 1127 capitulum
1034 1085 1186 1126 generale

446 1137 640 1170 mittendum
668 1137 802 1170 babeat:
829 1143 861 1170 et
893 1136 999 1177 alias¹,
1026 1144 1123 1180 prout
1154 1138 1186 1170 in

446 1192 576 1225 decreto
594 1191 835 1224 consti-maiorm
854 1191 1081 1225 conventionis
1098 1203 1189 1235 prae-

447 1245 550 1278 dictae
577 1245 705 1288 plenius
733 1245 851 1278 dicitur
876 1245 1052 1278 contineri.

491 1299 505 1341 ξ
532 1298 562 1331 ⁶2.
591 1299 666 1332 Cum
693 1304 812 1340 alitem,
841 1298 924 1331 sicut
943 1299 1055 1332 eadem
1082 1310 1189 1343 expo-

446 1351 520 1385 sitio
546 1352 773 1394 subiungebat,
801 1352 968 1384 nonnullis
987 1352 1187 1395 praedictam

445 1405 696 1438 conventionem
723 1404 921 1437 electionum
953 1410 1126 1448 utcumque
1153 1406 1189 1438 li-

444 1458 563 1491 bertati
589 1457 805 1500 praeiudicari
833 1463 863 1490 et
888 1457 987 1490 sacris
1009 1458 1188 1490 canonibus

444 1511 640 1545 contrariam
667 1521 739 1543 esse
764 1511 920 1551 videatur,
948 1510 1085 1554 ideoque
1112 1511 1186 1544 dicti

445 1569 657 1608 exponenteS,
684 1569 718 1596 ut
742 1565 829 1597 bona
854 1569 1030 1597 memorata
1060 1574 1183 1607 procu-

444 1623 568 1658 rentur,
590 1622 620 1650 et
641 1617 733 1650 malis
756 1617 900 1660 alioquin
920 1618 1117 1651 resultandis
1135 1629 1187 1651 oc-

445 1676 602 1711 curratur,
618 1681 729 1703 omnes
749 1676 779 1703 et
791 1680 1014 1714 quoscumque
1031 1671 1185 1711 desectus,

445 1724 497 1768 qui
525 1724 557 1756 in
584 1724 749 1767 praedicta
775 1724 990 1757 conventione
1018 1735 1087 1757 esse
1113 1735 1187 1768 pos-

447 1782 530 1818 sunt,
556 1789 613 1821 per
639 1788 698 1810 nos
725 1777 843 1816 sanari,
869 1778 1080 1822 eamdemque
1110 1789 1186 1812 con-

445 1831 630 1864 ventionem
656 1831 830 1874 approbari
858 1841 893 1863 ac
919 1831 1072 1864 ratificari
1088 1859 1095 1872 ‚
1121 1834 1186 1866 ele-

444 1884 634 1926 ctionesque
661 1883 692 1916 in
719 1883 869 1916 omnibus
895 1884 1044 1927 capitulis
1070 1885 1103 1917 in
1131 1896 1186 1928 po-

444 1944 562 1971 sterum
575 1938 605 1969 in
621 1937 786 1981 praedicta
802 1938 969 1981 provincia
980 1939 1185 1972 celebrandis

443 1992 530 2024 iuxta
542 1991 788 2024 conventionem
804 1991 988 2024 huiusmodi
1004 1991 1073 2025 fieri
1088 2003 1184 2035 posse

443 2044 620 2088 plurimum
651 2044 854 2077 desiderent:
882 2044 975 2077 nobis
1009 2050 1185 2088 propterea

445 2103 643 2140 exponentes
669 2097 826 2141 praedicti
860 2097 1026 2131 humiliter
1061 2098 1187 2142 suppli-

443 2150 509 2183 cari
535 2150 680 2183 fecerunt
710 2155 743 2182 ut
775 2151 807 2183 in
839 2151 1026 2194 praemissis
1057 2161 1181 2195 oppor-

443 2208 520 2237 tune
546 2204 717 2247 providere
744 2209 774 2237 et
797 2209 832 2236 ut
856 2204 939 2237 infra
957 2205 1126 2248 indulgere
1145 2206 1183 2239 de

444 2257 645 2300 benignitate
672 2258 849 2301 apostolica
875 2259 1098 2301 dignaremur.

489 2311 503 2354 ξ
528 2310 558 2343 3.
587 2311 650 2343 Nos
668 2311 774 2353 igitur,
792 2311 878 2354 ipsos
899 2318 1099 2355 exponentes
1117 2323 1185 2356 spe-

445 2364 580 2396 cialibus
614 2364 774 2397 favoribus
811 2369 842 2397 et
882 2365 992 2407 gratiis
1027 2365 1182 2408 prosequi

444 2419 602 2457 volentes,
628 2422 659 2449 et
684 2427 795 2450 eorum
822 2417 1000 2459 singulares
1025 2428 1181 2461 personas

445 2482 461 2504 a
487 2469 652 2514 quibusvis
670 2470 1024 2511 excommunicationis,
1044 2481 1181 2514 suspen-

444 2524 542 2557 sionis
559 2529 589 2556 et
607 2523 778 2562 interdicti,
797 2524 932 2567 aliisque
952 2524 1180 2557 ecclesiasticis

444 2576 625 2617 sententiis,
652 2576 798 2609 censuris
817 2582 848 2609 et
869 2577 992 2620 poenis,
1012 2587 1028 2610 a
1045 2577 1115 2611 iure
1130 2579 1180 2612 vel

481 2641 490 2667 1
514 2638 582 2666 Edit,
605 2638 687 2667 atain.
709 2638 774 2674 legit
792 2639 852 2667 atta
875 2640 914 2675 (n.
935 2639 984 2675 iz).

1026 236 1209 260 BULLARIUM
1236 235 1392 260 ROMANUM

1230 283 1269 316 ab
1295 284 1437 325 homine,
1464 284 1575 328 quavis
1604 285 1773 318 occasione
1799 285 1847 318 vel
1873 286 1967 319 causa

1230 335 1311 377 latis,
1338 337 1363 369 si
1389 337 1507 381 quibus
1533 338 1967 382 quomodolibetinnodatae

1230 390 1378 431 existunt,
1405 391 1442 424 ad
1470 391 1617 424 effectum
1644 393 1862 435 praesentium
1876 394 1967 427 dum-

1229 448 1316 476 taxat
1336 445 1614 488 eonsequendum,
1633 446 1746 478 harum
1763 446 1846 480 serie
1864 446 1969 481 absol-

1230 502 1341 530 ventes
1367 503 1398 531 et
1423 497 1588 531 absolutas
1615 498 1685 531 sore
1703 505 1884 541 censentes,
1906 500 1966 533 hu-

1232 549 1369 583 iusmodi
1402 551 1700 595 supplicationibus
1737 552 1901 593 inclinati,
1927 554 1966 586 de

1231 603 1466 636 venerabilium
1484 604 1618 637 fratrum
1634 610 1818 638 nostrorum
1837 605 1867 638 S.
1881 606 1917 639 R.
1930 606 1964 639 E.

1230 657 1442 690 cardinalium
1467 658 1606 700 negotiis
1625 664 1656 691 et
1673 659 1967 692 consultationibus

1230 709 1457 753 episcoporum
1483 716 1514 743 et
1538 711 1737 754 regularium
1764 712 1968 755 praeposito-

1977 238 2025 265 An.
2046 237 2076 265 G.
2093 238 2158 266 ¹721

1230 772 1310 802 rum,
1338 763 1392 806 qui
1419 764 1611 797 relationem
1638 765 1747 798 dilecti
1767 766 1891 808 pariter
1911 765 1968 798 filii
2004 787 2007 795 ·

1230 816 1379 849 moderni
1403 819 1624 861 procuratoris
1650 819 1810 862 generalis
1839 819 1967 853 Ordinis

1231 869 1419 904 huiusmodi
1446 881 1543 914 super
1567 873 1752 914 praemissis
1778 872 1814 906 ad
1836 874 1968 907 eosdem

1230 923 1410 957 cardinales
1437 924 1659 958 transmissam
1684 926 1846 966 viderunt,
1864 927 1969 960 consi-

1230 977 1284 1017 lio,
1305 982 1519 1010 memoratam
1544 978 1806 1018 conventionem,
1831 980 1969 1013 auctori-

1231 1035 1294 1062 tate
1311 1030 1500 1073 apostolica,
1528 1036 1641 1064 tenore
1667 1032 1900 1074 praesentium,
1918 1044 1969 1076 ap-

1230 1083 1416 1126 probamus,
1431 1089 1462 1116 et
1476 1084 1681 1123 ratificamus,
1697 1086 1969 1129 qualemcumque

1231 1137 1392 1170 desectum
1412 1136 1523 1170 forsan
1547 1138 1581 1170 in
1602 1138 1639 1171 ea
1664 1138 1830 1171 incursum
1857 1139 1968 1172 itidem

1230 1201 1392 1223 sanamus.
1421 1191 1592 1224 Praeterea
1621 1190 1858 1234 permittimus,
1883 1191 1970 1224 iuxta

1231 1243 1342 1286 petita,
1368 1249 1403 1276 ut
1428 1244 1582 1287 deinceps
1609 1244 1787 1278 electiones
1812 1244 1845 1277 in
1871 1245 1970 1278 omni-

1230 1297 1291 1329 bus
1318 1296 1467 1339 capitulis
1493 1296 1525 1329 in
1551 1296 1717 1340 praedicta
1735 1297 1902 1340 provincia
1922 1308 1970 1331 ce-

1230 1349 1396 1383 lebrandis
1422 1350 1461 1382 ad
1486 1349 1588 1382 instar
1616 1349 1759 1383 eiusdem
1785 1351 1969 1384 conventio-

1230 1403 1281 1436 nis
1305 1403 1393 1437 fiant.

1274 1458 1288 1500 ᾗ
1312 1457 1343 1489 4.
1371 1457 1601 1498 Decernentes,
1620 1458 1750 1491 easdem
1776 1462 1967 1502 praesentes

1229 1510 1351 1543 litteras
1377 1510 1496 1549 firmas,
1525 1510 1622 1543 etc.¹.

1273 1565 1288 1607 ξ
1314 1563 1344 1597 3.
1373 1563 1442 1596 Non
1472 1564 1683 1596 obstantibus
1708 1564 1906 1607 praemissis,
1933 1576 1970 1598 ac

1228 1616 1517 1649 constitutionibus
1543 1621 1574 1649 et
1598 1617 1862 1650 ordinationibus
1895 1627 1970 1661 apo-

1228 1669 1361 1709 stolicis,
1380 1679 1517 1709 necnon,
1536 1674 1697 1712 quatenus
1718 1680 1799 1714 opus
1821 1670 1873 1711 sit,
1893 1681 1970 1714 pro-

1228 1721 1351 1754 vinciae
1380 1728 1411 1754 et
1428 1721 1558 1754 Ordinis
1577 1722 1777 1763 huiusmodi,
1805 1723 1901 1756 etiam
1927 1723 1971 1756 iu-

1229 1780 1375 1808 ramento
1390 1802 1397 1815 ‚
1424 1780 1485 1808 ete.
1502 1775 1524 1808 ².

1271 1829 1387 1861 Datum
1414 1829 1551 1868 Romae,
1573 1829 1658 1872 apud
1677 1829 1707 1863 S.
1726 1829 1857 1863 Mariam
1877 1830 1971 1864 Maio-

1228 1890 1305 1921 rem,
1321 1880 1380 1912 sub
1396 1881 1517 1913 annulo
1531 1879 1712 1920 piscatoris,
1726 1881 1776 1913 die
1790 1891 1820 1913 xr
1835 1881 1971 1914 ianuarii

1228 1943 1384 1974 nucem,
1407 1932 1617 1976 pontificatus
1635 1933 1738 1966 nostri
1757 1944 1843 1966 anno
1860 1944 1923 1967 xxi.

1264 1995 1321 2022 Dat.
1339 1995 1382 2023 die
1401 1996 1426 2022 tt
1446 1995 1562 2023 ianuarii
1584 1995 1660 2029 1721,
1678 1995 1776 2030 pontif.
1795 2004 1867 2022 anno
1884 2001 1936 2023 xxt.

1505 2125 1685 2158 CCLxxxt.

1230 2205 1474 2249 Confirmantur
1507 2205 1688 2249 privileqz'a
1724 2209 1752 2238 et
1786 2205 1917 2239 indultu
1949 2217 1970 2239 a

1271 2260 1430 2293 Romanis
1442 2259 1658 2301 Pontificibus
1676 2259 1887 2292 universitati
1901 2264 1969 2292 stu-

1271 2313 1320 2346 dii
1342 2312 1508 2356 penei-alis
1525 2317 1553 2346 et
1567 2312 1701 2355 cotteym
1721 2311 1885 2345 doctorum
1909 2313 1968 2345 Ur-

1271 2366 1341 2398 bini
1365 2376 1524 2406 concessa,
1551 2365 1808 2398 cumuonnuttts
1833 2365 1969 2399 illorum

1270 2418 1576 2451 declarationibus&

1262 2507 1271 2532 1
1296 2506 1328 2533 Ut
1348 2514 1430 2541 supra
1450 2514 1510 2541 pag.
1533 2505 1584 2533 703
1603 2514 1619 2532 α
1641 2506 1682 2540 (n.
1704 2508 1753 2540 Tul.

1259 2551 1275 2578 2
1295 2551 1330 2577 Ut
1349 2559 1433 2585 supra
1454 2550 1520 2577 ibid.
1541 2551 1581 2584 (R.
1603 2550 1652 2584 T.).

1261 2596 1278 2622 3
1304 2594 1448 2630 Privilegia
1476 2598 1503 2622 et
1531 2594 1635 2622 indulta
1659 2594 1702 2622 hic
1730 2599 1908 2623 recensentur
1935 2604 1966 2623 ex

1224 2639 1459 2668 constitutionibus
1479 2639 1539 2667 Iulii
1558 2639 1594 2675 ΙΙ,
1615 2639 1654 2667 Pii
1674 2639 1718 2673 lv,
1739 2639 1839 2669 Urbani
1858 2640 1920 2670 VIII
1940 2645 1966 2669 et

2005 1470 2126 1492 clausulae.

2007 1576 2163 1597 Contrariorum

1980 1603 2100 1629 derogatio.
