2269 3203
92 256 142 285 An.
158 255 188 284 C.
212 256 275 285 1701

145 2555 279 2577 indulgentia

95 2584 179 2602 centurn
191 2583 279 2602 dierum.

924 259 1065 283 CLEMENS
1091 260 1122 282 XI
1147 260 1195 283 1³1¹.

290 318 370 352 pore
394 307 487 342 saluti
513 318 694 351 pauperum
721 307 959 340 rusticanorum
981 318 1033 350 ap·
1074 308 1129 350 qui
1155 308 1290 351 singulis
1317 308 1432 342 diebus
1465 309 1696 344 conscientiam
1726 321 1817 344 suam

289 360 711 404 plicandi,postbiennium
727 360 931 404 probationis
946 360 1033 392 iuxta
1074 361 1247 404 dilige-nter
1277 362 1540 402 examinaverint,
1555 374 1626 396 cum
1647 364 1816 407 proposito

290 405 536 448 constitutiones
555 414 740 458 praedictae
762 413 1031 456 congregationis
1074 426 1090 446 a
1116 415 1257 457 peccatis
1281 415 1464 448 abstinendi
1498 422 1529 449 ct
1554 428 1589 450 se
1614 417 1814 460 corrigendi,

289 467 478 501 auctoritate
513 467 693 511 apostolica
725 466 931 500 confirmatas
956 466 1033 499 enii-

289 521 406 561 serint‚
429 526 470 561 et,
495 531 570 554 vere
595 521 742 554 similiter
768 521 974 564 poenitentes
999 525 1032 553 et

289 574 439 614 confessi,
466 584 503 608 eo
529 574 581 608 die
608 576 698 607 saera
724 574 954 608 communione
980 584 1031 606 re-

289 627 364 661 fecti
383 627 515 667 fuerint,
529 627 641 661 itidem
663 628 861 671 plenariam;
882 638 917 661 ac
937 638 1031 671 prae-

289 681 361 715 fatis
386 681 595 726 presbyteris,
615 682 743 715 clericis
770 687 802 714 et
826 681 926 719 laicis,
944 692 1030 714 nunc

289 741 322 768 et
345 745 405 779 pro
431 740 576 779 tempore
605 735 830 775 existentibus,
847 735 878 768 in
900 735 1031 768 cuiusli-

287 789 344 822 bet
368 799 480 822 eorum
505 788 618 821 mortis
642 789 797 828 articulo,
823 789 848 822 si
874 799 948 822 vere
974 801 1030 832 pa-

288 842 368 875 riter
392 842 598 885 poenitentes
630 848 661 875 et
690 842 852 882 confessi,
879 854 915 875 ac
940 844 1029 876 sacra

288 896 519 930 communione
551 896 682 935 refecti,
714 897 785 937 vel,
813 902 971 940 quatenus
996 897 1028 929 id

288 949 394 983 facere
420 949 650 992 nequiverint,
676 949 788 982 saltem
815 949 947 982 contriti
973 960 1030 982 no—

288 1013 363 1037 men
388 1002 457 1036 lesu
483 1013 554 1042 ore,
573 1003 597 1035 si
624 1003 807 1046 potuerint,
833 1003 881 1036 sin
908 1003 1026 1044 minus,

288 1057 388 1092 corde
407 1056 523 1090 devote
549 1056 778 1097 invocaverint,
801 1057 896 1090 etiam
914 1057 1029 1100 plena-

288 1110 389 1150 riam;
413 1116 582 1153 praeterea
605 1109 729 1142 eisdem
755 1110 980 1153 praesentibus
999 1115 1030 1143 et

288 1164 405 1197 suturis
430 1164 639 1207 preshyteris
655 1164 782 1197 clericis
800 1168 830 1197 ct
846 1165 937 1197 laicis
956 1175 1028 1198 rere

288 1217 439 1251 similiter
469 1217 714 1260 poenitentibus
747 1225 778 1250 et
802 1218 963 1250 confessis
993 1229 1029 1251 ac

288 1272 380 1303 sacra
405 1270 635 1302 communione
654 1270 795 1310 resectis,
815 1270 1028 1314 qiii·aliquam

289 1323 391 1357 dictae
406 1323 676 1366 Congregatiouis
696 1324 876 1363 ecclesiam,
892 1325 941 1357 vel
960 1335 1030 1357 ora-

289 1377 417 1417 torium,
440 1378 488 1410 vel
514 1377 735 1420 parochialem
761 1377 930 1410 ecclesiam
952 1377 1026 1417 loci,

289 1430 344 1463 ubi
370 1441 428 1474 pro
455 1436 603 1474 tempore
637 1431 945 1471 commorabuntur,
978 1431 1029 1464 die

290 1484 374 1517 sesto
393 1483 622 1516 Conversionis
648 1483 750 1516 sancti
773 1483 861 1517 Pauli
880 1495 896 1516 a
915 1484 1028 1527 primis

289 1537 432 1581 vesperis
458 1547 561 1580 usque
598 1537 636 1570 ad
674 1548 824 1570 occasum
861 1538 938 1571 solis
966 1539 1029 1572 dici

290 1590 479 1623 huiusmodi
504 1590 596 1623 annis
615 1590 751 1634 singulis
777 1591 894 1624 devote
925 1591 1031 1625 visita-

290 1643 403 1683 verint,
429 1648 461 1676 et
485 1643 529 1675 ibi
555 1654 612 1686 pro
646 1644 729 1677 felici
762 1644 1030 1687 Congregutionis

291 1697 454 1741 praefatae
480 1707 655 1739 progressu
675 1702 708 1730 et
732 1698 977 1741 propagatione,
995 1710 1031 1732 ac

291 1760 350 1793 pro
365 1748 619 1782 christianorum
640 1749 822 1793 principum
844 1753 1030 1792 concordia,

290 1804 462 1836 haeresum
480 1802 704 1846 extirpatione,
722 1814 757 1836 ac
774 1810 902 1837 sanctae
921 1806 1031 1839 matris

289 1856 452 1889 Ecclesiae
471 1856 665 1889 exaltatione
693 1857 762 1900 pias
784 1857 823 1890 ad
845 1857 942 1891 Deum
961 1870 1032 1902 pre-

290 1921 344 1943 ces
371 1908 563 1949 effuderint,
588 1910 785 1953 plenariam,
812 1911 945 1954 insuper
970 1912 1031 1945 eis-

290 1963 364 1996 dem
390 1962 596 2006 presbyteris‚
624 1963 751 1995 clericis
778 1969 809 1996 et
835 1964 946 2005 laicis,
977 1965 1029 2008 qui

289 2016 471 2060 spiritualia
496 2016 652 2049 exercitia
677 2027 737 2060 per
762 2018 928 2051 octiduum
955 2030 1031 2052 con-

290 2071 413 2104 tinuum
439 2071 471 2104 iu
497 2071 604 2114 aliqua
630 2072 776 2105 eiusdem
802 2071 1031 2115 Congregatio-

288 2124 338 2157 nis
363 2124 461 2157 domo
496 2124 712 2168 peregerint,
739 2131 769 2158 et
805 2125 931 2159 interea
956 2138 1030 2161 vere

289 2187 419 2221 quoque
444 2177 652 2220 poenitentes
677 2183 708 2211 et
732 2179 873 2211 confessi
896 2180 1030 2214 sanctis-

289 2231 404 2264 simum
429 2230 653 2264 Eucharistiae
684 2238 918 2265 sacramentum
948 2244 1031 2267 sum-

288 2285 424 2328 pserint,
451 2295 499 2323 ac,
525 2289 560 2316 ut
584 2285 778 2327 praefertur,
798 2286 971 2326 oraverint,
989 2287 1030 2319 si-

289 2337 409 2370 militer
423 2338 603 2381 plenariam
618 2340 718 2371 semel
734 2338 765 2371 in
785 2349 869 2371 anuo
884 2341 1029 2374 omnium

289 2395 498 2434 peccatorum
522 2401 652 2424 suorum
675 2391 914 2435 indulgentiam
933 2399 963 2427 et
984 2405 1031 2428 re-

289 2442 479 2476 missionem
493 2444 747 2478 misericorditer
760 2445 792 2478 in
806 2445 944 2480 Domino
960 2458 1030 2480 con-

290 2494 446 2529 cedimus.

335 2549 349 2592 g
374 2548 405 2581 2.
432 2551 476 2583 Ac
501 2552 633 2585 demum
659 2553 780 2587 eisdem
806 2554 1027 2598 presbyteris,

291 2602 417 2635 clericis
443 2609 474 2636 et
498 2604 586 2638 laicis
604 2607 831 2649 praesentibus
857 2613 888 2641 et
913 2608 1029 2643 suturis

1073 480 1109 502 ac
1124 469 1252 502 litanias
1273 470 1388 503 beatae
1406 469 1523 503 Mariae
1540 471 1681 514 Virginis
1701 472 1816 506 devote

1073 521 1291 562 recitaverint,
1310 528 1351 563 et,
1371 530 1405 556 ut
1429 534 1528 567 supra
1542 535 1732 567 expressum
1754 531 1814 565 est,

1073 576 1247 616 oraverint,
1275 581 1407 609 centum
1433 576 1511 616 dies,
1529 587 1588 620 pro
1614 588 1815 622 unoquoque

1072 628 1124 662 die
1143 639 1207 672 quo
1237 629 1269 663 id
1291 629 1426 672 egerint,
1446 629 1485 662 de
1507 629 1661 663 iniunctis
1687 630 1733 664 eis
1756 642 1814 664 seu

1072 682 1150 715 alias
1176 683 1426 726 quomodolibet
1461 683 1578 716 debitis
1603 683 1815 727 poenitentiis

1071 736 1102 768 in
1132 736 1234 769 forma
1258 736 1419 769 Ecclesiae
1445 738 1601 770 consueta
1618 737 1811 770 relaxamus.

1071 789 1300 822 Praesentibus
1325 789 1492 833 perpetuis
1518 790 1635 823 futuris
1662 791 1816 834 tempori-

1070 843 1129 875 bus
1155 842 1311 875 valituris.

1115 896 1129 939 ἓ
1154 896 1185 929 3.
1217 896 1372 929 Volumus
1411 901 1519 930 autem
1555 901 1590 929 ut
1626 897 1815 931 earumdem

1070 950 1293 993 praesentium
1310 950 1495 984 litterarum
1515 951 1738 995 ti·ansumptiS‚
1756 963 1815 985 seu

1070 1003 1240 1047 exemplis,
1267 1003 1363 1036 etiam
1390 1004 1566 1047 impressis,
1593 1015 1689 1037 manu
1717 1005 1817 1038 alicu·

1070 1057 1162 1090 cuius
1180 1057 1299 1090 notarii
1318 1057 1442 1100 publici
1459 1059 1508 1091 vel
1527 1058 1691 1091 secretarii
1711 1058 1815 1092 dictae

1070 1110 1339 1153 Congregationis
1353 1110 1557 1154 subscriptis,
1574 1117 1605 1144 et
1618 1111 1727 1154 sigillo
1746 1123 1816 1156 per-

1070 1175 1169 1197 sonae
1187 1163 1221 1197 in
1242 1164 1462 1197 ecclesiastica
1484 1165 1642 1207 dignitate
1662 1165 1817 1198 constitu-

1071 1223 1120 1250 tae
1146 1218 1195 1250 vel
1222 1217 1399 1260 superioris
1425 1217 1697 1260 Congregationis
1722 1229 1816 1262 prae-

1070 1270 1175 1303 dictae
1196 1270 1343 1311 munitis,
1362 1271 1476 1303 eadem
1499 1281 1634 1314 prorsus
1653 1271 1732 1304 fides
1751 1277 1815 1305 tam

1071 1324 1101 1356 in
1128 1323 1251 1356 iudicio
1269 1334 1367 1366 quam
1391 1329 1481 1356 extra
1508 1324 1588 1358 illud
1619 1324 1742 1368 ubique
1769 1326 1817 1358 lo-

1070 1387 1184 1410 corum
1211 1377 1385 1417 habeatur,
1418 1387 1501 1420 quae
1531 1377 1710 1411 haberetur
1735 1378 1817 1422 ipsis

1068 1430 1301 1474 praesentibus
1327 1430 1354 1463 si
1381 1430 1489 1464 forent
1514 1430 1680 1464 exhibitae
1706 1432 1756 1464 vel
1782 1442 1818 1465 o-

1070 1490 1212 1518 stensac.

1114 1538 1228 1571 Datum
1255 1537 1388 1577 Romae,
1415 1537 1498 1581 apud
1518 1536 1549 1570 S.
1569 1537 1701 1570 Mariam
1719 1537 1816 1572 Malo-

1070 1602 1150 1632 rem,
1170 1592 1228 1624 sub
1244 1592 1365 1624 annulo
1382 1591 1568 1632 piscatoris,
1585 1591 1636 1633 die
1653 1602 1669 1625 v
1684 1602 1817 1626 novem-

1069 1645 1136 1677 bris
1161 1655 1283 1685 iimccx‚
1308 1644 1520 1689 pontificatus
1552 1644 1653 1678 nostri
1676 1656 1762 1679 anno
1789 1657 1811 1680 1.

1105 1707 1164 1734 Dat.
1183 1707 1226 1734 die
1247 1708 1261 1735 5
1281 1706 1439 1734 novembris
1463 1706 1539 1741 1701,
1557 1706 1654 1743 pontif.
1671 1716 1742 1734 anno
1759 1715 1778 1734 1.

1396 1850 1490 1883 XXX.

1074 1931 1297 1973 Confirmatur
1314 1931 1502 1963 constitutio
1523 1930 1647 1964 Urbani
1669 1931 1754 1964 VIII
1763 1941 1816 1963 su-

1111 1995 1170 2026 per
1186 1984 1380 2026 indiyencz‘z's
1396 1983 1538 2016 locorum
1552 1994 1722 2017 sacrorum
1743 1984 1816 2017 Ter-

1114 2042 1304 2070 raesanclae
1318 2036 1337 2070 ¹.

1268 2118 1405 2145 clemens
1432 2118 1510 2151 Papa
1530 2119 1580 2149 xl,

1211 2162 1247 2189 ad
1268 2162 1402 2189 futuram
1422 2162 1468 2189 roi
1489 2162 1671 2190 memoriam.

1114 2234 1290 2267 Salvatoris
1318 2239 1349 2267 et
1369 2234 1494 2268 Domini
1514 2235 1617 2268 nostri
1635 2235 1704 2268 Iesu
1723 2234 1815 2269 Chri-

1070 2287 1119 2328 sti,
1146 2288 1242 2320 etc.'².

1107 2361 1116 2385 1
1137 2358 1300 2386 Constitutio
1327 2358 1426 2386 Urbani
1442 2358 1500 2386 Vlll
1518 2359 1582 2386 edit.
1607 2359 1657 2386 fuit
1671 2366 1814 2394 MDCiva,

1070 2402 1112 2430 die
1128 2403 1143 2430 3
1165 2403 1307 2435 februarii,
1329 2408 1355 2430 et
1380 2404 1474 2430 ultimo
1491 2403 1650 2430 confirmata
1674 2404 1707 2431 ab
1733 2404 1814 2431 luno-

1069 2448 1158 2475 centio
1182 2448 1225 2474 ΧΗ
1253 2449 1449 2475 constitutione
1478 2448 1549 2474 edita
1573 2455 1696 2482 uncxcvr,
1714 2448 1756 2475 die
1781 2449 1815 2475 21

1068 2492 1210 2523 februarii.
1230 2492 1403 2527 pontificatus
1429 2499 1456 2525 v;
1474 2496 1567 2528 postea
1596 2501 1658 2520 vero
1683 2492 1716 2519 ab
1733 2492 1813 2519 lnno-

1069 2537 1157 2563 centio
1183 2536 1242 2563 xltt
1268 2537 1378 2563 constit.
1396 2535 1460 2563 edit.
1487 2543 1612 2567 mnccxm,
1637 2537 1681 2564 die
1710 2536 1739 2562 221
1766 2544 1814 2562 no-

1069 2581 1197 2616 vembris,
1221 2581 1394 2616 pontificatus
1410 2588 1427 2608 t.

1103 2628 1119 2653 ‘2
1139 2626 1253 2662 Reliqua
1273 2626 1435 2661 omittimus,
1459 2626 1523 2661 quia
1543 2625 1638 2653 eadem
1658 2629 1698 2653 est
1717 2633 1748 2652 ac
1768 2625 1813 2654 itta

289 2655 323 2690 in
348 2658 524 2691 memorata
549 2657 808 2702 Congregatione
833 2661 1027 2704 viventibus,
1068 2670 1140 2699 edita
1160 2674 1224 2699 tom.
1247 2679 1299 2704 xi,
1321 2679 1382 2706 pag.
1405 2671 1475 2706 715,
1496 2670 1552 2699 solo
1578 2673 1680 2699 mutato
1700 2670 1811 2700 nomine

1737 253 1779 286 47
1825 261 1874 288 An.
1897 261 1924 289 c.
1945 263 2007 290 ¹701

1853 909 1974 930 ctam-uta..

1852 2246 1975 2273 fixuris-jumi.
