2269 3203
254 213 308 241 An.
322 213 351 239 c.
375 186 442 239 1725
487 202 553 237 942

295 1065 359 1086 Fides
386 1067 442 1086 tran-

255 1096 395 1118 mmsstiri'um.

288 2018 409 2039 Exordium.

448 260 544 294 etiam
563 260 645 301 Iesu,
669 271 705 294 ac
726 260 942 299 monasteriis,
960 259 1184 299 conventibus,

448 313 595 346 ecclesiis
621 318 653 346 et
677 314 755 346 locis
780 314 965 357 praedictis,
991 314 1186 354 illorumque

447 367 628 410 respective
653 367 892 410 superioribus,
921 366 1033 399 aliisve
1059 364 1187 408 quibus-

447 419 528 452 libet
552 419 714 463 personis,
738 420 832 452 ctiam
850 419 1083 462 specialissima
1102 428 1187 449 men-

448 473 534 506 tione
561 473 680 516 dignis,
707 473 764 505 sub
790 472 1050 515 quibuscumque
1074 471 1189 503 verbo-

447 537 518 559 rum
545 527 712 560 tenoribus
738 531 770 559 et
803 527 930 565 formis,
958 536 994 557 ac
1025 535 1096 557 cum
1122 523 1190 566 qui-

448 579 557 612 busvis
583 580 678 612 etiam
711 579 993 621 derogatoriarum
1021 578 1190 619 derogato-

449 632 505 664 riis
539 632 676 675 aliisque
710 631 946 664 efficacioribus
983 635 1014 663 et
1049 629 1188 662 insolitis

450 684 591 725 clasulis,
613 684 880 727 irritantibusquc
903 689 935 716 et
958 683 1029 716 aliis
1051 682 1189 716 decretis

451 737 547 771 etiam
573 742 677 776 motu,
705 737 839 770 scientia
864 743 895 769 et
920 737 958 769 dc
992 736 1189 779 apostolicae

450 790 622 833 potcstatis
646 790 860 833 plenitudine,
886 790 918 822 in
944 799 1064 831 genere
1090 789 1138 821 vel
1159 788 1190 820 in

451 843 574 887 specie,
601 854 655 876 scu
681 843 759 876 alifis
786 842 1034 886 quon'iodolibet
1058 841 1091 874 in
1117 851 1192 874 con-

451 896 584 929 trarium
603 897 858 939 praemissorum
879 895 1057 935 concessis,
1076 893 1192 926 confir-

451 949 546 982 matis
576 955 607 982 et
638 949 815 990 innovatis;
844 949 960 992 quibus
985 947 1136 980 omnibus
1162 952 1193 980 et

453 1002 609 1045 singulis,
637 1002 724 1035 etos.

497 1055 511 1097 §
536 1054 589 1088 3⁵2.
618 1055 770 1088 Volumus
795 1061 920 1093 autem,
945 1059 980 1086 ut
1005 1053 1192 1086 earumdem

452 1108 675 1151 praesentium
689 1108 869 1140 litterarum
890 1105 1195 1150 transumptis,etc.²

497 1161 610 1194 Datum
636 1161 771 1199 Romae,
798 1160 883 1203 apud
910 1159 941 1193 S.
969 1159 1101 1191 Mariam
1132 1158 1194 1191 Ma-

452 1213 566 1253 iorem,
599 1215 658 1246 sub
685 1214 804 1246 annulo
830 1212 1016 1251 piscatoris,
1042 1212 1094 1244 die
1118 1221 1194 1244 xxiii

452 1266 527 1299 maii
552 1276 737 1307 mccxxiii,
767 1265 975 1309 pontificatus
1008 1265 1112 1298 nostri
1141 1274 1195 1297 an-

451 1330 495 1354 no
521 1330 554 1353 n.

488 1382 547 1408 Dat.
566 1382 610 1409 die
630 1381 665 1409 23
685 1382 747 1409 maii
772 1381 848 1415 1723,
871 1381 970 1416 pontis.
993 1388 1066 1408 anno
1084 1387 1112 1407 n.

753 1523 872 1556 XXXV.

454 1603 677 1646 Confirmatur
697 1603 859 1636 decretum
877 1602 1018 1646 capituli
1033 1601 1196 1646 qenerale's

499 1656 636 1691 Ordinis
661 1657 829 1690 Minorum
861 1656 898 1689 de
925 1655 1138 1690 Obseruantia
1168 1660 1196 1688 el

498 1709 760 1752 Reformatorum
792 1710 828 1741 in
860 1719 997 1752 perenne
1028 1709 1117 1751 qrati
1153 1718 1198 1741 eo-

498 1762 647 1795 rumdem
671 1763 707 1795 fn
731 1762 945 1795 Sanctitatem
970 1761 1073 1795 Suam
1090 1761 1198 1794 animi

501 1815 695 1849 testimonio.

622 1895 820 1924 Innocentius
841 1896 920 1929 Papa
942 1895 1029 1929 XIII,

581 1941 618 1968 ad
633 1943 812 1975 perpetuam
828 1940 873 1968 rei
893 1941 1077 1967 memoriam.

501 2013 544 2046 Ex
570 2012 705 2045 iniuncti
733 2011 826 2045 nobis
849 2011 1003 2045 divinitus
1024 2011 1199 2055 pastoralis

458 2066 556 2100 officii
583 2065 715 2106 debito,
743 2065 820 2106 illa,
848 2075 931 2108 quae
957 2076 973 2097 a
1004 2064 1198 2098 christifide-

457 2119 541 2153 libus
567 2118 721 2152 Altissimi
748 2118 912 2161 obsequiis
938 2118 997 2151 sub
1026 2117 1113 2150 suavi
1147 2128 1197 2151 re-

458 2171 579 2215 gularis
598 2172 790 2215 disciplinae
816 2171 891 2214 iugo
909 2172 1110 2214 mancipatis,
1123 2171 1199 2204 ube-

458 2235 576 2269 resque
600 2225 760 2257 bonorum
786 2235 922 2268 operum
956 2224 1077 2256 fructus
1098 2251 1104 2264 ,
1142 2224 1199 2257 be-

458 2277 631 2311 nedicente
657 2276 804 2317 Domino,
830 2277 980 2320 proferre
1006 2276 1126 2318 iugiter
1151 2287 1198 2309 sa-

458 2330 668 2373 tagentibuS,
696 2330 750 2372 pio
775 2329 985 2372 unanimique
1022 2329 1198 2362 constituta

459 2392 529 2415 esse
564 2388 741 2415 noscuntur
776 2382 942 2422 consilio,
980 2387 1015 2413 ut
1043 2384 1199 2425 perpetua

459 2434 609 2468 firmitate
627 2434 840 2478 perennent³⁷
862 2435 1004 2467 libenter
1028 2434 1198 2477 apostolici

497 2517 507 2541 1
532 2515 646 2549 Reliqua
665 2517 695 2541 ut
714 2522 774 2549 pag.
793 2514 844 2541 641).
864 2523 882 2540 α
901 2515 939 2547 (a.
956 2515 1004 2547 Τ.).

495 2560 512 2585 2
533 2558 645 2593 Reliqua
665 2562 694 2585 ut
713 2565 773 2593 pag.
796 2558 846 2585 704
867 2567 885 2584 α
905 2558 942 2592 (a.
965 2558 1013 2591 r).

498 2603 513 2630 3
534 2602 602 2629 Edit.
625 2602 706 2630 Μαίη.
729 2602 794 2636 legit
809 2605 948 2637 perennet
971 2610 1009 2637 xix.
1031 2602 1078 2636 T..)

1031 209 1209 236 BULLARIUM
1234 208 1388 233 ROMANUM

1974 207 2024 234 An.
2040 207 2069 235 C.
2094 205 2160 235 1723

1230 257 1420 290 muniminis
1447 256 1549 290 nostri
1575 255 1740 299 praesidio
1758 281 1765 295 ,
1792 265 1864 288 cum
1889 255 1920 288 id
1950 265 1968 288 a

1231 312 1324 344 nobis
1349 311 1493 354 petitur,
1520 309 1722 342 roboramus.
1796 343 1800 346 ,

1275 364 1289 406 ἓ
1321 363 1352 395 i.
1390 363 1513 406 Exponi
1547 362 1709 405 siquidem
1740 361 1834 394 nobis
1864 371 1967 404 nuper
1989 374 2163 395 AS11mnn=i³0n.

1231 416 1378 448 fecerunt
1403 416 1510 449 dilecti
1536 415 1591 448 filii
1622 414 1772 448 minister
1804 401 2068 457 generalisfflffili‘iss‘
2080 402 2164 453 1212&ss}

1979 459 2061 478 semper
2097 455 2164 475 sactus

1232 474 1264 501 et
1288 468 1477 502 definitores
1504 469 1599 502 etiam
1632 469 1803 511 generales
1839 466 2009 500 Ordinisesi
2025 480 2082 500 onio
2098 481 2165 501 nmo-

1232 521 1366 555 sratrum
1391 522 1550 556 Minorum
1575 521 1606 554 S.
1633 519 1794 554 Francisci
1830 526 1892 553 tam
1928 520 1967 552 dc
1979 507 2165 559 sslffliffssssbm'l‘ssff

1231 575 1438 608 Observantia
1453 586 1546 619 quam
1565 575 1826 608 Reformatorum
1843 584 1969 607 nuncu·
1980 559 2167 611 {Eliissuudssffssflssl

1233 632 1406 671 patorum,
1443 628 1529 671 quod
1566 628 1627 671 ipsi
1669 627 1790 670 aliique
1824 612 2144 660 ei11sdem'¹¹¹¹¹⁸⁶“²‘³¹⁰'

1233 680 1363 713 Ordinis
1389 681 1504 714 fratres
1529 681 1559 713 in
1586 691 1697 714 eorum
1716 680 1857 724 capitulo
1875 689 1973 722 gene-

1234 734 1293 766 rali
1320 734 1493 767 novissime
1518 734 1548 766 in
1568 738 1729 767 conventu
1746 733 1777 767 S.
1798 733 1915 766 Mariae
1934 732 1973 764 de

1235 786 1381 819 Aracaeli
1407 787 1509 819 almae
1533 786 1628 820 Urbis
1653 791 1783 819 nostrae
1808 785 1974 818 celebrato

1235 840 1331 872 simul
1357 839 1567 882 congregati,
1592 850 1628 872 ac
1652 850 1761 872 secum
1787 842 1975 882 reputantes

1235 892 1434 936 peculiarem
1460 892 1551 925 illum
1577 897 1732 936 paternae
1747 891 1915 924 charitatis
1933 890 1976 923 as-

1236 946 1353 978 sectum
1374 972 1381 986 ‚
1409 956 1472 988 quo
1497 945 1686 978 universum
1711 944 1863 978 Ordinem
1888 954 1976 987 prac-

1237 999 1371 1038 dictum,
1388 998 1419 1031 in
1442 998 1624 1031 humilitate
1650 998 1773 1041 quippe
1791 1002 1821 1030 et
1838 1007 1976 1040 pauper-

1239 1057 1301 1085 tate
1320 1052 1487 1085 fundatum
1502 1061 1537 1084 ac
1552 1050 1727 1095 praeclaris
1738 1050 1770 1083 in
1781 1050 1976 1083 catholicam

1238 1104 1433 1147 religionem
1449 1109 1480 1137 et
1494 1105 1577 1137 hanc
1591 1103 1740 1137 Sanctam
1757 1103 1872 1136 Sedem
1883 1102 1978 1135 meri-

1239 1158 1278 1190 tis
1293 1158 1480 1201 fulgentem,
1496 1157 1603 1201 prisco
1618 1157 1723 1200 gentis
1745 1161 1887 1196 nostrae,
1906 1156 1979 1198 plu-

1239 1210 1388 1254 riumque
1414 1210 1452 1243 de
1478 1210 1637 1253 sanguine
1663 1214 1695 1243 et
1719 1209 1840 1242 familia
1868 1209 1979 1241 nostra

1240 1264 1458 1296 Romanorum
1482 1262 1671 1296 Pontificum
1686 1263 1978 1306 praedecessorum

1239 1321 1425 1349 nostrorum
1446 1343 1453 1356 ‚
1480 1315 1534 1359 qui
1566 1315 1716 1348 eumdem
1747 1314 1902 1347 Ordinem
1939 1313 1978 1346 il-

1238 1370 1367 1412 liusquc
1386 1369 1501 1402 fratres
1519 1368 1649 1412 plurimi
1676 1378 1804 1411 semper
1820 1367 1977 1407 fecerunt,

1240 1433 1331 1456 more
1361 1427 1392 1455 et
1420 1422 1566 1455 instituto
1600 1421 1864 1464 complectimur,
1902 1430 1978 1454 nec-

1239 1485 1304 1508 non
1323 1475 1507 1508 recolentes
1530 1474 1674 1507 recentia
1700 1479 1796 1517 atque
1813 1473 1981 1506 luculenta

1239 1528 1424 1572 pontificiae
1466 1533 1599 1560 nostrae
1638 1526 1891 1560 benevolentiae
1931 1536 1981 1558 ar-

1241 1586 1410 1624 gumenta,
1438 1591 1520 1624 quae
1551 1580 1596 1613 cis
1620 1580 1670 1613 vel
1699 1579 1838 1612 maxime
1870 1578 1981 1622 perhi-

1240 1634 1368 1666 buimus
1398 1632 1570 1666 occasione
1598 1631 1768 1665 memorati
1794 1642 1907 1665 eorum
1932 1641 1981 1664 ca-

1242 1688 1336 1731 pituli
1362 1686 1522 1729 generalis
1542 1713 1549 1726 ,
1576 1686 1662 1729 quod
1698 1695 1762 1718 non
1796 1685 1894 1718 modo
1927 1694 1981 1718 eo-

1242 1751 1309 1773 ram
1326 1740 1420 1773 nobis
1438 1739 1695 1779 convocavimus,
1717 1738 1772 1771 sed
1798 1737 1982 1782 praesentia

1242 1794 1337 1826 etiam
1357 1794 1465 1827 nostra
1483 1792 1631 1825 decorari
1656 1791 1835 1832 voluimus3
1855 1801 1891 1824 ac
1911 1801 1982 1834 pro-

1242 1852 1353 1889 pterea
1378 1846 1507 1889 aliquod
1533 1844 1615 1889 grati
1646 1850 1677 1877 et
1709 1844 1815 1877 devoti
1851 1844 1981 1878 illorum

1243 1899 1274 1932 in
1300 1909 1359 1932 nos
1383 1898 1482 1932 animi
1509 1897 1733 1931 testimonium
1759 1896 1916 1930 exhibere
1947 1905 1983 1929 ac

1243 1957 1437 1996 perpetuum
1459 1955 1706 1984 monumentum
1722 1953 1831 1982 extare
1846 1948 1982 1992 cupien-

1244 2009 1316 2045 tes,
1354 2004 1578 2037 communibus
1615 2001 1776 2045 suffragiis
1815 2001 1982 2035 decretum

1243 2058 1419 2091 ediderunt
1445 2062 1477 2090 et
1508 2057 1759 2100 promulgarunt
1782 2053 1905 2088 tenoris
1926 2054 1982 2098 qui

1242 2110 1402 2154 sequitur,
1429 2109 1579 2143 videlicet
1599 2120 1605 2141 :

1283 2164 1438 2195 Decretmn.
1456 2163 1525 2194 Cum
1549 2162 1751 2193 sanctissimus
1773 2160 1908 2191 dommus
1930 2169 1982 2191 no-

1242 2262 1389 2301 egregiam
1412 2262 1441 2291 in
1464 2264 1596 2291 nostrum
1615 2259 1753 2290 Ordinem
1783 2258 1962 2289 voluntatem

1994 2332 2079 2351 luuntur
2102 2337 2177 2357 perpe-

1243 2509 1341 2534 mento
1357 2503 1546 2542 comprobare
1563 2502 1674 2538 volens,
1688 2501 1842 2531 universae
1857 2501 1983 2532 familiae
1994 2491 2045 2510 ‘³¹⁰'

1243 2555 1371 2587 nostrae,
1405 2549 1532 2580 comitiis
1567 2548 1664 2578 idibus
1697 2549 1767 2578 maii
1799 2548 1828 2577 in
1861 2547 1983 2578 aedibus

1218 2616 1221 2631 l
1243 2597 1270 2627 S.
1292 2597 1396 2627 Mariae
1429 2596 1462 2625 dc
1487 2595 1619 2625 Aracaeli
1649 2594 1803 2625 celebratis
1818 2617 1825 2631 ,
1849 2594 1983 2633 dignatus

2067 2171 2177 2193 Decretum

1243 2217 1303 2243 ster
1317 2212 1504 2242 Innocentius
1520 2211 1619 2242 divina
1635 2209 1819 2249 providentia
1833 2209 1888 2239 PP.
1905 2208 1979 2247 Xlll,
1992 2198 2178 2245 Ηξὲξᾞξὲἷζῖᾏῇξο

1992 2251 2035 2271 rius
2053 2251 2104 2272 dicti
2120 2252 2178 2277 capi-

1972 2282 1979 2297 ,
1993 2278 2029 2297 tuli
2042 2277 2127 2299 festivus
2142 2279 2179 2298 de·

1242 2320 1256 2340 a
1280 2310 1440 2340 maioribus
1463 2310 1535 2347 suis,
1559 2309 1645 2338 etiam
1668 2307 1703 2337 ad
1719 2307 1915 2346 Apostolicam
1934 2309 1983 2338 Se·
1993 2304 2179 2325 ⁰¹“'‘³¹¹¹¹‘⁰²i¹¹⁵¹i·

1242 2359 1308 2388 dem
1331 2358 1451 2395 evectis,
1475 2358 1539 2387 iure
1562 2356 1686 2396 quodam
1709 2355 1860 2393 sanguinis
1882 2364 1915 2386 ac
1936 2355 1982 2386 in·
1993 2358 2030 2402 Ἣ
2043 2357 2180 2404 amssff‘ssfflss

1242 2407 1300 2436 dita
1323 2415 1392 2436 suae
1424 2406 1503 2444 genti
1537 2405 1642 2444 pietate
1676 2404 1705 2432 in
1738 2412 1768 2433 se
1800 2388 2179 2444 derivatam,{²11Jcss„÷1'cp=·euqs

1242 2455 1385 2494 singulari
1413 2453 1624 2484 beneficentiae
1656 2457 1743 2491 atque
1765 2453 1875 2482 amoris
1897 2462 1983 2491 argu·
1993 2441 2036 2483 ii¹a⁰e
2054 2436 2180 2484 examii..
