2269 3203
69 226 162 253 Amo.
186 225 253 252 ¹710

104 2034 224 2058 ommno.
237 2037 259 2056 ut

78 2061 97 2082 in
111 2062 202 2082 rubrica.

895 228 1036 251 ctltsstttias
1062 229 1092 251 Xl
1119 230 1167 252 1³1¹.

264 275 326 308 liae
349 282 552 320 nuncupant,
577 276 606 309 in
641 276 792 309 omnibus
810 275 903 318 regni
935 275 1004 309 Gal-

264 328 380 362 liarum
417 329 584 369 ecclesiis,
621 329 768 372 adeoque
807 329 902 362 etiam
939 328 1003 362 illis

264 392 344 425 quae
367 388 513 426 tempore
544 381 681 416 celebris
708 381 950 415 constitutionis
972 382 1003 415 in

264 435 411 477 generali
443 434 587 468 Concilio
614 435 821 478 Lug-dunensi
848 435 870 467 ll
898 435 1003 468 editae

265 487 421 521 eiusmodi
446 487 536 521 oneri
563 487 696 520 minime
715 493 808 521 erant
829 488 1002 528 obnoxiae,

266 551 330 574 non
365 546 429 574 tam
465 545 577 574 contra
602 540 702 584 ipsius
737 541 867 574 concilii
894 542 1004 575 decre—

269 599 309 633 ta,
330 605 426 638 quam
461 598 574 628 contra
607 594 685 627 satis
719 594 869 627 omnibus
895 600 1004 628 nolani

267 649 304 679 ea
329 647 361 680 in
383 657 419 680 re
436 646 643 690 ‚apostolicae
669 646 760 680 Sedis
781 652 938 687 mentem,
956 648 1005 680 lo-

265 711 336 733 cum
361 700 422 733 sibi
443 699 614 733 vendicare
629 700 808 740 contendit,
828 701 896 740 sed,
917 701 1004 744 quod
1026 697 1027 707 ³

266 763 400 796 prorsus
418 753 658 786 intolerandum
684 758 742 792 est,
762 763 839 786 ausu
861 764 925 786 non
947 753 1005 785 mi-

264 816 326 839 nus
351 805 464 846 nobis,
498 816 591 849 quam
630 805 731 838 felicis
769 806 1005 839 recordationis

265 859 440 892 Alexandri
465 858 529 891 Ylll
555 864 587 892 et
611 858 793 891 Innocentii
818 858 869 891 Xll
892 858 1005 892 Roma-

264 912 314 945 nis
329 911 542 946 Pontificibus
556 911 862 955 praedecessoribus
887 912 1006 944 nostris

266 965 436 1005 iniurioso,
461 965 676 998 universalem
696 964 776 997 iuris
802 965 943 1007 regaliae
972 976 1006 997 n-

267 1029 338 1050 sum
364 1017 560 1057 huiusmodi,
587 1027 682 1061 quem
717 1017 913 1050 recolendae
940 1029 1007 1050 me-

268 1071 393 1105 moriae
412 1071 620 1104 Innocentius
640 1070 725 1114 Papa
743 1070 780 1102 xi
801 1070 897 1103 etiam
919 1081 1007 1114 prae·

268 1125 423 1158 decessor
446 1130 557 1157 noster
594 1123 681 1156 omni
709 1124 853 1157 humano
887 1124 1007 1157 divino-

267 1187 329 1221 que
347 1177 408 1210 iuri
428 1176 624 1210 contrarium
655 1186 723 1208 esse
750 1176 885 1216 censuit,
903 1177 941 1209 al)
957 1177 1005 1218 iis,

268 1231 323 1274 qui
339 1230 444 1263 eidem
467 1229 656 1262 Innocentio
675 1229 923 1272 praedecessori
942 1241 1007 1263 suc-

267 1288 446 1323 cesserunt,
457 1283 556 1315 veluti
573 1282 714 1315 iustitiae
726 1293 906 1315 consonum
923 1284 1008 1324 agni-

267 1342 334 1369 tum
359 1335 467 1376 l'uisse,
495 1336 574 1368 salso
600 1345 702 1378 aeque
723 1346 757 1367 ac
780 1341 900 1368 temere
929 1336 1008 1368 assir-

266 1400 356 1422 mare
383 1399 448 1422 non
476 1388 653 1421 erubescit:
680 1399 738 1421 nos
757 1388 876 1421 librum
903 1389 1009 1422 liuius-

267 1443 352 1476 modi
368 1441 534 1475 nonnullis
548 1451 584 1474 ex
599 1441 842 1475 venerabilibus
858 1441 1008 1476 fratribus

268 1497 386 1530 nostris
411 1496 442 1529 S.
459 1496 497 1528 R.
513 1495 548 1528 Ε.
569 1495 789 1528 cardinalibus
814 1495 951 1539 aliisque
976 1495 1008 1529 in

269 1551 360 1583 sacra
386 1548 552 1591 theologia
577 1547 739 1591 magistris
761 1548 1009 1582 examinandum

269 1602 509 1642 commisimus,
528 1601 582 1646 qui
604 1601 694 1634 illum
721 1601 871 1642 subinde,
896 1607 1008 1646 utpote

269 1655 506 1694 continentem,
532 1660 663 1698 praeter
688 1655 884 1697 praemissa,
913 1656 1008 1688 etiam

270 1709 463 1752 quamplura
488 1707 550 1740 alia
579 1713 698 1740 asserta
723 1708 894 1741 manifeste
921 1709 1008 1749 salsa,

269 1761 514 1800 contumeliosa,
542 1761 782 1794 ecclesiasticae
812 1761 1009 1795 immunitati

269 1814 323 1848 Dei
338 1814 545 1847 ordinatione
560 1820 590 1847 et
605 1813 770 1847 canonicis
786 1815 1009 1848 sanctionibus

269 1867 461 1901 constitutae
477 1867 690 1907 adversantia,
706 1867 813 1910 impia,
830 1869 1008 1907 temeraria,

270 1930 419 1962 erronea,
431 1925 527 1964 atque
542 1920 639 1953 etiam
655 1920 816 1953 haeresim
827 1922 1009 1964 respective

270 1973 439 2017 sapientia,
465 1973 685 2006 damnandum
712 1978 743 2005 et
768 1973 1010 2016 prohibendum

271 2037 342 2062 esse
359 2027 559 2060 unanimiter
575 2032 788 2059 censuerunt.
813 2026 937 2059 Auditis
957 2027 1011 2060 ita-

270 2091 333 2125 que
351 2081 542 2114 eorumdem
560 2080 773 2114 cardinalium
792 2086 822 2113 et
842 2081 1011 2123 magistro—

270 2145 340 2167 rum
366 2134 539 2167 sententiis
559 2160 566 2173 ,
591 2134 750 2167 creditum
787 2133 881 2166 nobis
908 2145 925 2166 a
950 2134 1010 2167 Do-

269 2187 356 2221 mino
380 2188 550 2231 pastoralis
580 2197 675 2220 curae
702 2192 798 2231 atque
825 2187 1009 2230 vigilantiae

269 2250 394 2281 munus,
410 2245 565 2283 quantum
590 2240 685 2273 nobis
711 2250 747 2273 ex
774 2241 838 2273 alto
860 2241 1011 2274 concedi-

270 2299 330 2334 tur,
348 2293 521 2326 salubriter
540 2293 655 2336 exequi
673 2293 851 2336 cupientes,
870 2294 907 2326 de
927 2294 1010 2337 ipso-

270 2357 340 2380 rum
366 2347 578 2380 cardinalium
606 2347 754 2387 consilio,
779 2347 896 2380 librum
916 2358 1010 2391 prae-

271 2399 410 2439 dictum,
437 2399 629 2433 auctoritate
665 2400 868 2443 apostolica,
895 2406 1008 2434 tenore

271 2452 502 2495 praesentium,
517 2453 705 2486 damnamus
727 2458 758 2486 et
782 2453 1006 2496 reprobamus,

271 2513 307 2536 ac
325 2503 386 2545 legi
414 2513 469 2535 seu
489 2504 619 2537 retineri
645 2505 871 2548 probibemus,
892 2505 1009 2548 ipsius-

272 2566 334 2599 que
359 2555 433 2588 libri
460 2555 718 2599 impressionem,
741 2558 1007 2602 descriptionem,

271 2608 464 2648 lectionem,
491 2609 705 2644 retentionem
731 2616 763 2645 et
789 2622 881 2644 usum
907 2611 1008 2646 omni-

1048 276 1106 308 bus
1139 282 1171 309 et
1206 277 1342 320 singulis
1374 277 1660 318 christifidelibus,
1693 278 1788 312 ctiam

1049 329 1197 372 specifica
1217 335 1248 362 et
1266 329 1400 363 indidna
1418 330 1584 363 mentione
1611 336 1641 363 et
1659 342 1788 374 expres-

1049 382 1139 415 sione
1167 382 1285 426 dignis,
1312 383 1370 416 sub
1395 386 1502 426 poena
1530 385 1789 422 excommnnica-

1025 465 1027 482 ,Υ
1050 435 1147 468 tionis
1166 446 1223 478 per
1241 436 1513 469 contrafacientes
1533 436 1604 478 ipso
1622 437 1705 469 sacto
1723 437 1789 468 abs-

1025 509 1027 519 .
1049 498 1110 531 que
1128 489 1189 521 alia
1214 489 1433 521 declaratione
1462 488 1671 529 incurrenda,
1688 500 1704 521 a
1726 501 1789 532 qua

1047 552 1146 575 nemo
1176 553 1192 574 a
1211 552 1372 585 quoquam
1400 548 1625 585 praeterquam
1651 554 1668 574 a
1694 542 1788 575 nobis

1049 605 1107 627 scu
1122 595 1267 628 Romano
1286 594 1439 628 Pontilicc
1462 595 1616 628 Pontiliee
1636 605 1693 638 pro
1714 601 1789 628 tein-

1050 659 1130 689 γυνθ
1157 647 1339 687 existente,
1366 648 1426 680 nisi
1452 648 1484 680 in
1510 649 1624 681 mortis
1651 648 1788 682 articulo

1049 701 1253 741 constitutus,
1276 701 1491 734 absolutionis
1516 700 1712 734 beneficium
1740 712 1791 734 va-

1050 754 1116 786 leat
1140 753 1301 793 obtinere,
1323 754 1457 786 omnino
1476 753 1712 787 interdicimus.
1732 755 1790 787 Vo-

1050 807 1163 845 lentes,
1184 812 1214 839 et
1235 806 1348 839 eadem
1369 806 1562 840 auctoritate
1581 807 1789 847 mandantes,

1050 865 1083 892 ut,
1109 860 1305 903 quicumque
1330 859 1446 893 librum
1477 860 1663 894 huiusmodi
1690 871 1791 903 penes

1050 923 1083 946 se
1116 912 1290 945 habuerint
1322 914 1370 946 vel
1405 913 1435 945 in
1471 913 1613 946 futurum
1648 914 1792 956 quando-

1050 976 1188 1008 cumque
1213 965 1402 1005 habebunt,
1424 965 1526 1006 illum,
1553 965 1660 998 statim
1693 971 1790 1009 atque

1050 1023 1242 1062 praesentes
1267 1019 1393 1052 litterae
1420 1018 1464 1051 eis
1487 1019 1716 1059 innotuerint,
1744 1021 1787 1053 lo=

1051 1082 1162 1105 eorum
1189 1071 1367 1104 Ordinariis
1400 1073 1449 1105 vel
1476 1072 1661 1105 haereticae
1687 1073 1791 1116 pravi-

1052 1124 1125 1158 tatis
1151 1124 1402 1168 inquisitoribus
1430 1125 1558 1158 tradere
1591 1130 1686 1168 atque
1718 1136 1793 1159 con-

1052 1178 1181 1220 signare
1209 1182 1406 1217 teneantnr;
1434 1177 1467 1210 lii
1495 1188 1569 1210 vero
1596 1178 1792 1221 exemplaria

1052 1230 1112 1262 sibi
1138 1229 1183 1262 sic
1219 1230 1336 1262 tradita
1372 1230 1460 1263 illico
1496 1230 1630 1263 flammis
1667 1231 1791 1265 aboleri

1052 1288 1185 1316 curent:
1214 1283 1244 1315 in
1271 1283 1468 1315 contrarium
1502 1283 1691 1316 facientibus
1726 1294 1791 1317 non

1052 1335 1258 1370 obstantibus
1284 1335 1552 1379 quibuscumque.

1096 1389 1111 1433 g
1137 1389 1167 1422 ΞΖ.
1207 1389 1245 1421 Ut
1285 1394 1392 1422 autem
1432 1389 1565 1422 eaedem
1603 1395 1792 1433 praesentes

1052 1443 1179 1476 litterae
1197 1442 1347 1476 omnibus
1362 1443 1487 1476 facilius
1506 1443 1721 1485 innotescant,
1735 1456 1794 1479 nec

1053 1496 1222 1540 quisquam
1249 1496 1376 1530 illarum
1404 1497 1622 1540 ignorantiam
1649 1499 1793 1542 allegare

1052 1550 1164 1593 possit,
1182 1550 1330 1583 volumus
1353 1555 1385 1583 et
1410 1550 1601 1583 auctoritate
1627 1551 1793 1594 praedicta

1053 1603 1258 1636 decernimus
1273 1603 1343 1636 illas
1362 1604 1400 1637 ad
1417 1605 1521 1637 valvas
1535 1604 1688 1637 basilicae
1707 1604 1794 1637 Prin-

1052 1656 1132 1700 cipis
1158 1657 1376 1699 apostolorum
1411 1667 1446 1689 ac
1471 1656 1691 1690 Czuncllariae
1718 1669 1794 1701 apo-

1053 1709 1186 1743 stolicae
1227 1720 1357 1743 necnon
1401 1709 1514 1743 Curiae
1562 1710 1725 1752 generalis
1762 1711 1793 1743 in

1053 1763 1157 1796 Monte
1183 1762 1349 1803 Citatorio,
1368 1774 1402 1795 ac
1428 1763 1460 1794 in
1487 1763 1555 1796 acie
1582 1763 1794 1806 Campissorae

1053 1817 1091 1848 de
1114 1815 1196 1849 Urbe
1224 1826 1283 1858 per
1307 1816 1448 1859 aliquem
1475 1827 1509 1849 ex>
1537 1816 1722 1849 cursoribus
1741 1827 1794 1849 no-

1053 1869 1141 1908 stris,
1161 1874 1196 1900 ut
1217 1869 1315 1902 moris
1334 1874 1392 1909 est,
1409 1868 1578 1912 publicari,
1597 1869 1793 1912 illarumque

1053 1922 1200 1964 exempla
1217 1921 1337 1954 ibidem
1362 1922 1453 1954 affixa
1480 1922 1629 1964 relinqui,
1649 1922 1729 1954 itaut
1749 1923 1794 1955 sic

1053 1974 1236 2017 publicatae
1263 1985 1376 2007 omnes
1394 1980 1425 2007 et
1442 1975 1600 2017 singulos,
1618 1985 1698 2018 quos
1722 1986 1795 2008 con-

1053 2033 1201 2066 cernunt,
1213 2027 1348 2070 perinde
1363 2028 1512 2067 afficiant‚
1529 2037 1564 2060 ac
1578 2027 1602 2060 si
1616 2028 1793 2071 unicuique

1054 2080 1181 2113 illorum
1208 2080 1426 2122 personaliter
1450 2079 1636 2113 notificatae
1664 2086 1696 2114 et
1720 2081 1795 2113 inti-

1054 2138 1158 2165 matae
1186 2133 1338 2172 suissent;
1366 2133 1509 2175 ipsarum
1535 2138 1643 2166 autem
1668 2134 1792 2167 littera-

1053 2196 1121 2218 rnm
1158 2186 1377 2228 transumptis,
1413 2196 1469 2219 seu
1501 2187 1669 2230 exemplis,
1695 2187 1792 2220 etiam

1052 2239 1230 2281 impressIs,
1251 2249 1346 2271 manu
1368 2239 1503 2272 alicuius
1530 2239 1648 2272 notarii
1671 2240 1794 2283 publici

1052 2290 1252 2334 subscriptis,
1273 2296 1303 2323 et
1330 2291 1438 2333 sigillo
1461 2301 1621 2334 personae
1643 2292 1674 2324 in
1694 2292 1794 2325 eccle-

1053 2344 1180 2377 siastica
1215 2345 1372 2387 dignitate
1406 2345 1600 2378 constitutae
1633 2345 1790 2385 munitis,

1053 2397 1199 2430 eamdem
1216 2407 1348 2440 prorsus
1367 2397 1462 2431 sidem
1486 2404 1547 2430 tam
1570 2398 1599 2430 in
1623 2398 1654 2430 in
1673 2398 1793 2431 iudicio

1053 2461 1148 2494 quam
1176 2456 1264 2483 extra
1294 2451 1374 2484 illud
1408 2451 1530 2494 ubique
1567 2453 1712 2484 locorum
1738 2451 1794 2483 ha-

1051 2503 1134 2543 beri,
1155 2514 1235 2547 qnae
1262 2503 1441 2536 haberetur
1466 2503 1544 2546 ipsis
1562 2503 1791 2547 praesentibus

1051 2557 1074 2589 si
1104 2557 1209 2590 forent
1234 2556 1395 2590 exhibitae
1422 2558 1470 2590 vel
1496 2563 1657 2590 ostensae.

1096 2611 1210 2644 Datum
1236 2611 1370 2652 Rornae,
1396 2612 1482 2655 apud
1509 2612 1539 2644 S.
1566 2612 1704 2649 Petrum,
1730 2611 1790 2643 sub

1687 221 1750 253 :3⁴37
1797 230 1833 256 An
1863 230 1889 255 c.
1914 230 1980 257 ¹710

1830 1400 1951 1420 Clauzulae.
