2269 3203
258 203 310 231 An.
325 203 355 231 c.
378 202 446 231 1708
492 192 556 227 31⁶2

453 252 574 293 danda,
601 253 808 286 decernenda
833 257 864 285 et
889 251 1091 291 ordinanda,
1119 261 1191 284 cum

453 306 604 340 omnibus
631 311 662 340 et
686 306 822 349 singulis
848 306 923 338 inde
950 304 1062 349 quovis
1094 304 1190 337 modo

452 360 570 393 secutis
596 365 627 392 et
652 359 925 402 quandocumque
946 357 1116 398 secuturis,
1135 368 1191 400 pe-

452 413 536 445 nitus
563 417 593 445 et
618 412 751 446 omnino
776 413 875 451 nulla,
903 410 1054 450 invalida,
1072 409 1188 449 inania,

452 465 563 505 irrita,
590 465 771 505 temeraria,
799 469 830 496 et
855 475 872 496 a
902 473 967 496 non
994 462 1190 495 habentibus

453 522 648 561 potestatem
674 516 903 549 damnabiliter
920 520 1077 548 attentata
1095 519 1126 547 et
1150 515 1189 547 (le

452 572 535 604 sacto
562 575 794 614 praesumpta,
819 569 1007 612 nulliusque
1034 567 1162 601 roboris
1182 595 1189 607 ,

452 623 606 657 momenti
633 628 665 655 et
689 622 854 655 efficaciae
880 632 949 655 esse
976 626 1007 654 et
1031 621 1070 653 ab
1095 621 1188 654 initio

453 677 553 710 fuisse
578 687 614 709 ac
640 681 796 719 perpetuo
823 676 890 709 sore
908 702 915 715 ,
949 680 1061 708 tenore
1098 684 1189 717 prae-

451 730 590 764 sentium
617 730 819 763 declaramus
853 735 882 762 et
908 728 1126 767 decernimus,
1153 728 1190 760 il-

451 785 546 826 laque
579 783 768 815 damnamus
801 788 832 815 ct
871 781 1111 825 reprobamus,
1153 791 1188 812 ac

451 835 665 868 nibilominus
682 835 751 875 ‚ad
783 835 939 868 maiorem
965 839 992 867 et
1022 833 1188 866 abuudan-

452 889 567 921 tiorem
593 889 767 928 cautelam,
796 893 827 921 et
852 892 1012 931 quatenus
1038 897 1119 929 opus
1138 886 1186 925 sit,

450 941 504 975 illa
530 941 637 974 omnia
662 946 693 973 et
710 940 848 983 singula,
867 945 1026 982 quatenus
1048 939 1086 971 de
1105 939 1187 970 sacto

449 999 679 1037 processerunt
696 1021 702 1034 ‚
745 1002 933 1026 revocamus
953 1019 960 1032 ,
999 1002 1161 1024 cassamus
1181 1017 1188 1030 ‚

450 1047 612 1080 irritamus
638 1053 668 1079 et
692 1048 922 1085 annullamus,
950 1044 1136 1087 viribusque
1158 1049 1189 1077 ct

450 1100 563 1134 effectu
589 1100 718 1143 penitus
754 1105 786 1132 et
820 1099 953 1132 omnino
988 1108 1160 1130 vacuamus
1181 1125 1188 1137 ,

450 1164 509 1187 nee
535 1155 637 1186 ullum
669 1163 727 1196 per
759 1163 796 1185 ea
830 1152 975 1185 ecclesiis
1006 1161 1187 1194 earumque

448 1207 657 1250 praesulibus
682 1205 858 1249 praedictis
891 1205 1109 1248 preiudicium
1149 1205 1187 1237 il-

448 1262 546 1294 latum
573 1261 679 1299 fuisse,
697 1265 751 1293 aut
776 1259 888 1292 inferri
914 1259 1186 1303 quandocumque

448 1326 545 1359 posse
568 1342 575 1356 ,
602 1314 658 1347 sed
686 1314 771 1357 ipsas
797 1313 950 1346 eeclesias
970 1341 977 1353 ,
1011 1323 1185 1356 earumque

448 1369 616 1412 praesules
642 1367 674 1399 111
700 1367 765 1399 suis
782 1366 956 1410 prImaevis
972 1365 1095 1398 iuribus
1109 1376 1184 1398 con-

450 1422 576 1454 tinuare
603 1420 734 1460 debere,
750 1419 900 1453 similiter
924 1419 1138 1461 declaramus,
1153 1419 1185 1452 in

449 1474 599 1508 omnibus
625 1479 656 1506 et
680 1483 739 1517 per
765 1472 896 1513 omnia,
924 1472 1061 1516 perinde
1087 1483 1123 1505 ae
1160 1472 1185 1505 si

448 1528 504 1561 illa
528 1538 705 1570 numquam
736 1526 817 1559 sacta
850 1526 987 1558 fuissent
1023 1536 1083 1559 nee
1115 1537 1186 1559 eve-

449 1583 602 1622 nissent,
644 1591 750 1625 neque
790 1590 934 1624 unquam
979 1579 1096 1613 fierent
1135 1581 1185 1613 vel

450 1635 631 1669 evenirent.

271 1700 312 1744 Ρρ..
317 1701 405 1723 mmm,
414 1705 439 1721 na
494 1690 509 1732 ξ
525 1677 565 1721 4.
589 1687 744 1726 Quocirca
770 1686 882 1720 loanni
909 1686 1065 1730 episcopo
1092 1692 1124 1719 et
1152 1687 1187 1719 Α-

254 1732 282 1772 ,ΞΠ
285 1756 318 1772 ,itt

254 1785 290 1825 nst·
292 1760 361 1799 amm!

254 1813 349 1852 Ηιωυίηῑ

254 1859 291 1878 snb

254 1891 334 1911 Ιιιιειιιε.

306 1728 438 1747 114111111ιηί-

372 1760 392 1773 11.
409 1760 437 1773 ...
451 1742 596 1776 dalbeito
633 1740 756 1784 Ignatio
789 1740 1126 1779 administratoribus,
1153 1746 1188 1773 ut

284 1813 308 1826 ..ι
335 1760 639 1852 ι1ἰ’.11111[11301011011
656 1793 789 1827 nulliter
813 1792 926 1826 electis
952 1792 1137 1836 praedietis,
1156 1798 1187 1825 et

349 1839 381 1879 nl
385 1866 436 1880 ris
449 1858 563 1881 eorum
588 1846 734 1886 cuilibet,
761 1845 793 1878 in
818 1855 865 1878 vn
869 1850 934 1878 tute
959 1850 1088 1878 sanctae
1115 1846 1187 1878 obe-

393 1919 406 1932 .
449 1901 606 1940 dientiae,
632 1911 668 1933 ac
693 1900 752 1932 sub
778 1898 997 1932 obtestatione
1024 1898 1150 1932 divini
1144 1910 1188 1931 iu-

448 1953 524 1987 dicii
542 1958 574 1986 et
590 1952 859 1986 interminatione
876 1952 1116 1985 maledictionis
1134 1963 1187 1985 ae-

450 2012 587 2047 ternae,
619 2016 773 2062 necnon,
807 2005 867 2049 ipsi
904 2005 1036 2049 quidem
1074 2005 1187 2039 loanni

448 2060 603 2104 episcopo
629 2060 688 2092 sub
717 2048 941 2102 suspensionis
968 2058 1006 2092 ab
1032 2059 1186 2092 exercitio

447 2113 685 2158 pontificalium
711 2118 743 2146 et
768 2112 932 2145 interdicti
958 2113 997 2145 ab
1036 2113 1186 2156 ingressu

448 2165 624 2206 ecclesiae,
651 2166 736 2199 dicto
759 2176 834 2199 vero
861 2165 1036 2199 Adalberto
1062 2166 1186 2209 ignatio

448 2220 507 2252 sub
534 2218 879 2252 exeoimnunicationis
898 2218 1041 2258 maioris,
1058 2218 1186 2261 utrique

448 2274 577 2306 demum
595 2273 654 2304 sub
673 2271 863 2315 privationis
880 2271 1116 2304 beneficiorum
1135 2282 1186 2304 ec-

447 2326 700 2360 clesiasticorum
727 2336 1006 2369 quorumcumque
1036 2336 1096 2368 per
1130 2335 1185 2358 eos

445 2379 629 2424 respective
670 2379 903 2417 obtentorum,
942 2383 1185 2421 perpetuaeque

446 2432 666 2466 inhabilitatis
692 2431 730 2464 ad
758 2432 812 2464 illa
838 2437 869 2464 et
901 2430 962 2463 alia
987 2430 1104 2463 similia
1136 2432 1185 2464 vel

448 2485 618 2520 dissimilia
633 2494 856 2528 quaecumque
874 2483 905 2516 111
923 2489 1090 2527 posterum
1107 2494 1186 2527 quo-

446 2537 630 2572 modolibet
654 2536 845 2576 obtinenda,
871 2535 942 2579 ipso
962 2536 1046 2569 sacto
1062 2537 1186 2580 absque

449 2592 511 2626 alia
543 2589 761 2625 declaratione
803 2588 1008 2624 incurrendis
1043 2589 1186 2634 poenis,

1053 201 1231 226 BELLAtutM
1256 201 1409 225 Romarm

1237 250 1383 284 districte
1409 250 1623 294 prohibemus
1659 254 1691 283 et
1722 248 1943 282 interdicimus
1960 276 1968 290 ,

1236 314 1286 344 ne,
1313 314 1444 336 suarum
1469 302 1634 335 irritarum
1662 302 1871 342 electionum,
1897 301 1971 334 sibi-

1234 367 1296 399 que
1333 355 1466 389 nulliter
1502 361 1535 387 ut
1570 355 1751 398 praefertur
1786 354 1971 387 commissa-

1234 420 1303 442 rum
1321 408 1638 442 ι1111111111511111101111111
1657 407 1841 441 huiusmodi
1860 407 1971 451 vigore

1234 473 1287 495 seu
1323 466 1501 505 praetextu,
1527 461 1741 504 praefatarum
1772 460 1971 494 Gnesnensis

1234 521 1265 548 et
1294 514 1556 548 Vladislaviensis
1600 514 1782 557 respective
1819 514 1971 547 ecclesia-

1234 579 1303 600 rum
1331 567 1477 610 regimen
1509 567 1672 610 suscipere
1710 571 1742 599 et
1777 577 1941 599 assumere
1961 594 1968 607 ,

1233 621 1297 653 sive
1323 620 1385 652 iam
1411 625 1595 662 susceptum
1627 625 1659 652 et
1695 624 1894 662 assumptum
1931 619 1970 652 de

1233 678 1340 706 cetero
1368 673 1531 713 retinere,
1560 672 1732 715 minusque
1758 672 1855 704 ullam
1880 671 1971 704 iuris-

1233 727 1426 766 dictionem,
1451 731 1646 768 potestatem
1672 726 1721 758 vel
1748 725 1971 758 auctoritatem

1233 780 1264 812 in
1290 780 1354 812 illis
1381 789 1533 812 exercere
1553 806 1560 819 ‚
1587 779 1729 811 ullumve
1755 777 1835 811 inibi
1866 783 1970 811 actum

1234 831 1527 865 iurisdictionalem
1553 831 1658 864 facere
1685 842 1740 864 seu
1767 830 1968 871 continuare,

1233 895 1338 928 neque
1363 884 1490 917 illarum
1516 884 1647 925 fructus,
1675 884 1820 917 redditus
1847 889 1878 916 et
1896 894 1972 927 pro-

1233 943 1345 970 ventus
1372 937 1569 980 percipere,
1597 948 1653 970 seu
1680 937 1789 969 forsan
1816 937 1877 969 iam
1899 948 1971 980 per-

1232 997 1344 1034 ceptos
1370 991 1519 1034 cuiquam
1546 991 1638 1023 alteri
1655 1016 1662 1030 ‚
1690 990 1749 1022 nisi
1786 991 1970 1023 earumdem

1233 1044 1439 1077 ecclesiarum
1466 1044 1646 1087 respective
1672 1043 1880 1087 praesulibus
1912 1054 1969 1075 seu

1231 1098 1364 1131 illorum
1398 1097 1552 1140 legitimis
1588 1096 1882 1140 procuratoribus,
1920 1097 1970 1130 vel

1232 1151 1301 1184 aliis
1342 1151 1458 1194 quibus
1496 1161 1555 1183 nos
1582 1151 1657 1184 illos
1685 1151 1765 1184 tradi
1792 1151 1841 1183 vel
1867 1151 1971 1184 consi-

1232 1205 1324 1247 gnari
1350 1205 1632 1244 mandaverimus,
1659 1205 1787 1238 tradere
1813 1204 1863 1237 vel
1896 1214 1972 1237 con-

1231 1260 1359 1302 signare
1385 1259 1524 1291 ulterius
1554 1258 1694 1291 audeant
1726 1257 1838 1301 quovis
1874 1258 1971 1290 modo

1231 1323 1285 1345 seu
1312 1317 1533 1356 praesumant.
1560 1311 1622 1344 Eos
1648 1322 1776 1355 quoque
1793 1338 1800 1351 ,
1825 1311 1879 1354 qui
1906 1311 1971 1344 illis

1231 1366 1280 1398 vel
1306 1376 1420 1398 eorum
1445 1365 1540 1398 alicui
1568 1364 1707 1397 scienter
1733 1365 1764 1397 in
1784 1363 1970 1407 praemissis

1230 1418 1421 1462 paruerint,
1449 1419 1499 1451 vel
1524 1418 1698 1457 auxilium,
1724 1417 1895 1450 consilinm
1921 1417 1970 1450 vel

1232 1473 1373 1505 savorem
1401 1471 1512 1515 quovis
1536 1472 1632 1505 modo
1658 1471 1891 1514 praestiterint,
1916 1481 1972 1504 cu-

1230 1525 1421 1568 iuscumque
1447 1529 1560 1564 status,
1585 1524 1715 1567 gradus,
1742 1523 1875 1563 ordinis,
1894 1534 1971 1557 con-

1231 1578 1384 1618 ditionis,
1412 1577 1693 1621 praeeminentiae
1719 1577 1768 1610 vel
1804 1576 1969 1619 dignitatis

1232 1631 1369 1672 suerint,
1396 1631 1555 1664 similibus
1580 1630 1695 1674 poenis
1720 1640 1759 1662 eo
1785 1630 1855 1673 ipso
1877 1629 1970 1663 inno-

1232 1685 1361 1724 damus,
1388 1690 1418 1718 et
1442 1683 1617 1717 innodatos
1645 1683 1722 1723 sore,
1748 1693 1785 1716 ac
1812 1682 1971 1717 beneficia

1233 1738 1428 1776 huiusmodi,
1453 1747 1591 1781 quorum
1618 1736 1810 1780 privationis
1832 1746 1971 1779 poenam

1231 1797 1364 1835 propter
1390 1791 1681 1833 transgressionem
1700 1789 1880 1833 praesentis
1895 1799 1970 1832 pro-

1232 1845 1402 1890 hibitionis
1433 1854 1492 1887 per
1523 1843 1685 1887 praefatos
1720 1842 1971 1886 quomodolibet

1233 1891 1354 1931 incurri
1390 1897 1589 1940 contigerit,
1625 1896 1695 1940 ipso
1733 1896 1814 1929 sacto
1847 1895 1969 1939 absque

1232 1951 1294 1984 alia
1320 1950 1542 1984 declaratione
1578 1959 1690 1982 vacare
1711 1975 1718 1989 ,
1754 1948 1875 1992 illaque
1910 1959 1971 1992 per

1233 2014 1455 2049 quoscumque
1466 2003 1630 2048 impetrari
1646 2013 1750 2047 posse,
1763 2002 1969 2036 decernimus

1231 2059 1344 2092 itidem
1370 2064 1401 2092 et
1427 2058 1652 2098 declaramus,
1685 2066 1814 2090 necnon
1839 2065 1970 2089 eorum-

1232 2113 1304 2147 dem
1330 2111 1564 2146 beneficiorum
1590 2111 1636 2144 sic
1660 2110 1840 2143 vacantium
1872 2109 1969 2142 colla-

1233 2165 1376 2205 tionem,
1419 2164 1640 2208 provisionem
1682 2169 1714 2196 et
1749 2162 1968 2196 omnimodam

1231 2218 1479 2262 dispositionem
1500 2244 1507 2257 ‚
1534 2227 1570 2249 ac
1593 2216 1809 2260 praefatarum
1847 2226 1969 2258 poena-

1230 2281 1301 2303 rum
1327 2271 1569 2304 absolutionem
1590 2280 1646 2302 seu
1668 2268 1900 2301 relaxationem
1915 2279 1969 2302 no-

1230 2324 1278 2356 bis
1296 2329 1326 2356 et
1342 2323 1486 2356 Romano
1503 2321 1650 2355 Pontifici
1668 2332 1727 2364 pro
1746 2327 1893 2364 tempore
1908 2322 1968 2355 exi·

1229 2376 1325 2408 stenti
1352 2376 1516 2408 dumtaxat
1540 2374 1725 2418 specialiter
1749 2384 1965 2408 reservamus.

1228 2429 1397 2461 Monentes
1421 2428 1553 2470 insuper
1579 2437 1690 2460 omnes
1718 2427 1887 2471 utriusque
1919 2437 1968 2460 se-

1230 2492 1284 2514 xus
1310 2480 1538 2514 christifideles
1558 2506 1565 2519 ,
1591 2481 1630 2513 de
1664 2491 1802 2524 quorum
1836 2483 1968 2514 aeterna

1229 2536 1333 2568 salute
1358 2533 1489 2568 solliciti
1516 2543 1589 2566 esse
1614 2533 1778 2574 debemus,
1803 2533 1967 2577 praefatos

1229 2589 1382 2624 Ioannem
1398 2588 1588 2633 episcopum
1606 2587 1856 2622 etAdalberturn
1875 2586 1967 2631 lgna·-

1978 200 2027 225 An.
2049 200 2078 226 C.
2098 199 2164 228 «708
