2269 3203
216 259 266 287 An.
288 260 315 285 e.
338 259 404 286 1715
451 249 514 283 080

994 262 1174 285 Ht'titntnttssn
1203 262 1358 285 ssonANt'M

411 308 539 349 dinata,
566 320 637 342 cum
663 310 813 343 omnibus
841 315 871 343 et
902 310 1037 353 singulis
1074 309 1171 343 inde¹
1196 309 1282 342 tione
1314 311 1364 343 vel
1397 310 1611 354 suspensione
1645 310 1740 344 etiam
1774 311 1907 344 minima
1927 337 1934 351 ,

412 362 532 395 secutis
559 368 590 396 et
615 364 886 406 quandocumque
913 363 1082 403 secuturis,
1098 373 1150 405 pe<

411 415 500 449 nitus
525 421 557 449 et
581 417 714 450 omuino
741 416 839 456 nulla,
864 416 967 455 irrita,
994 416 1147 457 invalida,

411 468 554 509 iniusta,
580 470 753 512 reprobata
772 495 779 508 ,
805 469 975 509 damnata,
1012 468 1121 501 inania
1140 496 1147 509 ‚

414 522 608 562 temeraria,
635 521 825 564 nulliusque
850 521 984 554 omnino
1022 521 1149 554 roboris

412 580 443 606 et
463 574 618 607 momenti
634 574 682 607 vel
697 574 857 606 efficaciae
873 585 942 607 esse
961 579 992 607 et
1005 575 1044 606 ab
1057 574 1150 607 initio

412 627 508 659 fuisse
523 638 558 659 ae
576 631 735 669 perpetuo
754 627 832 666 sore,
855 637 961 669 neque
981 627 1033 659 illa
1048 628 1149 660 ullum

411 683 531 711 statum
560 679 664 711 faeere
690 680 739 712 vel
767 679 891 719 secisse,
918 680 986 719 sed,
1014 679 1149 722 perinde

412 742 448 763 ae
487 732 512 764 si
549 741 692 774 unquam
729 738 934 765 emanassent
969 743 1030 765 nee
1069 732 1151 765 sacta

412 784 562 824 ruissent,
588 794 648 827 pro
674 794 739 818 non
765 785 947 818 extantibus
973 791 1004 818 et
1030 795 1093 818 non
1113 786 1151 818 sa-

411 837 469 869 ctis
493 842 652 880 perpetuo
678 837 788 870 itidem
815 838 928 870 haberi
956 838 1085 879 debere,
1108 844 1151 871 te-

411 899 490 922 nore
517 890 734 932 praesentium
761 890 976 923 declaramus.
1003 891 1039 923 Et
1066 890 1151 923 nibi-

410 942 562 983 lominus,
581 943 619 976 ad
641 943 797 976 maiorem
824 948 856 976 et
877 944 1150 977 abundantiorem

410 996 567 1028 cautelam
589 1023 597 1037 ‚
626 1002 658 1029 et
682 1002 841 1040 quatenus
875 1008 957 1040 opus
995 997 1060 1039 sit,
1095 997 1151 1030 illa

410 1049 519 1082 omnia
545 1055 576 1082 et
600 1051 742 1093 singula,
768 1061 803 1083 ac
829 1051 854 1083 si
880 1061 961 1094 quae
984 1051 1116 1093 insuper
1134 1062 1151 1084 a
1172 1046 1174 1072 ἶ

410 1102 584 1144 praedictis
610 1113 666 1135 seu
693 1103 764 1135 aliis
783 1103 1039 1146 praemissorum
1058 1114 1151 1137 ocea-

410 1155 520 1195 sione,
547 1155 613 1188 sive
639 1156 677 1188 ad
704 1156 854 1189 eumdem
881 1157 977 1189 finem
1005 1167 1150 1200 quoquo-

409 1208 506 1241 modo
532 1208 732 1251 impediendi
759 1219 815 1241 scu
841 1209 1062 1252 suspendendi
1081 1220 1150 1242 exe-

410 1262 570 1295 cutionem
598 1262 779 1295 litterarum
812 1268 995 1295 nostrarum
1022 1264 1172 1306 praedi-1

410 1321 541 1355 ctarum,
557 1316 827 1359 quandocumque
846 1322 877 1349 et
891 1317 1149 1359 quomodocum-

411 1379 472 1412 que
499 1369 612 1412 (quod
639 1369 721 1402 Deus
747 1371 890 1412 avertat)
917 1370 955 1403 de
982 1375 1090 1403 cetero
1109 1371 1149 1402 si-

410 1422 531 1455 militer
557 1423 620 1465 agi,
648 1423 713 1466 geri
740 1430 771 1456 et
796 1424 937 1457 ordinari
965 1424 1147 1467 contigerit,

410 1476 525 1508 barum
551 1475 634 1509 serie
660 1476 843 1517 reficimus,
871 1477 1070 1517 danniamus,
1101 1488 1149 1510 re-

410 1529 599 1572 probamus,
626 1539 829 1569 revocamus,
857 1540 1019 1563 cassamus
1044 1530 1149 1563 irrita·

410 1593 493 1622 mus,
515 1583 734 1622 annullamus,
761 1583 938 1623 abolemus,
962 1583 1147 1627 viribusque

411 1640 443 1667 ct
467 1634 580 1668 effectu
607 1635 736 1678 penitus
762 1642 792 1668 et
816 1637 949 1669 omnino
968 1647 1147 1676 vacuanms,

410 1698 446 1720 ac
472 1698 529 1730 pro
556 1688 713 1728 reiectis,
740 1688 920 1728 dammum,
948 1689 1147 1732 reprobatis,

409 1741 593 1780 revocatis,
620 1741 751 1773 cassatis
768 1767 775 1780 ‚
801 1741 922 1781 irritis,
951 1742 1047 1774 nullis
1067 1768 1074 1782 ,
1102 1742 1149 1774 in-

409 1792 524 1826 validis
550 1798 582 1825 et
606 1793 759 1833 abolitis,
786 1794 973 1837 viriliusque
1007 1800 1038 1827 et
1067 1794 1145 1827 ell'e-

409 1852 461 1878 ctu
498 1846 629 1889 penitus
655 1857 690 1879 ac
716 1846 850 1879 omnino
878 1847 985 1879 vacuis
1018 1858 1149 1890 semper

409 1899 522 1932 haberi
548 1900 695 1932 volumus
733 1905 765 1932 et
801 1900 1002 1933 mandamus.

409 2005 572 2047 practica,
605 2016 732 2038 necnon
770 2011 907 2050 uterque
944 2007 1052 2040 clerus
1087 2012 1148 2040 tam

408 2058 584 2091 saecularis
609 2069 704 2101 quam
742 2060 901 2102 regularis
920 2087 927 2100 ,
959 2070 994 2092 ac
1032 2061 1149 2105 reliqui

410 2122 521 2145 omnes
548 2111 779 2146 christifideles
806 2113 952 2146 eiusdem
970 2114 1071 2156 regni,
1086 2125 1149 2147 me-

409 2169 534 2197 morato
573 2166 801 2208 appellationis
839 2171 870 2199 et
902 2167 1149 2209 protestationis

410 2220 492 2256 actu,
518 2216 584 2249 sive
610 2218 674 2250 alio
700 2219 813 2261 quovis
839 2219 965 2259 edicto,
993 2220 1147 2261 decreto,
1169 2249 1170 2253 ,

410 2270 562 2303 mandato
588 2281 646 2302 seu
672 2277 872 2315 praecepto,
906 2273 993 2315 quod
1028 2274 1094 2306 sive
1132 2285 1148 2306 a

410 2323 567 2355 saeculari
593 2328 751 2366 potestate
777 2324 852 2356 dicti
879 2325 995 2367 regni,
1021 2325 1085 2358 sive
1110 2326 1148 2358 ab

409 2375 497 2408 illius
522 2381 576 2407 aut
601 2376 697 2408 etiam
731 2377 905 2420 alu‘ogatae
937 2379 1147 2412 monarchiae

410 2428 568 2461 ministris
587 2429 785 2472 quibuslibet
800 2431 956 2464 hactenus
973 2431 1004 2463 in
1024 2442 1058 2464 re
1075 2443 1149 2475 pro-

411 2483 589 2524 mulgatum
615 2488 700 2515 esset
724 2484 773 2515 vel
805 2483 837 2515 in
874 2489 1036 2526 posterum
1074 2495 1148 2528 pro—

411 2535 547 2577 mulgari
573 2535 786 2578 contingeret,
814 2546 878 2568 non
900 2537 1060 2577 obstante,
1078 2548 1147 2571 sese

411 2588 511 2621 teneri
538 2598 574 2620 ac
598 2587 758 2631 obligatos
784 2599 854 2621 esse
880 2589 997 2622 litteris
1029 2592 1147 2624 nostris

409 2641 602 2686 supradictis
627 2642 748 2686 absque
775 2643 837 2676 ulla
863 2645 972 2686 mora,
1003 2645 1168 2683 retarda-¹

1041 1900 1149 1934 Sciant
1170 1913 1171 1927 i

409 1957 584 1995 propterea
609 1952 847 1996 archiepiscopi
874 1958 905 1986 et
930 1954 1075 1997 episcopi
1101 1965 1171 1987 su*

1193 372 1301 395 veram
1321 390 1328 403 ,
1352 363 1512 406 integram
1538 368 1569 396 et
1603 363 1823 397 omnimodam
1857 364 1933 397 obe-

1195 415 1349 448 dientiam
1375 422 1542 459 praestare
1569 422 1665 459 atque
1692 416 1861 456 exhibere,
1887 422 1930 457 et,

1194 468 1218 500 si
1252 479 1345 502 secus
1381 470 1539 510 fecerint,
1571 480 1685 502 omnes
1719 475 1751 502 et
1787 469 1932 512 singulas

1195 531 1325 563 poenas,
1344 522 1376 554 in
1398 522 1461 554 illis
1483 523 1638 555 adversus
1656 522 1931 555 contrafacientes

1194 573 1392 616 praefinitas,
1417 585 1488 608 sese
1502 575 1651 608 noverint
1671 585 1709 608 eo
1734 575 1805 618 ipso
1823 575 1932 608 incur-

1195 637 1300 659 suros.
1321 627 1501 668 Praeterea,
1520 639 1592 661 cum
1611 628 1768 671 explorati
1786 628 1866 661 iuris
1882 628 1930 667 sit,
1950 639 2129 660 ‹it—mummu-

1943 669 2012 686 ctores
2024 667 2045 685 S.
2059 667 2128 686 Ponu-

1946 263 1993 288 Αη.
2011 262 2038 288 C.
2061 262 2127 290 1715

1195 689 1260 711 non
1288 685 1349 712 tarn
1376 680 1447 713 illos
1480 681 1532 724 qui
1560 681 1796 724 praeinserturn
1829 686 2117 714 aetummiroswaue.

1196 731 1369 764 ediderunt
1400 743 1435 765 ae
1469 735 1737 777 promulgarunt,
1764 744 1820 766 seu
1846 734 1874 766 ei
1900 744 1933 766 se

1195 785 1478 828 subscripserunt,
1505 797 1599 830 quam
1637 786 1716 820 alios
1753 797 1865 820 omnes
1902 791 1935 819 et

1196 837 1362 879 singulos,
1391 838 1624 883 cuiuscumque
1649 844 1772 879 status,
1798 839 1933 881 gradus,

1195 891 1345 931 ordinis,
1388 893 1664 935 praeeminentiae
1702 897 1732 925 et
1771 891 1935 934 dignitatis

1196 950 1493 988 quantumcumque
1531 946 1676 978 excelsae
1713 956 1750 978 ae
1789 945 1935 978 sublimis

1195 997 1332 1037 suerint,
1360 997 1414 1040 qui
1440 998 1504 1031 sive
1530 998 1707 1031 editionem
1734 1003 1765 1031 et
1790 998 1934 1041 divulga-

1196 1050 1315 1082 tionem
1342 1051 1486 1084 eiusdem
1513 1057 1624 1091 actus,
1651 1051 1715 1084 sive
1740 1051 1801 1084 alia
1819 1052 1934 1084 eodem

1195 1103 1342 1143 consilio,
1362 1104 1446 1136 sicut
1461 1105 1689 1147 praemittitur,
1710 1103 1822 1147 quovis
1838 1104 1934 1138 modo

1195 1161 1285 1197 gesta
1323 1157 1516 1189 mandarunt
1553 1167 1589 1190 ac
1621 1157 1839 1197 ordinarunt,
1876 1167 1934 1189 seu

1194 1208 1257 1240 illis
1282 1210 1452 1242 eonsilium
1469 1238 1476 1250 ,
1503 1210 1655 1243 auxilium
1674 1237 1681 1251 ,
1708 1210 1849 1242 savorem
1883 1210 1934 1242 vel

1194 1262 1336 1304 qumnvis
1355 1263 1450 1295 aliam
1465 1263 1681 1295 damnabilem
1696 1272 1827 1305 operam
1842 1273 1935 1305 prae-

1194 1314 1370 1355 stiterunt,
1398 1321 1452 1348 aut
1484 1317 1515 1348 in
1553 1327 1665 1349 eorum
1699 1317 1867 1360 sequelam
1904 1321 1934 1349 et

1194 1368 1420 1400 executionem
1443 1368 1592 1402 similiter
1606 1374 1695 1411 gesta
1712 1369 1934 1412 approbarunt

1194 1426 1225 1453 et
1250 1427 1317 1453 rata
1342 1421 1541 1461 balmerunt,
1568 1432 1622 1455 seu
1641 1422 1719 1455 alias
1737 1422 1768 1454 in
1787 1422 1834 1455 eis
1854 1433 1934 1466 quo-

1169 1478 1171 1490 ”
1192 1474 1373 1507 niodolibet
1393 1475 1569 1518 culpabiles
1585 1476 1728 1517 suerunt,
1747 1486 1812 1509 non
1827 1477 1932 1509 solum

1192 1528 1409 1570 supradictas,
1435 1529 1489 1561 sed
1517 1528 1613 1562 etiam
1633 1529 1711 1562 alias
1730 1539 1845 1562 omnes
1863 1540 1933 1563 cen-

1191 1591 1282 1613 suras
1310 1587 1341 1614 ct
1366 1592 1486 1624 poenas
1506 1582 1747 1622 ecclesiasticas,
1763 1587 1876 1615 eontra
1891 1582 1934 1615 si-

1193 1634 1280 1666 milia
1305 1640 1530 1677 perpetrantes
1556 1645 1572 1667 a
1597 1635 1698 1668 sacris
1732 1635 1932 1676 canonibus,

1193 1687 1394 1729 generalium
1410 1688 1624 1721 conciliorum
1643 1688 1789 1728 decretis,
1806 1693 1839 1721 et
1855 1699 1932 1732 apo-

1193 1741 1315 1773 stolicis
1342 1740 1652 1781 constitutionibus,
1678 1752 1713 1774 ac
1738 1741 1933 1784 praesertim

1193 1793 1310 1827 litteris
1337 1793 1387 1826 die
1413 1793 1537 1826 Coenae
1563 1794 1690 1827 Domini
1718 1794 1854 1837 singulis
1879 1805 1933 1827 an-

1193 1847 1242 1879 nis
1268 1846 1332 1889 legi
1358 1852 1389 1879 et
1425 1847 1624 1889 promulgari
1661 1847 1847 1888 consuetis,
1884 1847 1932 1880 in-

1192 1900 1294 1932 ssictas
1312 1928 1319 1941 ,
1361 1910 1399 1932 eo
1440 1900 1510 1943 ipso
1548 1899 1722 1932 incurrisse
1748 1926 1755 1940 ‚
1792 1899 1932 1944 illasque

1192 1954 1328 1996 insuper
1352 1951 1447 1985 etiam
1474 1952 1664 1985 incursuros
1688 1963 1756 1986 esse
1783 1963 1839 1986 eos
1865 1964 1932 1987 om-

1193 2016 1250 2039 nes
1277 2006 1331 2049 qui
1357 2005 1475 2039 similia
1500 2006 1537 2038 ad
1565 2006 1715 2038 eumdem
1736 2005 1834 2039 finem
1852 2017 1932 2051 quo-

1193 2059 1357 2102 quomodo
1383 2058 1583 2101 impediendi
1616 2069 1673 2091 seu
1711 2059 1930 2103 suspendendi

1193 2113 1420 2145 executionem
1447 2113 1632 2146 earumdem
1658 2118 1842 2145 nostrarum
1878 2112 1930 2145 lit-

1194 2171 1334 2198 terarum
1361 2166 1400 2199 de
1426 2171 1535 2199 cetero
1561 2165 1761 2208 peregerint,
1786 2170 1931 2209 utprae-

1192 2219 1305 2252 fertur.
1325 2218 1480 2252 Noverint
1493 2219 1615 2253 idcirco
1634 2219 1681 2253 illi
1694 2229 1818 2260 ornnes,
1833 2219 1930 2252 etiam

1192 2273 1424 2315 specialissima
1449 2273 1615 2306 mentione
1641 2273 1742 2315 digni,
1756 2283 1772 2306 a
1786 2273 1930 2307 censuris

1192 2331 1224 2358 et
1248 2326 1364 2369 poenis
1389 2326 1596 2366 huiusmodi,
1623 2331 1699 2369 post
1723 2326 1865 2360 debitam
1898 2332 1931 2361 et

1191 2379 1386 2421 condignam
1411 2379 1572 2412 Ecclesiae
1597 2379 1730 2412 realiter
1755 2385 1785 2412 et
1802 2390 1876 2413 eum
1890 2381 1929 2413 es-

1193 2433 1276 2465 sectu
1301 2432 1490 2475 praestitam
1515 2432 1777 2474 satisfactionem,
1796 2433 1929 2467 nonnisi

1191 2497 1208 2519 a
1233 2485 1328 2519 nobis
1354 2496 1414 2520 seu
1435 2486 1580 2520 Romano
1601 2486 1756 2520 Pontifice
1773 2497 1833 2530 pro
1851 2492 1931 2520 tem-

1192 2549 1271 2583 pore
1298 2539 1453 2572 existente
1478 2539 1733 2583 (praeterquam
1760 2540 1794 2573 in
1816 2541 1928 2575 mortis

1190 2591 1345 2634 articulo,
1372 2597 1402 2625 et
1434 2597 1509 2625 tunc
1541 2603 1612 2625 cum
1645 2593 1861 2626 reineideutia
1895 2593 1928 2626 in

1191 2645 1320 2680 casdem
1346 2655 1500 2681 censuras
1527 2651 1557 2681 et
1576 2656 1708 2690 poenas,
1725 2657 1763 2681 eo
1776 2646 1846 2691 ipso
1864 2657 1927 2691 quo
