2269 3203
248 228 297 256 An.
313 227 341 254 c.
365 228 431 255 1716
478 219 540 252 7⁶26

442 276 640 316 instantiam,
669 276 723 310 sed
744 288 780 310 ex
803 277 889 310 certa
909 276 1043 308 scientia
1064 286 1098 307 ac
1119 286 1184 307 ma-

442 332 514 362 tura
540 329 781 363 deliberatione
814 329 951 367 nostris,
978 329 1083 371 deque
1109 339 1184 371 apo-

442 383 575 416 stolicae
594 383 764 426 potestatis
787 382 1001 426 plenitudine,
1021 381 1181 414 civitatem

443 441 475 469 et
500 435 656 469 diocesim
677 436 947 479 Ulyssiponenses
969 434 1132 478 praefatas
1151 434 1183 466 in

443 489 522 522 duas
558 494 666 533 partes
703 488 885 527 dividimus,
923 499 959 520 ao
983 498 1082 520 unam
1121 493 1182 519 tam

443 542 581 575 civitatis
608 553 703 586 quam
731 541 891 574 dioecesis
924 541 1098 573 divisarum
1125 540 1183 572 hu-

442 595 583 628 iusmodi
608 600 733 638 partem
758 604 870 626 versus
897 593 1056 626 orientem
1101 592 1183 625 anti-

443 658 506 691 quo
532 646 826 690 archiepiscopatui
860 645 1106 689 Ulyssiponensi
1133 656 1183 678 re-

441 700 628 743 linquimus,
653 700 786 733 alteram
811 709 889 732 vero
917 704 1042 742 partem
1068 708 1181 731 versus

442 753 647 786 occidentem
690 763 772 786 novo
799 751 1097 795 archiepiscopatui
1124 762 1183 795 per

442 815 511 846 nos,
525 811 564 843 vut
582 805 673 847 infra,
689 805 846 848 erigendo
861 804 1082 847 assignamus3
1103 804 1183 836 itaut

442 860 475 892 in
501 864 665 903 posterum
691 859 860 903 perpetuis
886 858 1001 891 suturis
1029 857 1183 901 tempori-

441 913 501 946 bus
526 923 585 956 pro
613 918 761 956 ternpore
793 912 935 946 existens
965 910 1182 954 archiepisco-

442 974 502 1007 pus
526 963 794 1007 Ulyssiponensis,
822 964 877 1006 qui
902 962 1112 995 medietatem
1140 962 1183 994 ci-

441 1017 548 1050 vitatis
590 1027 717 1050 necnon
766 1017 973 1049 medietatem
1023 1015 1181 1048 dioecesis

442 1069 702 1113 Ulyssiponensis
717 1079 826 1102 versus
844 1069 1004 1101 orientem
1022 1068 1182 1108 hahuerit,

443 1123 711 1166 archiepiscopus
726 1122 987 1166 Ulyssiponensis
1002 1121 1181 1161 orientalis,

442 1176 569 1208 futurus
598 1186 674 1208 vero
707 1186 742 1208 ac
772 1186 831 1218 pro
864 1181 1010 1218 tempore
1041 1173 1182 1207 existens

442 1229 710 1273 archiepiscopus
737 1229 1015 1272 UlyssiponensiS,
1041 1228 1095 1271 qui
1123 1238 1184 1260 uie-

442 1282 596 1315 dietatem
615 1282 749 1315 civitatis
771 1282 952 1325 itidemque
974 1281 1181 1314 medietatem

443 1334 602 1368 dioecesis
627 1334 892 1378 Ulyssiponensis
909 1345 1020 1367 versus
1038 1333 1185 1367 occiden-

444 1392 506 1421 tem
531 1388 749 1432 pariformiter
775 1388 935 1426 habuerit,
962 1387 1185 1430 archiepisco-

442 1442 524 1485 pus¹
549 1441 813 1485 Ulyssiponensis
835 1440 1049 1474 occidentalis
1075 1450 1185 1483 respe-

443 1495 524 1528 ctive
564 1494 746 1538 nuncupari
789 1494 941 1527 debeant.
988 1493 1184 1526 Divisioncm

444 1553 551 1581 autem
571 1548 755 1591 praedictae
773 1547 907 1580 civitatis
925 1545 1185 1590 Ulyssiponensis

443 1601 477 1633 in
503 1602 580 1635 duas
604 1606 713 1645 partes
740 1606 774 1633 ut
799 1601 882 1633 infra
916 1600 1095 1632 faciendam
1113 1609 1184 1632 esse

445 1653 663 1693 decernimus,
697 1658 795 1697 prout
819 1653 929 1695 vigore
962 1652 1185 1695 praesentium

444 1707 588 1747 facimus,
611 1717 774 1749 unamque
799 1712 922 1749 partem
950 1705 989 1738 ab
1010 1705 1112 1737 alterii
1138 1703 1186 1736 di-

445 1760 584 1792 vidimus
601 1765 632 1793 et
649 1770 848 1802 separamus,
870 1759 950 1791 itaut
967 1758 1078 1791 civitas
1100 1757 1185 1800 Ulys-

445 1813 633 1856 siponensis
659 1812 831 1855 antiquior,
859 1822 931 1844 cum
958 1821 1017 1844 suo
1053 1810 1186 1843 castello

447 1871 479 1898 et
504 1865 663 1898 suburbio
690 1865 852 1905 orientali,
879 1865 917 1897 ad
950 1874 1009 1907 pro
1040 1868 1186 1907 tempore

446 1918 636 1951 existentem
654 1918 936 1960 archiepiscopum
957 1916 1188 1960 Ulyssiponen-

446 1981 514 2004 sem
541 1971 744 2009 orientalem,
775 1970 967 2002 suburbium
1000 1979 1075 2002 vero
1104 1968 1187 2002 occi-

447 2024 588 2063 dentale,
614 2024 703 2067 quod
734 2034 817 2056 nova
842 2023 993 2066 Ulyssipo
1021 2032 1189 2065 nuncupa-

447 2081 510 2116 tur,
539 2077 577 2109 ad
598 2077 740 2109 futurum
760 2081 791 2109 et
812 2086 869 2119 pro
889 2080 1033 2119 tempore
1052 2075 1189 2108 existen-

449 2135 513 2162 tem
565 2129 848 2173 archiepiscopum
901 2128 1189 2172 Ulyssiponensem

448 2182 704 2223 occidentalem,
728 2182 909 2226 respective
935 2181 1187 2225 nuncupandos,

450 2235 627 2278 respective
660 2235 857 2278 pertineant,
885 2245 1014 2277 unaque
1048 2244 1123 2277 pars
1150 2234 1188 2266 ab

450 2289 553 2321 altera
578 2288 796 2330 distinguatur
818 2298 877 2332 per
901 2288 1104 2330 antiquiores
1122 2297 1190 2318 mu-

449 2352 503 2375 ros
527 2342 673 2382 civitatis,
700 2352 816 2384 nempe
842 2352 902 2385 per
927 2351 1054 2374 murum
1081 2340 1191 2373 civita-

451 2395 491 2427 tis
524 2399 637 2437 portae
678 2393 925 2435 Consolationis,
965 2403 1024 2436 per
1062 2402 1189 2424 murum

452 2447 564 2481 Costae
579 2447 617 2480 de
632 2446 781 2486 Castello,
795 2457 831 2480 ac
843 2457 903 2489 per
916 2456 1043 2479 murum
1066 2450 1097 2477 et
1115 2455 1190 2488 por—

454 2506 518 2533 tam
543 2500 574 2533 S.
602 2500 764 2540 Andreae3
791 2504 833 2539 et,
860 2498 1014 2542 quidquid
1040 2497 1116 2530 inde
1143 2502 1192 2530 est

454 2563 526 2587 cum
551 2553 677 2586 civitate
703 2552 876 2596 antiquiori
902 2553 934 2584 in
960 2557 1051 2595 parte
1084 2551 1192 2585 orien-

492 2618 501 2643 t
525 2615 594 2642 Edit.
617 2614 695 2677 Magi.
712 2614 776 2649 tegit
791 2614 1055 2648 archiepiscopatus
1071 2613 1109 2648 (a.
1127 2614 1173 2645 Tj).

1022 225 1202 251 BULLARIUM
1226 225 1380 250 ROMANUM

1228 275 1296 314 tali,
1322 277 1383 307 una
1401 284 1472 307 eum
1491 273 1735 318 parochialibus
1752 273 1889 317 aliisque
1914 282 1963 306 ec-

1229 327 1349 367 clesiis,
1374 327 1590 366 monasteriis,
1615 327 1826 361 conventibus
1851 332 1885 360 et
1918 327 1965 360 lo-

1227 381 1272 413 eis
1299 381 1361 423 piis
1388 381 1664 424 quibuscumque,
1691 381 1729 413 ad
1751 380 1962 419 orientalem,

1227 434 1386 477 quidquid
1413 445 1488 467 vero
1513 434 1618 467 existit
1643 435 1674 467 in
1700 440 1789 477 parte
1817 433 1964 467 occiden-

1228 487 1292 527 tali,
1318 498 1375 520 seu
1402 489 1483 520 nova
1501 487 1704 530 Ulyssipone,
1724 487 1873 520 similiter
1890 497 1962 519 cum

1226 540 1472 581 parochialibus
1497 540 1635 582 aliisque
1661 540 1816 579 ecclesiis,
1843 549 1965 573 monas-

1227 592 1325 633 teriis,
1347 593 1568 632 conventibus,
1588 592 1775 636 pariterque
1800 592 1878 625 locis
1904 591 1965 635 piis

1226 645 1498 689 quibuscumque,
1524 647 1563 679 ad
1587 646 1830 684 occidentalem,
1857 655 1966 688 respe-

1226 699 1310 732 ctive
1347 699 1642 742 nuncupandum¹‚
1681 698 1965 742 arehiepiscopum

1226 762 1285 794 pro
1305 758 1450 795 ternpore
1470 753 1662 785 existentem
1682 757 1832 796 spectare
1846 757 1966 794 etper-

1226 805 1330 837 tinere
1357 805 1485 837 debeat.
1505 805 1684 838 Dioecesim
1705 815 1780 838 vero
1805 804 1966 848 Ulyssipo-

1225 867 1360 889 nensein
1388 856 1610 900 parisoriniter
1635 858 1666 889 iu
1693 857 1772 890 duas
1797 862 1904 900 partes
1924 856 1966 889 di·

1227 909 1377 948 vidimus,
1405 920 1440 942 ae
1467 914 1591 952 partem
1619 910 1778 943 dioecesis
1802 910 1966 953 Ulyssipo-

1226 962 1338 995 nensis
1372 973 1482 995 versus
1523 962 1682 996 orientem
1721 974 1778 1005 pro
1819 969 1965 1006 tempore

1227 1015 1376 1048 existenti
1427 1015 1673 1059 archiepiscopo
1721 1016 1966 1059 Ulyssiponensi

1225 1069 1387 1110 orientali,
1413 1075 1540 1112 partem
1565 1080 1640 1102 vero
1666 1069 1811 1102 eiusdem
1838 1069 1966 1102 dioece-

1227 1122 1270 1155 sis
1311 1121 1574 1165 Ulyssiponensis
1613 1133 1722 1155 versus
1765 1122 1968 1155 occidentem

1227 1176 1336 1208 futuro
1362 1186 1398 1208 ac
1427 1185 1485 1218 pro
1506 1181 1652 1218 tempore
1674 1175 1826 1208 existenti
1845 1174 1970 1207 archie-

1228 1228 1363 1271 piscopo
1390 1228 1631 1271 Ulyssiponensi
1652 1227 1845 1260 occidentali
1864 1237 1969 1269 respe-

1227 1281 1309 1314 ctive
1342 1281 1569 1324 nuncupandis
1605 1281 1792 1314 subiicimus
1828 1285 1858 1313 et
1882 1279 1966 1313 assi-

1227 1344 1375 1376 gnamttS.
1410 1333 1506 1366 Linea
1539 1339 1645 1366 autem
1678 1333 1836 1366 divisoria
1860 1332 1967 1365 dictae

1229 1387 1389 1420 dioecesis
1415 1387 1677 1430 Ulyssiponensis
1703 1386 1837 1430 incipiet
1854 1397 1870 1419 a
1887 1385 1968 1419 loeis

1229 1440 1269 1473 de
1296 1440 1438 1480 Arroios,
1462 1440 1719 1484 Campogrande,
1745 1440 1850 1473 Povoa
1874 1438 1906 1472 S.
1931 1439 1970 1471 Α·

1229 1493 1332 1525 driani
1360 1498 1390 1526 et
1417 1494 1567 1533 Arruda,
1603 1504 1675 1526 cum
1710 1498 1777 1526 toto
1804 1491 1969 1525 territorio

1229 1547 1269 1579 de
1295 1547 1479 1590 Alenquer‚
1507 1556 1570 1589 qua
1596 1552 1687 1589 parte
1714 1545 1864 1579 terminat
1898 1555 1969 1578 curn

1230 1599 1393 1632 territorio
1410 1599 1560 1632 villarum
1576 1599 1616 1632 de
1631 1598 1794 1638 ffibateio,
1810 1602 1841 1631 et
1855 1596 1969 1631 exinde

1229 1651 1464 1692 Moinhonovo‚
1495 1651 1578 1690 Oua,
1612 1650 1738 1690 Cercal,
1772 1650 1968 1687 Sancheira,

1230 1716 1301 1738 eum
1327 1704 1444 1737 Coutos
1471 1704 1509 1737 de
1528 1704 1696 1743 Alcobaza,
1718 1713 1821 1747 usque
1839 1703 1876 1735 ad
1898 1712 1972 1735 con-

1230 1757 1305 1790 finia
1329 1757 1536 1800 episcopatus
1554 1755 1747 1799 Leyriensis,
1769 1755 1970 1788 includendo

1230 1810 1337 1843 omnia
1362 1809 1529 1853 praedicta
1554 1810 1641 1848 loca,
1666 1808 1786 1852 oppida
1811 1813 1843 1841 et
1866 1808 1971 1846 villas,

1231 1874 1303 1897 cum
1329 1863 1395 1895 suis
1422 1862 1605 1902 territoriis,
1632 1861 1879 1904 dependentiis,
1907 1866 1972 1893 ter-

1231 1917 1283 1957 ris,
1299 1916 1576 1960 populationibus,
1595 1914 1770 1958 omniaque
1792 1914 1865 1954 alia,
1889 1923 1971 1957 quae

1232 1970 1317 2003 intra
1341 1970 1427 2002 hanc
1444 1969 1561 2002 lineam
1580 1973 1611 2001 et
1628 1967 1734 2001 littora
1753 1967 1851 2000 maris
1876 1966 1972 2000 Ocea-

1232 2023 1263 2056 ni
1284 2022 1502 2066 reperiuntur‚
1525 2021 1564 2054 ad
1583 2031 1641 2065 pro
1661 2026 1807 2064 tempore
1834 2020 1972 2053 existen-

1232 2082 1296 2109 tem
1315 2074 1596 2118 arehiepiscopurn
1615 2072 1903 2116 Ulyssiponensem
1920 2082 1972 2106 oc—

1232 2129 1428 2162 cidentalem
1468 2127 1721 2171 nuncupandum
1757 2130 1905 2169 spectare
1942 2130 1973 2158 et

1233 2182 1398 2226 pertinere
1436 2181 1598 2220 debeant,
1628 2184 1736 2212 cetera
1760 2188 1838 2211 vero
1873 2179 1945 2211 loca
1963 2204 1970 2218 ,

1234 2235 1355 2278 oppida
1381 2240 1414 2267 et
1431 2234 1524 2267 villae
1534 2233 1552 2273 ³,
1572 2243 1654 2277 quae
1674 2243 1709 2265 ex
1736 2232 1796 2264 hac
1821 2231 1906 2264 linea
1924 2241 1975 2264 ex-

1234 2289 1355 2322 clusive
1374 2288 1583 2331 reperiuntur
1608 2296 1710 2328 usque
1732 2285 1771 2318 ad
1790 2285 1876 2328 ripas
1896 2284 1974 2327 Tagi

1234 2346 1265 2373 et
1301 2340 1439 2373 confinia
1475 2336 1708 2371 iurisdictionis
1745 2337 1784 2369 de
1819 2336 1972 2376 Thomar,

1234 2403 1306 2425 cum
1333 2391 1485 2425 omnibus
1512 2391 1576 2423 suis
1607 2388 1789 2429 territoriis,
1818 2389 1975 2422 districti-

1233 2445 1293 2477 bus
1319 2450 1351 2477 et
1382 2443 1632 2486 dependentiis,
1664 2442 1703 2474 ad
1730 2452 1789 2485 pro
1827 2447 1973 2485 tempore

1236 2497 1426 2530 existentem
1448 2495 1729 2539 archiepiscopum
1746 2494 1975 2539 Ulyssiponen-

1273 2569 1282 2594 1
1306 2567 1402 2602 Aptius
1423 2570 1453 2593 ut
1468 2574 1551 2601 supra
1564 2565 1625 2600 lege
1640 2565 1852 2600 nuncupandos
1867 2565 1904 2600 (n.
1922 2566 1971 2601 τ,),

1271 2611 1287 2637 2
1307 2611 1374 2638 Male
1388 2611 1455 2638 edit.
1471 2610 1551 2638 Main.
1567 2610 1633 2645 legit
1652 2610 1737 2638 villas
1752 2610 1794 2645 (n,
1810 2610 1860 2646 τ,),

1974 223 2022 250 An.
2039 223 2067 250 C.
2087 224 2156 252 17¹6
