2269 3203
243 210 292 237 An.
311 212 340 238 c.
366 209 430 237 1712
479 199 542 232 482
1020 207 1198 231 citi-Animi

438 258 470 291 ld
497 268 597 290 unum
628 257 755 291 scilicet
781 256 958 290 timendum
984 255 1075 289 vobis
1100 260 1176 296 erat,

437 321 478 344 ne
495 310 581 354 apud
596 310 696 344 Deum
711 309 929 352 hominesque
944 309 1093 350 redargui
1108 308 1177 341 iure

438 363 575 406 possetis
600 364 673 397 loco
709 368 805 406 atque
838 362 957 395 honori
992 367 1099 395 vestro
1127 361 1179 394 de·

437 416 547 450 fuisse.

288 483 427 513 ‚Deciatum
482 471 496 513 ἓ,
521 470 551 503 ⁶2.
579 470 737 508 Ceterum,
753 469 812 502 etsi
832 468 998 511 pactiones
1018 468 1178 510 praefatas
1201 500 1202 505 ,

243 510 344 556 'SR'JL'Sss'f
377 515 509 567 aiiifiipso
536 523 605 555 iure
630 522 743 554 inanes
768 532 804 554 ac
829 521 937 553 irritas
962 520 1104 553 existere
1124 531 1175 563 pa-

243 569 363 610 Esslss‘u‘l‘sss‘ia„
382 569 428 610 ⁰32³-
440 578 503 609 lam
529 580 663 613 constet,
680 574 864 617 notoriique
890 574 1025 617 insuper
1042 573 1121 606 iuris
1139 573 1180 606 sit

243 616 365 641 ”mmm
441 639 664 672 quascumque
689 626 919 660 conventiones
945 627 984 659 de
1011 627 1109 659 rebus
1128 637 1178 659 ec-

440 681 630 715 clesiasticis
675 681 798 723 absque
840 679 1046 723 Apostolicae
1087 679 1178 712 Sedis

439 735 634 768 auctoritate
659 733 754 766 initas
779 733 900 766 nullius
934 743 1068 775 prorsus
1106 743 1178 765 esse

438 788 568 822 roboris
594 792 625 820 et
649 786 834 826 momenti;
862 785 1008 829 adeoque
1045 785 1179 819 minime

437 851 609 875 vereamur
635 839 714 884 quin
740 839 843 883 probe
868 838 1009 881 agnituri
1035 838 1104 871 sitis
1124 849 1178 872 vos

438 895 478 929 ad
491 895 621 928 illarum
640 893 882 927 observantiam
899 902 1104 935 nequaquam
1123 892 1180 925 ob-

438 948 578 991 stringi,
607 947 685 991 quin
711 947 807 980 etiam
833 956 887 979 eas
913 946 1181 986 obse1·vare‚re—

438 1002 598 1034 clamante
634 999 835 1033 conscientia
853 1025 860 1038 ,
900 999 992 1032 nullo
1032 1003 1180 1041 tempore

437 1065 546 1097 posse,
563 1064 624 1087 nec
649 1053 787 1086 debere:
805 1052 1018 1085 nihilominus
1041 1063 1180 1095 aequum

438 1117 503 1140 non
528 1106 624 1139 modo
649 1111 681 1138 et
709 1115 901 1147 congruum,
929 1104 987 1137 sed
1014 1109 1045 1137 et
1069 1114 1182 1137 neces-

439 1160 560 1192 sarium
587 1169 657 1191 esse
676 1158 823 1190 ducimus
841 1163 877 1190 ut
894 1157 1082 1200 praemissis
1105 1168 1182 1201 apo-

439 1212 546 1245 stolici
572 1221 702 1254 quoque
732 1210 844 1243 iudicii
873 1210 1002 1253 pondus
1030 1210 1179 1250 accedat,

440 1270 506 1297 tum
523 1270 558 1296 ut
572 1274 734 1307 nunquam
754 1263 894 1296 dubitari
913 1263 1082 1306 contingat
1095 1264 1181 1307 ipsas

438 1317 606 1361 pactiones
632 1316 834 1349 orthodoxae
852 1315 1004 1358 religioni
1027 1321 1058 1348 et
1075 1315 1182 1349 Eccle-

439 1371 505 1404 siae
529 1370 656 1402 iuribus
681 1374 745 1401 tam
760 1369 914 1407 infensas,
931 1368 1091 1411 simulque
1109 1368 1180 1401 orbi

438 1423 592 1457 universo
619 1428 682 1455 tam
707 1428 811 1462 notas,
839 1421 1031 1454 dissimulari
1051 1433 1068 1454 a
1085 1422 1180 1455 nobis

441 1481 537 1520 atque
563 1474 694 1509 silentio
720 1474 892 1518 praeteriri
918 1474 1062 1517 potuisse
1079 1501 1087 1515 ,
1114 1479 1182 1507 tuin

441 1530 538 1562 etiam
564 1534 600 1561 ut
623 1539 678 1561 vos
703 1528 840 1561 alacrius
867 1532 964 1570 atque
986 1527 1120 1560 solidius
1142 1528 1180 1560 de

440 1582 478 1615 iis
503 1582 546 1616 ita
572 1581 727 1625 deinceps
752 1591 887 1614 censere
913 1580 1046 1614 valeatis
1065 1607 1073 1620 ,
1101 1585 1181 1614 tarn-

440 1646 536 1679 quam
555 1634 580 1667 si
597 1634 785 1667 nullatenus
808 1633 906 1665 initae
925 1633 1073 1665 fuissent.
1099 1633 1181 1665 Hinc

441 1693 489 1722 est
513 1688 601 1731 quod
626 1697 683 1720 nos
700 1713 707 1726 ‚
734 1686 915 1719 catholicae
940 1685 1014 1718 fidei
1049 1696 1182 1718 conser-

440 1740 561 1774 vationi
587 1746 618 1773 et
642 1739 870 1783 propagationi
890 1765 896 1778 ‚
921 1748 981 1771 nec
1008 1749 1074 1771 non
1092 1749 1182 1781 prae-

440 1794 524 1826 fatae
541 1788 698 1826 ecclesiae
710 1791 932 1830 HMdesiensis,
945 1801 981 1823 ac
991 1791 1078 1823 illius
1092 1802 1183 1834 prae-

441 1847 531 1886 sulis,
560 1844 694 1888 capituli
722 1850 753 1877 et
770 1844 1014 1883 canonicorum,
1033 1844 1183 1877 aliarum-

439 1909 477 1932 ve
502 1897 711 1931 ecclesiarum
739 1902 769 1930 et
795 1898 941 1929 locorum
966 1897 1119 1939 piorum,
1146 1907 1182 1930 ac

441 1952 572 1986 illarum
599 1959 812 1994 personarum
839 1959 1118 1993 quarumcumque
1137 1949 1184 1982 in-

443 2003 628 2043 demnitati,
656 2014 693 2036 ex
719 2002 880 2035 commissi
907 2002 1002 2035 nobis
1029 2002 1182 2035 divinitus

441 2056 615 2100 pastoralis
642 2055 740 2089 officii
766 2055 895 2095 debito,
924 2055 1095 2098 providere
1121 2066 1178 2088 cu-

440 2109 578 2152 pientes,
602 2119 637 2140 ac
661 2108 956 2141 instrumentorum
972 2118 1029 2141 seu
1045 2107 1181 2151 scriptu-

442 2172 551 2194 rarum
576 2172 672 2204 super
695 2161 901 2204 pactionibus
922 2172 978 2194 seu
1002 2162 1183 2195 recessibus

444 2214 633 2247 huiusmodi
670 2214 891 2246 confectorum
929 2224 986 2246 seu
1023 2214 1185 2247 confecta-

446 2273 580 2304 marum,
606 2267 817 2309 omniumque
836 2272 863 2299 et
883 2267 1086 2309 singulorum
1105 2268 1183 2299 inibi

443 2325 677 2357 contentorum,
695 2325 726 2351 et
751 2320 886 2352 aliorum
905 2329 1183 2362 quorumcumque

444 2371 540 2404 etiam
566 2370 748 2413 specificam
774 2376 805 2402 et
822 2371 1021 2403 individuam
1047 2370 1206 2412 mentio-¹

445 2435 516 2456 nem
542 2430 573 2456 et
596 2423 842 2466 expressionem
870 2424 908 2455 de
928 2423 1120 2456 necessitate
1140 2433 1185 2455 re-
1204 2416 1206 2463 ξ

446 2476 657 2520 quii-entium,
684 2481 813 2508 tenores
840 2481 871 2507 et
896 2475 984 2507 datas
1013 2474 1109 2508 etiam
1134 2486 1186 2507 ve-

445 2530 558 2569 riores,
576 2534 750 2572 ceteraque
766 2529 927 2572 quaelibet
940 2529 1034 2561 etiam
1050 2528 1184 2571 speciali

444 2584 607 2618 mentione
642 2583 737 2626 digna
756 2611 762 2625 ,
782 2582 1012 2627 praesentibus
1034 2592 1093 2626 pro
1116 2583 1186 2626 ple-

1226 206 1379 231 stomun

1221 266 1261 289 ne
1277 261 1307 289 et
1333 255 1533 289 sufficienter
1559 254 1722 299 expressis
1747 265 1781 288 ac
1807 255 1846 288 de
1860 255 1959 289 verbo

1221 308 1259 341 ad
1286 308 1419 342 verbum
1445 308 1575 342 insertis
1599 313 1631 341 et
1655 307 1858 342 exactissime
1887 318 1961 351 spe-

1222 360 1354 395 cilicatis
1380 362 1552 402 habentes,
1580 366 1669 394 motu
1693 360 1836 404 proprio,
1863 371 1898 393 ac
1923 372 1958 393 ex

1222 415 1311 446 certa
1335 413 1468 447 scientia
1498 419 1530 447 et
1565 415 1689 446 matura
1725 413 1960 447 deliberatione

1221 465 1348 506 nostris,
1363 467 1467 510 deque
1486 466 1688 509 apostolicae
1707 465 1876 508 potestatis
1892 466 1961 509 ple·

1222 519 1370 552 nitudine
1384 547 1391 559 ‚
1417 524 1644 563 praenarratas
1669 519 1835 562 pactiones
1851 523 1883 552 et
1899 518 1962 552 alia

1223 573 1389 615 quaelibet
1413 573 1444 606 in
1471 572 1694 606 instrumentis
1720 582 1777 605 seu
1792 571 1961 614 scripturis

1222 625 1405 658 huiusmodi
1431 631 1593 664 contenta,
1621 635 1703 668 quae
1728 624 1909 657 catholicae
1927 624 1962 656 fi-

1223 677 1273 710 dei
1295 705 1302 718 ,
1330 678 1438 711 divino
1464 678 1587 718 cultui,
1623 678 1804 710 animarum
1837 677 1958 719 saluti,

1222 731 1401 764 cathedrali
1427 730 1621 764 Hildesiensi
1649 731 1798 774 illiusque
1831 741 1961 765 mensae

1223 785 1397 828 episcopali
1423 790 1454 818 et
1479 785 1661 829 capitulari,
1682 785 1794 818 aliisve
1813 785 1962 820 ecclesiis

1223 843 1254 871 et
1278 838 1359 872 locis
1384 839 1467 882 piis,
1492 839 1687 883 illarumque
1718 839 1897 883 respective
1930 850 1962 873 e-

1222 892 1357 935 piscopo
1378 919 1385 932 ‚
1414 892 1555 935 capitulo
1582 897 1613 925 et
1637 892 1823 934 canonicis,
1859 898 1963 926 recto-

1223 944 1311 976 ribus
1337 949 1368 977 et
1392 944 1464 977 aliis
1485 944 1652 987 personis,
1671 945 1833 985 membris,
1853 945 1961 985 rebus,

1223 997 1315 1030 bonis
1332 1024 1339 1036 ‚
1366 997 1545 1030 redditibus
1560 1025 1567 1038 ,
1596 997 1839 1031 auetoritatibus
1857 1025 1865 1039 ,
1904 999 1963 1032 im-

1223 1051 1435 1083 munitatibus
1451 1076 1457 1090 ,
1490 1050 1696 1083 libertatibus
1715 1078 1721 1091 ,
1760 1050 1936 1094 privilegiis
1955 1079 1962 1091 ‚

1223 1103 1458 1146 praerogativis
1484 1109 1514 1136 et
1541 1103 1664 1136 iuribus
1702 1103 1964 1147 quibuscumque

1225 1156 1473 1199 quomodolibet
1498 1156 1663 1196 officiunt,
1697 1156 1763 1189 sive
1801 1156 1965 1199 praeiudi-

1224 1209 1308 1241 cium
1333 1208 1431 1242 etiam
1457 1209 1626 1241 minimum
1653 1208 1816 1249 afferunt,
1844 1215 1898 1242 aut
1921 1209 1965 1242 in-

1224 1262 1307 1295 ferre
1333 1272 1389 1294 seu
1416 1261 1561 1295 intulisse
1587 1263 1634 1294 vel
1661 1262 1739 1295 alias
1754 1272 1872 1295 nocere
1886 1261 1963 1296 seu·

1224 1314 1372 1346 nocuisse
1391 1314 1622 1357 quoquomodo
1637 1314 1708 1354 dici,
1721 1315 1857 1355 censeri,
1872 1325 1966 1358 prae-

1225 1366 1313 1399 tendi
1332 1367 1379 1399 vel
1399 1366 1537 1410 intelligi
1556 1372 1702 1410 possent,
1721 1377 1792 1400 cum
1813 1367 1964 1401 omnibus

1225 1425 1257 1452 et
1281 1419 1417 1462 singulis
1444 1419 1520 1452 inde
1546 1420 1664 1452 secutis
1692 1425 1722 1453 et
1748 1420 1965 1463 quandocum-

1224 1484 1285 1516 que
1311 1473 1488 1511 secuturis‚
1518 1472 1589 1516 ipso
1615 1472 1687 1506 iure
1714 1473 1826 1513 nulla,
1853 1473 1962 1515 irrita,

1224 1527 1383 1566 invalida,
1412 1526 1534 1570 iniqua,
1560 1526 1691 1567 iniusta,
1718 1526 1886 1568 damnata,
1914 1537 1965 1561 re-

1224 1581 1361 1622 probata
1381 1607 1388 1620 ,
1416 1579 1545 1619 inania,
1571 1579 1759 1623 viribusque
1785 1585 1818 1613 et
1850 1579 1965 1614 effectu

1224 1632 1352 1675 penitus
1377 1639 1408 1665 et
1433 1632 1566 1665 omnino
1593 1643 1691 1666 vacua
1716 1634 1756 1666 ab
1781 1633 1854 1676 ipso
1872 1634 1966 1667 initio

1224 1686 1323 1718 fuisse
1351 1692 1380 1719 et
1406 1696 1475 1718 esse
1502 1696 1537 1718 ac
1558 1693 1716 1729 perpetuo
1733 1687 1814 1728 tore,
1835 1698 1895 1720 nec
1912 1698 1966 1720 vos

1225 1739 1291 1771 sive
1317 1738 1416 1771 alium
1449 1739 1635 1782 quempiam
1674 1739 1711 1771 ad
1746 1740 1874 1772 illorum
1910 1750 1964 1773 scu

1225 1791 1399 1824 cuiuslibet
1424 1801 1556 1830 eorum,
1584 1791 1706 1824 etiamsi
1733 1791 1854 1835 pluries
1892 1793 1967 1825 rati-

1224 1843 1318 1876 ficata
1344 1854 1379 1876 ac
1406 1844 1588 1877 iuramento
1614 1844 1731 1877 vallata
1756 1844 1831 1885 sint,
1854 1845 1966 1878 obser-

1226 1897 1366 1930 vantiam
1393 1896 1493 1930 teneri
1515 1908 1521 1937 ;
1549 1896 1613 1930 imo
1639 1907 1698 1930 nec
1723 1897 1778 1930 illa
1804 1898 1966 1931 ullatenus

1227 1950 1399 1983 observare
1424 1960 1521 1993 posse
1548 1955 1603 1982 aut
1629 1950 1748 1983 debere
1770 1961 1777 1990 ;
1804 1960 1910 1994 neque
1928 1961 1964 1983 ex

1226 2002 1290 2036 illis
1316 2002 1465 2046 cuiquam
1491 2001 1624 2046 aliquod
1649 2002 1696 2035 ius
1722 2003 1771 2036 vel
1808 2004 1966 2037 actionem

1226 2062 1280 2088 aut
1307 2056 1435 2089 titulum
1461 2055 1556 2089 etiam
1583 2056 1772 2097 coloratum,
1798 2057 1846 2090 vel
1865 2056 1967 2100 possi-

1227 2109 1324 2142 dendi
1351 2119 1387 2142 ac
1411 2108 1661 2152 praescribendi
1688 2119 1817 2142 causam
1850 2109 1963 2152 acqui·

1226 2161 1323 2194 situm
1340 2160 1350 2177 ⁹
1379 2161 1473 2194 fuisse
1506 2172 1565 2194 nec
1590 2172 1680 2201 esse,
1707 2161 1876 2205 minusque
1901 2162 1966 2195 ullo

1227 2220 1373 2257 tempore
1400 2214 1523 2257 acquiri
1561 2220 1593 2247 et
1626 2219 1813 2256 competere
1845 2224 1941 2257 posse
1960 2241 1967 2254 ‚

1226 2277 1333 2310 neque
1361 2267 1414 2299 illa
1438 2267 1540 2299 ullum
1566 2272 1681 2299 statum
1708 2266 1812 2299 facere
1838 2267 1886 2299 vel
1922 2267 1968 2300 fe-

1227 2319 1329 2358 eisse;
1357 2320 1424 2358 sed,
1444 2319 1580 2361 perinde
1600 2329 1635 2351 ac
1652 2319 1678 2351 si
1697 2329 1863 2362 nunquam
1883 2329 1968 2353 ema-

1227 2376 1360 2403 nassent
1386 2382 1445 2404 nec
1472 2371 1552 2404 sacta
1577 2371 1724 2411 fuissent,
1751 2381 1809 2415 pro
1835 2382 1900 2405 non
1919 2382 1967 2405 ex·

1228 2423 1371 2455 tentibus
1405 2429 1435 2455 et.
1465 2433 1527 2455 non
1561 2423 1638 2455 actis
1664 2429 1824 2466 perpetuo
1850 2424 1966 2458 haberi

1230 2475 1360 2515 debere,
1377 2481 1487 2509 tenore
1513 2476 1734 2518 praesentium
1762 2476 1967 2510 decernimus

1266 2547 1275 2572 1
1299 2544 1369 2572 Edit.
1391 2545 1470 2572 Main.
1492 2546 1557 2580 legit
1576 2554 1604 2572 se
1625 2554 1672 2581 pro
1692 2554 1741 2574 seu
1759 2548 1798 2579 (it.
1819 2548 1868 2581 τ.).

1265 2592 1279 2618 2
1301 2590 1374 2618 Adde
1396 2590 1434 2618 vel
1455 2591 1627 2626 acquisitam
1650 2593 1689 2627 (a⁴
1710 2592 1756 2625 T·).

1970 206 2017 232 An.
2038 206 2064 232 C.
2085 206 2150 233 1712
