2269 3203
864 224 1076 250 INNOCENTIUS
1103 225 1160 249 xm
1185 225 1233 249 PP.

1695 217 1759 251 9027
1806 227 1855 253 Λη.
1874 225 1901 252 c.
1925 225 1990 254 1722

311 274 459 319 sunerali
480 279 510 309 et
533 275 682 319 inpressu
698 274 916 320 parochorum
939 285 1012 306 cum
1057 275 1179 305 vandam
1202 283 1266 305 esse
1288 274 1529 305 consuetudinem
1546 274 1644 305 favore
1659 276 1799 315 parocho-

72 229 124 256 An.
141 227 170 256 C.
196 227 263 254 1722

310 329 393 362 stolci
409 333 437 362 el
454 339 545 362 cruce
561 329 592 362 in
606 329 754 362 ecclesias
768 329 975 372 reqularz'um
988 327 1008 360 ¹.

443 418 640 445 Innocentius
661 418 740 451 Papa
757 417 840 449 XIII,

409 464 445 489 ad
465 463 599 489 futuram
619 462 665 489 rei
685 461 868 488 memoriam.

169 551 256 571 Dec-wia·
311 541 583 585 §1.Emanarunt
599 550 703 583 nuper
718 551 734 572 a
748 538 1011 582 Congregatione

72 578 181 604 pra-dicia
201 584 256 604 quae

72 605 129 625 oum
149 604 205 624 nmo
220 610 256 624 au·
267 595 506 628 venerabilium
531 594 666 626 fratrum
691 598 878 626 nostrorum
894 592 1009 625 S.R.E.

71 637 103 651 ms
131 636 210 651 XDCCXX
236 633 256 650 ΘΙ

71 662 206 682 unccxurro
219 662 255 682 pa·
267 648 483 681 cardinalium
501 647 642 690 negotiis
667 652 697 679 et
714 645 1011 679 consultationibus

71 685 142 741 ι’ξὲἷῗὲἷ,
164 686 498 744 uissss'ssssssepiseoporum
532 705 562 732 et
594 699 796 742 regularium
821 698 1011 742 praeposita

71 736 398 810 {fiifafggizffiegffdecreta
423 752 543 786 tenoris
569 752 624 795 qui
649 752 806 795 sequitur,
832 751 1008 784 videlicet:

304 825 437 854 Pan-mens
469 825 613 862 funerum.
647 822 690 852 Ab
723 822 948 852 immemorabili
979 823 1009 852 in

265 874 347 904 dicta,
368 873 485 903 civitate
522 872 600 910 viget
636 871 818 901 consuetudo
854 871 984 901 stabilita
1000 895 1007 909 ,

266 923 355 952 etiam
391 931 424 951 ex
463 920 726 951 constitutionibus
763 920 894 959 plurium
927 919 1010 950 Sum-

265 979 382 1001 morum
405 969 601 1005 Pontificum,
630 969 782 1007 signanter
810 972 928 998 sanctae
951 977 1010 997 nie-

266 1019 376 1049 moriae
402 1018 468 1047 Iulii
495 1017 520 1047 11
542 1026 575 1047 ac
598 1016 755 1047 Clementis
770 1016 832 1046 VIII
847 1041 854 1054 ‚
883 1021 910 1046 et
933 1025 1010 1046 com-

266 1067 386 1107 probata
410 1076 461 1107 per
482 1066 707 1096 constitutiones
729 1065 895 1104 synodales,
912 1069 940 1095 et
963 1074 1009 1094 ca-

266 1116 401 1145 nonizata
435 1115 464 1145 in
499 1114 727 1144 contradictorio
758 1114 867 1144 iudicio
896 1123 929 1144 ac
959 1123 1011 1153 per

267 1164 346 1194 varia
379 1164 494 1193 decreta
528 1163 615 1193 huius
647 1172 747 1193 sacrae
770 1162 1010 1201 Congregationis

266 1212 301 1242 de
334 1212 420 1242 annis
441 1220 570 1241 MDCLXXI
593 1216 621 1241 et
652 1219 810 1249 ›inctxxffi
835 1220 892 1240 non
916 1211 1011 1240 solum

266 1261 343 1300 quod
365 1261 518 1290 occasione
541 1261 676 1290 funerum
700 1260 884 1298 regularibus
900 1264 1012 1298 pateret

265 1310 416 1348 ingressus
439 1318 505 1338 cum
528 1309 603 1338 stola
630 1313 658 1338 et
690 1317 778 1338 cruce
809 1309 839 1337 iu
872 1308 1011 1339 ecclesias

266 1357 472 1391 saecularium,
489 1356 599 1395 absque
615 1361 713 1386 tamen
735 1357 834 1395 aliquo
857 1357 1009 1394 exercitio,

265 1410 294 1436 et
315 1405 394 1436 idem
417 1405 630 1444 practicaretur
652 1414 667 1434 a
690 1405 827 1443 parochis
858 1405 936 1434 intra
965 1414 1012 1435 ec-

266 1454 369 1485 elesias
391 1453 583 1492 regularium,
608 1453 658 1483 sed
680 1453 768 1483 etiam
799 1454 876 1492 quod
909 1462 1011 1483 omnes

266 1502 391 1542 praefati
413 1502 565 1540 regulares
588 1501 801 1541 persolverent,
826 1506 912 1541 prout
935 1511 1012 1531 scm-

267 1560 319 1590 per
343 1550 560 1590 persolverunt,
577 1555 713 1589 quartam
729 1550 838 1580 eisdem
862 1551 1010 1589 parochis.

267 1598 339 1634 Quia
362 1608 430 1629 vero
452 1602 550 1638 patres
572 1598 601 1628 S.
619 1599 767 1628 Francisci
784 1599 940 1628 strictioris
963 1599 1012 1628 ob-

268 1647 433 1679 servantiae
455 1656 548 1686 nuper
563 1647 648 1676 acciti
665 1648 700 1676 ad
716 1647 823 1677 dictam
847 1647 1009 1685 civitatem,

268 1701 421 1736 postquam
445 1696 502 1725 iam
527 1696 626 1725 itidem
649 1696 704 1735 ipsi
727 1701 951 1735 acceptaverunt
970 1696 1011 1725 di-

267 1750 329 1775 ctas
364 1744 527 1774 laudabiles
562 1745 809 1782 consuetudines,
846 1750 1011 1775 renuerunt

267 1794 420 1824 admittere
444 1793 585 1832 parochos
607 1793 642 1822 ad
666 1794 832 1831 ingressum
856 1794 885 1823 in
908 1803 1011 1823 eorum

268 1843 407 1872 ecclesias
423 1851 489 1872 cum
509 1842 581 1871 stola
604 1846 633 1871 et
648 1851 734 1871 cruce
757 1842 911 1872 occasione
933 1851 1012 1872 asso-

268 1891 364 1920 ciandi
381 1890 533 1927 cadavera,
550 1894 579 1919 et
600 1890 736 1920 similiter
751 1891 860 1920 eisdem
877 1895 1012 1930 quartam

269 1939 459 1977 persolvere3
483 1937 583 1968 habito
611 1938 717 1968 deinde
740 1939 866 1977 desuper
889 1948 904 1968 a
928 1939 1012 1968 colle-

267 1988 315 2025 gio
338 1987 531 2026 parochorum
555 1987 647 2026 ipsius
680 1986 808 2016 civitatis
830 1996 953 2016 recursu
976 1987 1012 2016 ad

268 2036 344 2065 banc
380 2044 493 2065 sacram
525 2035 786 2073 Congregationem
822 2035 947 2073 negotiis
985 2040 1013 2065 et

269 2083 534 2114 consultationibus
556 2084 759 2123 episcoporum
782 2087 810 2114 et
832 2084 1011 2122 regularium

268 2133 476 2172 praepositam,
500 2132 599 2162 eadem
623 2142 704 2162 sacra
732 2132 934 2171 congregatio,
951 2134 1012 2163 visa

269 2181 412 2211 relatione
444 2181 574 2220 episcopi
604 2181 781 2219 Parmensis,
806 2181 937 2220 partibus
962 2191 1013 2211 au-

270 2229 340 2259 ditis
369 2233 397 2259 et
429 2229 668 2266 informantibus,
692 2229 727 2258 ad
750 2230 923 2260 relationem
947 2239 1014 2261 san-

271 2278 393 2308 ctissimi
415 2277 525 2308 domini
555 2277 648 2307 nostri
670 2278 834 2308 innocentii
859 2278 922 2308 XIII
944 2283 1013 2309 tunc

271 2335 375 2356 causae
408 2326 554 2365 ponentis,
583 2327 696 2356 censuit
728 2330 756 2356 et
788 2327 928 2365 decrevit,
953 2337 1015 2357 ser-

308 2438 318 2463 1
342 2436 379 2463 De
399 2436 534 2464 delatione
554 2437 718 2465 cadaverum
743 2438 775 2464 ad
793 2438 919 2465 ecclesias
939 2447 1015 2472 regu·

271 2481 368 2508 larium
384 2481 443 2506 vide
459 2481 503 2507 hic
521 2482 654 2514 laudatas,
671 2486 696 2509 et
712 2482 859 2509 innocentii
877 2483 906 2509 XI
927 2487 1013 2509 const.

273 2525 337 2552 edit.
358 2531 502 2558 arnezxxvx,
524 2525 567 2552 die
587 2526 603 2552 2
623 2526 785 2557 decembris,
807 2527 902 2561 pontif.
933 2533 960 2557 1;
982 2527 1015 2553 de

273 2570 371 2604 quarta
391 2576 454 2595 vero
474 2568 592 2596 funerati
616 2569 674 2597 vide
694 2570 831 2597 Benedicti
847 2570 905 2598 XIII
926 2574 1013 2598 const.

273 2612 336 2641 edit.
355 2619 488 2649 uncum,
509 2612 552 2641 die
571 2613 605 2641 28
625 2614 726 2651 aprilis,
746 2614 842 2650 pontif.
863 2620 881 2643 1.

1057 333 1121 353 rum
1144 324 1173 353 in
1193 323 1340 360 omnibus,
1357 323 1410 354 sub
1426 324 1471 354 die
1487 333 1535 354 xxr
1552 324 1649 353 martii
1665 333 1795 354 unccxx:

1056 382 1113 403 non
1136 374 1392 413 acquiescentibus
1408 373 1539 413 partibus
1554 374 1728 403 adversariis
1744 374 1797 403 hu-

1056 422 1181 451 iusmodi
1214 422 1398 457 resolutioni,
1431 422 1614 461 reproposita
1646 422 1734 451 causa
1764 421 1799 451 ab

1056 470 1288 499 eminentissimo
1312 470 1408 500 Priolo
1441 470 1470 499 in
1502 470 1597 499 locum
1630 469 1799 500 Sanctitatis

1055 517 1128 548 Suae
1160 518 1190 547 in
1224 522 1381 557 ponentem
1412 518 1544 554 suffecto,
1568 518 1692 556 ipsamet
1715 527 1798 548 sacra

1055 567 1248 605 Congregatio
1277 567 1358 597 stetit
1387 567 1416 596 in
1448 567 1554 597 decisis
1576 566 1629 596 sub
1652 566 1732 596 dicta
1754 567 1800 596 die

1056 624 1102 645 xxl
1119 615 1216 644 martii
1231 623 1361 645 iioccxx.
1379 631 1418 636 —
1433 615 1553 650 Romae,
1570 623 1617 644 xiv
1633 614 1800 644 novembris

1054 673 1194 694 unccxx1.
1213 683 1247 686 —
1271 664 1302 694 F.
1321 664 1400 694 card.
1418 664 1596 694 mutunus.
1615 682 1649 686 —
1666 663 1687 694 1.
1706 664 1801 694 archi-

1055 714 1211 753 episcopus
1233 714 1441 752 Damascenus,
1466 713 1653 743 secretarius.

1098 771 1112 814 ξ
1133 771 1163 804 ΕΞ.
1192 771 1270 805 Cum
1298 778 1414 810 autem,
1435 771 1518 803 sicut
1539 770 1650 804 dilecti
1672 770 1728 803 filii
1746 781 1800 813 pa·
1859 787 1994 808 1:0,.f.f„,2110

1054 825 1146 857 roclii
1164 824 1267 857 dictae
1285 824 1424 857 civitatis
1438 824 1534 856 nobis
1553 834 1659 866 nuper
1677 815 1922 866 exponissss'effss'sfflff
1957 817 1995 836 ‘¹⁰‘

1055 878 1210 916 fecerunt,
1237 876 1301 920 ipsi
1338 877 1471 909 decreta
1507 876 1707 916 huiusmodi,
1733 887 1799 919 quo

1054 930 1178 963 firmius
1198 930 1387 966 subsistant,
1408 929 1608 971 apostolicae
1627 928 1802 962 confirma·

1055 983 1153 1015 tionis
1178 988 1311 1015 nostrae
1336 982 1457 1014 robore
1483 981 1679 1014 communiri
1706 992 1799 1014 sum-

1054 1045 1189 1078 mopere
1207 1035 1416 1067 desiderent:
1435 1045 1506 1074 nos,
1526 1034 1705 1077 specialem
1720 1033 1802 1077 ipsis

1054 1087 1302 1131 exponentibus
1327 1087 1464 1130 gratiam
1498 1087 1606 1120 facere
1638 1088 1798 1126 volentes,

1055 1146 1088 1174 et
1112 1151 1225 1174 eorum
1251 1142 1435 1183 singulares
1452 1151 1610 1184 personas
1634 1151 1651 1172 a
1669 1140 1802 1183 quibus-

1054 1195 1100 1226 vis
1126 1193 1483 1233 excommunicationis,
1519 1193 1745 1236 suspensionis
1771 1198 1804 1225 et

1055 1247 1230 1287 interdicti,
1257 1247 1396 1290 aliisque
1422 1246 1656 1279 ecclesiasticis
1677 1251 1803 1278 senten-

1056 1301 1116 1340 tiis,
1143 1300 1292 1333 censuris
1329 1306 1360 1332 et
1396 1300 1522 1343 poenis,
1549 1310 1565 1332 a
1592 1300 1662 1332 iure
1688 1300 1739 1332 vel
1761 1300 1801 1332 ab

1056 1353 1205 1393 homine,
1232 1353 1343 1396 quavis
1371 1353 1543 1386 occasione
1564 1354 1614 1386 vel
1646 1354 1743 1385 causa
1763 1353 1803 1385 la-

1055 1406 1108 1445 tis,
1134 1406 1161 1438 si
1187 1405 1306 1448 quibus
1337 1405 1590 1448 quomodolibet
1625 1405 1803 1438 innodatae

1055 1459 1209 1498 existunt,
1227 1458 1267 1491 ad
1288 1457 1441 1491 effectum
1466 1458 1690 1501 praesentium
1717 1459 1803 1491 dum·

1054 1517 1140 1545 taxat
1165 1512 1446 1555 consequendum,
1478 1512 1593 1544 harum
1627 1511 1713 1544 serie
1747 1511 1803 1544 ab-

1054 1566 1220 1598 solventes
1245 1571 1278 1597 et
1310 1565 1476 1598 absolutas
1512 1566 1582 1597 sore
1618 1570 1801 1602 censentes,

1054 1618 1349 1661 supplicationibus
1387 1628 1501 1650 eorum
1539 1617 1673 1650 nomine
1707 1617 1802 1650 nobis

1055 1682 1152 1714 super
1178 1672 1240 1704 hoc
1265 1671 1433 1704 humiliter
1456 1671 1617 1714 porrectis
1643 1670 1802 1710 inclinati,

1054 1725 1186 1758 decreta
1207 1725 1424 1767 praeinserta‚
1445 1723 1635 1756 auctoritate
1650 1724 1805 1766 apostoli-

1055 1780 1101 1818 ca,
1131 1783 1246 1810 tenore
1268 1776 1748 1820 praesentium,confirmamus
1772 1782 1804 1809 et

1055 1831 1288 1874 approbamus,
1307 1830 1438 1873 illisque
1457 1829 1657 1862 inviolabilis
1675 1834 1804 1873 aposto-

1054 1884 1137 1917 licae
1171 1883 1334 1916 firmitatis
1368 1883 1468 1916 robur
1493 1883 1687 1922 adiicimus;
1715 1883 1804 1915 salva

1056 1942 1164 1969 tamen
1189 1946 1320 1978 semper
1340 1936 1373 1968 in
1398 1935 1586 1978 praemissis
1605 1935 1801 1968 auctoritate

1054 1988 1324 2031 Congregationis
1350 1988 1543 2021 eorumdem
1573 1987 1799 2021 cardinalium.

1099 2042 1113 2085 ξ
1139 2042 1169 2075 3.
1198 2042 1434 2081 Decernentes‚
1462 2042 1592 2074 easdem
1620 2047 1681 2074 etc.
1698 2041 1720 2074 ¹.
1838 2060 1962 2080 Clausum,

1099 2095 1160 2138 §le
1186 2094 1256 2127 Non
1281 2094 1486 2127 obstantibus
1510 2094 1800 2127 constitutionibus
1834 2113 1996 2134 mmmmm

1056 2155 1088 2181 et
1112 2148 1373 2182 ordinationibus
1395 2148 1595 2191 apostolicis,
1612 2148 1800 2191 ceterisque
1811 2140 1932 2167 ⁶⁹¹⁰⁸³²¹⁰·

1056 2201 1229 2234 contrariis
1255 2201 1526 2244 quibuscumque.

1100 2254 1214 2286 Datum
1235 2253 1371 2292 Romae,
1399 2254 1484 2296 apud
1507 2253 1538 2286 S.
1557 2253 1690 2286 Mariam
1708 2253 1802 2287 Maio-

1057 2317 1136 2345 rem,
1147 2307 1207 2338 sub
1222 2307 1342 2338 annulo
1353 2306 1540 2345 piscatoris,
1555 2305 1605 2339 die
1619 2317 1692 2340 xxlv
1707 2317 1802 2349 augu-

1058 2360 1096 2392 sti
1115 2369 1277 2398 unccxxn,
1302 2359 1513 2402 pontificatus
1537 2360 1642 2392 nostri
1661 2370 1745 2394 anno
1764 2370 1798 2393 ιι.

1094 2421 1152 2448 Dat.
1174 2421 1217 2447 die
1237 2421 1272 2447 24
1292 2420 1399 2456 augusti
1422 2420 1499 2454 1722,
1521 2421 1616 2456 pontif.
1639 2429 1708 2448 anno
1729 2427 1756 2448 11.

1093 2529 1104 2554 1
1128 2527 1242 2563 Reliqua
1263 2530 1290 2554 ut
1310 2535 1372 2562 pag.
1395 2526 1447 2554 920·
1468 2527 1483 2553 b
1502 2528 1543 2561 (a.
1559 2527 1608 2561 r.).
