<?xml version="1.0" encoding="UTF-8"?>
<!DOCTYPE html PUBLIC "-//W3C//DTD XHTML 1.0 Transitional//EN"
    "http://www.w3.org/TR/xhtml1/DTD/xhtml1-transitional.dtd">
<html xmlns="http://www.w3.org/1999/xhtml" xml:lang="en" lang="en">
 <head>
  <title>
</title>
<meta http-equiv="Content-Type" content="text/html;charset=utf-8" />
  <meta name='ocr-system' content='tesseract 3.04.00' />
  <meta name='ocr-capabilities' content='ocr_page ocr_carea ocr_par ocr_line ocrx_word'/>
</head>
<body>
  <div class='ocr_page' id='page_1' title='image "./bullarumdiplomat21cath_1048.png"; bbox 0 0 2269 3203; ppageno 0'>
   <div class='ocr_carea' id='block_1_1' title="bbox 280 225 577 266">
    <p class='ocr_par' dir='ltr' id='par_1_1' title="bbox 280 225 577 266">
     <span class='ocr_line' id='line_1_1' title="bbox 280 225 577 266; baseline -0.024 0"><span class='ocrx_word' id='word_1_1' title='bbox 280 237 330 266; x_wconf 70' lang='lat' dir='ltr'>An.</span> <span class='ocrx_word' id='word_1_2' title='bbox 350 235 377 263; x_wconf 91' lang='lat' dir='ltr'>c.</span> <span class='ocrx_word' id='word_1_3' title='bbox 401 235 468 262; x_wconf 65' lang='lat'>1722</span> <span class='ocrx_word' id='word_1_4' title='bbox 512 225 577 260; x_wconf 80' lang='grc'>918</span> 
     </span>
    </p>
   </div>
   <div class='ocr_carea' id='block_1_2' title="bbox 619 284 1076 356">
    <p class='ocr_par' dir='ltr' id='par_1_2' title="bbox 619 284 1076 356">
     <span class='ocr_line' id='line_1_2' title="bbox 644 284 1042 319; baseline 0.005 -9"><span class='ocrx_word' id='word_1_5' title='bbox 644 284 844 312; x_wconf 79' lang='lat' dir='ltr'><strong>Innocentius</strong></span> <span class='ocrx_word' id='word_1_6' title='bbox 866 285 945 319; x_wconf 83' lang='lat' dir='ltr'>Papa</span> <span class='ocrx_word' id='word_1_7' title='bbox 965 285 1042 317; x_wconf 83' lang='lat' dir='ltr'>XIII,</span> 
     </span>
     <span class='ocr_line' id='line_1_3' title="bbox 619 328 1076 356; baseline 0.002 -2"><span class='ocrx_word' id='word_1_8' title='bbox 619 328 655 354; x_wconf 87' lang='lat' dir='ltr'>ad</span> <span class='ocrx_word' id='word_1_9' title='bbox 675 329 809 355; x_wconf 83' lang='lat' dir='ltr'>futuram</span> <span class='ocrx_word' id='word_1_10' title='bbox 829 330 873 356; x_wconf 87' lang='lat' dir='ltr'>rei</span> <span class='ocrx_word' id='word_1_11' title='bbox 894 330 1076 356; x_wconf 85' lang='lat' dir='ltr'>memoriam.</span> 
     </span>
    </p>
   </div>
   <div class='ocr_carea' id='block_1_3' title="bbox 278 389 1215 457">
    <p class='ocr_par' dir='ltr' id='par_1_3' title="bbox 278 389 1215 457">
     <span class='ocr_line' id='line_1_4' title="bbox 292 389 1215 451; baseline -0.001 -28"><span class='ocrx_word' id='word_1_12' title='bbox 292 432 296 451; x_wconf 53' lang='grc'>1</span> <span class='ocrx_word' id='word_1_13' title='bbox 319 404 400 450; x_wconf 36' lang='lat' dir='ltr'>caueae</span> <span class='ocrx_word' id='word_1_14' title='bbox 421 407 462 421; x_wconf 62' lang='lat' dir='ltr'>nm-</span> <span class='ocrx_word' id='word_1_15' title='bbox 517 390 531 432; x_wconf 53' lang='grc' dir='ltr'><strong>ᾗ</strong></span> <span class='ocrx_word' id='word_1_16' title='bbox 549 389 578 421; x_wconf 80' lang='lat' dir='ltr'>l.</span> <span class='ocrx_word' id='word_1_17' title='bbox 600 390 720 433; x_wconf 58' lang='lat' dir='ltr'>Evponi</span> <span class='ocrx_word' id='word_1_18' title='bbox 741 391 835 423; x_wconf 90' lang='lat' dir='ltr'>nobis</span> <span class='ocrx_word' id='word_1_19' title='bbox 854 401 959 433; x_wconf 85' lang='lat' dir='ltr'>nuper</span> <span class='ocrx_word' id='word_1_20' title='bbox 974 391 1117 423; x_wconf 85' lang='lat' dir='ltr'>fecerunt</span> <span class='ocrx_word' id='word_1_21' title='bbox 1136 391 1215 423; x_wconf 89' lang='lat' dir='ltr'>dile-</span> 
     </span>
     <span class='ocr_line' id='line_1_5' title="bbox 278 435 452 457; baseline -0.017 -6"><span class='ocrx_word' id='word_1_22' title='bbox 278 437 289 457; x_wconf 65' lang='grc' dir='ltr'>ρ</span> <span class='ocrx_word' id='word_1_23' title='bbox 301 437 333 451; x_wconf 65' lang='lat' dir='ltr'>&#39;an</span> <span class='ocrx_word' id='word_1_24' title='bbox 353 437 356 449; x_wconf 99' lang='grc' dir='ltr'>Ι</span> <span class='ocrx_word' id='word_1_25' title='bbox 392 435 452 449; x_wconf 74' lang='grc' dir='ltr'>ΓΙΠΙΙῊΙ</span> 
     </span>
    </p>
   </div>
   <div class='ocr_carea' id='block_1_4' title="bbox 278 439 1215 2661">
    <p class='ocr_par' dir='ltr' id='par_1_4' title="bbox 278 439 1215 1862">
     <span class='ocr_line' id='line_1_6' title="bbox 279 439 1215 486; baseline 0 -11"><span class='ocrx_word' id='word_1_26' title='bbox 279 464 322 478; x_wconf 59' lang='lat' dir='ltr'>mm</span> <span class='ocrx_word' id='word_1_27' title='bbox 352 439 462 476; x_wconf 50' lang='lat' dir='ltr'>auam-mi</span> <span class='ocrx_word' id='word_1_28' title='bbox 475 442 514 474; x_wconf 89' lang='lat' dir='ltr'>cti</span> <span class='ocrx_word' id='word_1_29' title='bbox 532 442 603 475; x_wconf 83' lang='lat' dir='ltr'>{iliis</span> <span class='ocrx_word' id='word_1_30' title='bbox 621 443 733 475; x_wconf 82' lang='lat' dir='ltr'>fratres</span> <span class='ocrx_word' id='word_1_31' title='bbox 748 443 895 485; x_wconf 74' lang='lat' dir='ltr'>graduati</span> <span class='ocrx_word' id='word_1_32' title='bbox 913 444 1099 486; x_wconf 84' lang='lat' dir='ltr'>provinciae</span> <span class='ocrx_word' id='word_1_33' title='bbox 1114 444 1215 486; x_wconf 82' lang='lat' dir='ltr'>Apru-</span> 
     </span>
     <span class='ocr_line' id='line_1_7' title="bbox 278 484 1214 538; baseline 0.002 -12"><span class='ocrx_word' id='word_1_34' title='bbox 278 484 305 504; x_wconf 51' lang='grc' dir='ltr'>ω</span> <span class='ocrx_word' id='word_1_35' title='bbox 321 484 448 510; x_wconf 54' lang='lat'>³¹¹⁵“&#39;¹⁰‘¹&#39;”&#39;</span> <span class='ocrx_word' id='word_1_36' title='bbox 475 495 559 527; x_wconf 88' lang='lat' dir='ltr'>tinae</span> <span class='ocrx_word' id='word_1_37' title='bbox 585 494 711 527; x_wconf 90' lang='lat' dir='ltr'>Ordinis</span> <span class='ocrx_word' id='word_1_38' title='bbox 731 495 999 533; x_wconf 69' lang='lat' dir='ltr'>Praedicatonim,</span> <span class='ocrx_word' id='word_1_39' title='bbox 1021 496 1104 538; x_wconf 89' lang='lat' dir='ltr'>quod</span> <span class='ocrx_word' id='word_1_40' title='bbox 1131 506 1214 528; x_wconf 87' lang='lat' dir='ltr'>anno</span> 
     </span>
     <span class='ocr_line' id='line_1_8' title="bbox 473 549 1215 591; baseline 0 -10"><span class='ocrx_word' id='word_1_41' title='bbox 473 558 584 581; x_wconf 81' lang='lat' dir='ltr'>MDcxli</span> <span class='ocrx_word' id='word_1_42' title='bbox 604 549 635 580; x_wconf 89' lang='lat' dir='ltr'>in</span> <span class='ocrx_word' id='word_1_43' title='bbox 655 549 766 580; x_wconf 77' lang='lat' dir='ltr'>eadem</span> <span class='ocrx_word' id='word_1_44' title='bbox 786 549 952 591; x_wconf 76' lang='lat' dir='ltr'>provincia</span> <span class='ocrx_word' id='word_1_45' title='bbox 970 559 1122 581; x_wconf 88' lang='lat' dir='ltr'>numerus</span> <span class='ocrx_word' id='word_1_46' title='bbox 1140 550 1215 582; x_wconf 86' lang='lat' dir='ltr'>duo-</span> 
     </span>
     <span class='ocr_line' id='line_1_9' title="bbox 473 601 1215 644; baseline 0.001 -11"><span class='ocrx_word' id='word_1_47' title='bbox 473 601 627 634; x_wconf 80' lang='lat' dir='ltr'>denarius</span> <span class='ocrx_word' id='word_1_48' title='bbox 646 602 874 643; x_wconf 75' lang='lat' dir='ltr'>magistrorum</span> <span class='ocrx_word' id='word_1_49' title='bbox 890 602 919 633; x_wconf 92' lang='lat' dir='ltr'>in</span> <span class='ocrx_word' id='word_1_50' title='bbox 936 605 1026 634; x_wconf 78' lang='lat' dir='ltr'>sacra</span> <span class='ocrx_word' id='word_1_51' title='bbox 1048 603 1215 644; x_wconf 74' lang='lat' dir='ltr'>theologia</span> 
     </span>
     <span class='ocr_line' id='line_1_10' title="bbox 471 654 1214 697; baseline 0.001 -11"><span class='ocrx_word' id='word_1_52' title='bbox 471 654 635 697; x_wconf 74' lang='lat' dir='ltr'>praefixus</span> <span class='ocrx_word' id='word_1_53' title='bbox 671 666 686 686; x_wconf 85' lang='lat' dir='ltr'>a</span> <span class='ocrx_word' id='word_1_54' title='bbox 713 655 815 687; x_wconf 79' lang='lat' dir='ltr'>felicis</span> <span class='ocrx_word' id='word_1_55' title='bbox 845 656 1085 688; x_wconf 83' lang='lat' dir='ltr'>recordationis</span> <span class='ocrx_word' id='word_1_56' title='bbox 1114 656 1214 688; x_wconf 89' lang='lat' dir='ltr'>Paulo</span> 
     </span>
     <span class='ocr_line' id='line_1_11' title="bbox 472 707 1215 752; baseline 0.004 -13"><span class='ocrx_word' id='word_1_57' title='bbox 472 707 558 750; x_wconf 85' lang='lat' dir='ltr'>Papa</span> <span class='ocrx_word' id='word_1_58' title='bbox 576 708 598 739; x_wconf 89' lang='lat' dir='ltr'>V</span> <span class='ocrx_word' id='word_1_59' title='bbox 616 708 870 750; x_wconf 74' lang='lat' dir='ltr'>praedecessore</span> <span class='ocrx_word' id='word_1_60' title='bbox 897 713 1009 742; x_wconf 90' lang='lat' dir='ltr'>nostro</span> <span class='ocrx_word' id='word_1_61' title='bbox 1036 720 1095 752; x_wconf 87' lang='lat' dir='ltr'>per</span> <span class='ocrx_word' id='word_1_62' title='bbox 1120 720 1215 752; x_wconf 88' lang='lat' dir='ltr'>quas-</span> 
     </span>
     <span class='ocr_line' id='line_1_12' title="bbox 472 761 1213 804; baseline 0.003 -11"><span class='ocrx_word' id='word_1_63' title='bbox 472 761 544 793; x_wconf 89' lang='lat' dir='ltr'>dam</span> <span class='ocrx_word' id='word_1_64' title='bbox 563 771 635 793; x_wconf 87' lang='lat' dir='ltr'>suas</span> <span class='ocrx_word' id='word_1_65' title='bbox 653 761 777 794; x_wconf 84' lang='lat' dir='ltr'>litteras</span> <span class='ocrx_word' id='word_1_66' title='bbox 797 762 991 804; x_wconf 85' lang='lat' dir='ltr'>apostolicas</span> <span class='ocrx_word' id='word_1_67' title='bbox 1006 762 1213 795; x_wconf 78' lang='lat' dir='ltr'>confirmatus</span> 
     </span>
     <span class='ocr_line' id='line_1_13' title="bbox 471 813 1215 856; baseline 0.004 -12"><span class='ocrx_word' id='word_1_68' title='bbox 471 813 543 853; x_wconf 89' lang='lat' dir='ltr'>fuit,</span> <span class='ocrx_word' id='word_1_69' title='bbox 565 818 594 845; x_wconf 86' lang='lat' dir='ltr'>et</span> <span class='ocrx_word' id='word_1_70' title='bbox 613 813 750 846; x_wconf 89' lang='lat' dir='ltr'>subinde</span> <span class='ocrx_word' id='word_1_71' title='bbox 765 819 837 856; x_wconf 87' lang='lat' dir='ltr'>post</span> <span class='ocrx_word' id='word_1_72' title='bbox 852 814 947 846; x_wconf 84' lang='lat' dir='ltr'>unius</span> <span class='ocrx_word' id='word_1_73' title='bbox 966 815 1084 848; x_wconf 85' lang='lat' dir='ltr'>sacculi</span> <span class='ocrx_word' id='word_1_74' title='bbox 1105 821 1135 848; x_wconf 89' lang='lat' dir='ltr'>ct</span> <span class='ocrx_word' id='word_1_75' title='bbox 1151 826 1215 847; x_wconf 87' lang='lat' dir='ltr'>am-</span> 
     </span>
     <span class='ocr_line' id='line_1_14' title="bbox 470 865 1215 911; baseline 0.003 -13"><span class='ocrx_word' id='word_1_76' title='bbox 470 865 553 909; x_wconf 85' lang='lat' dir='ltr'>plius</span> <span class='ocrx_word' id='word_1_77' title='bbox 568 866 705 908; x_wconf 86' lang='lat' dir='ltr'>spatium</span> <span class='ocrx_word' id='word_1_78' title='bbox 722 877 792 899; x_wconf 83' lang='lat' dir='ltr'>cuni</span> <span class='ocrx_word' id='word_1_79' title='bbox 810 868 922 900; x_wconf 85' lang='lat' dir='ltr'>eadem</span> <span class='ocrx_word' id='word_1_80' title='bbox 938 867 1105 911; x_wconf 84' lang='lat' dir='ltr'>provincia</span> <span class='ocrx_word' id='word_1_81' title='bbox 1120 879 1215 911; x_wconf 57' lang='lat' dir='ltr'>agno:</span> 
     </span>
     <span class='ocr_line' id='line_1_15' title="bbox 470 919 1215 963; baseline 0.004 -12"><span class='ocrx_word' id='word_1_82' title='bbox 470 919 571 951; x_wconf 87' lang='lat' dir='ltr'>visset</span> <span class='ocrx_word' id='word_1_83' title='bbox 596 929 768 952; x_wconf 83' lang='lat' dir='ltr'>numerum</span> <span class='ocrx_word' id='word_1_84' title='bbox 790 920 1025 953; x_wconf 85' lang='lat' dir='ltr'>duodenarium</span> <span class='ocrx_word' id='word_1_85' title='bbox 1047 921 1215 963; x_wconf 75' lang='lat' dir='ltr'>magistro-</span> 
     </span>
     <span class='ocr_line' id='line_1_16' title="bbox 470 971 1212 1015; baseline 0.003 -12"><span class='ocrx_word' id='word_1_86' title='bbox 470 982 540 1003; x_wconf 90' lang='lat' dir='ltr'>rum</span> <span class='ocrx_word' id='word_1_87' title='bbox 568 971 754 1004; x_wconf 86' lang='lat' dir='ltr'>huiusmodi</span> <span class='ocrx_word' id='word_1_88' title='bbox 774 983 874 1015; x_wconf 86' lang='lat' dir='ltr'>usque</span> <span class='ocrx_word' id='word_1_89' title='bbox 893 973 930 1005; x_wconf 89' lang='lat' dir='ltr'>ad</span> <span class='ocrx_word' id='word_1_90' title='bbox 952 972 1212 1015; x_wconf 76' lang='lat' dir='ltr'>quindenarium,</span> 
     </span>
     <span class='ocr_line' id='line_1_17' title="bbox 471 1025 1212 1068; baseline 0.003 -12"><span class='ocrx_word' id='word_1_91' title='bbox 471 1030 535 1056; x_wconf 87' lang='lat' dir='ltr'>tam</span> <span class='ocrx_word' id='word_1_92' title='bbox 552 1025 593 1057; x_wconf 88' lang='lat' dir='ltr'>ob</span> <span class='ocrx_word' id='word_1_93' title='bbox 611 1025 811 1067; x_wconf 74' lang='lat' dir='ltr'>praedictam</span> <span class='ocrx_word' id='word_1_94' title='bbox 831 1026 1028 1068; x_wconf 87' lang='lat' dir='ltr'>provinciam</span> <span class='ocrx_word' id='word_1_95' title='bbox 1051 1025 1212 1068; x_wconf 74' lang='lat' dir='ltr'>religiosis</span> 
     </span>
     <span class='ocr_line' id='line_1_18' title="bbox 471 1077 1214 1121; baseline 0.003 -12"><span class='ocrx_word' id='word_1_96' title='bbox 471 1077 588 1109; x_wconf 82' lang='lat' dir='ltr'>virtute</span> <span class='ocrx_word' id='word_1_97' title='bbox 608 1078 783 1120; x_wconf 86' lang='lat' dir='ltr'>praedictis</span> <span class='ocrx_word' id='word_1_98' title='bbox 814 1079 994 1121; x_wconf 82' lang='lat' dir='ltr'>studiisque</span> <span class='ocrx_word' id='word_1_99' title='bbox 1025 1079 1214 1112; x_wconf 75' lang='lat' dir='ltr'>formalibus</span> 
     </span>
     <span class='ocr_line' id='line_1_19' title="bbox 473 1131 1213 1174; baseline 0.004 -12"><span class='ocrx_word' id='word_1_100' title='bbox 473 1136 615 1170; x_wconf 82' lang='lat' dir='ltr'>auctam,</span> <span class='ocrx_word' id='word_1_101' title='bbox 633 1141 726 1174; x_wconf 85' lang='lat' dir='ltr'>quam</span> <span class='ocrx_word' id='word_1_102' title='bbox 752 1131 793 1163; x_wconf 87' lang='lat' dir='ltr'>ob</span> <span class='ocrx_word' id='word_1_103' title='bbox 809 1131 895 1164; x_wconf 91' lang='lat' dir='ltr'>illius</span> <span class='ocrx_word' id='word_1_104' title='bbox 910 1132 1012 1164; x_wconf 86' lang='lat' dir='ltr'>maius</span> <span class='ocrx_word' id='word_1_105' title='bbox 1037 1132 1157 1165; x_wconf 90' lang='lat' dir='ltr'>bonum</span> <span class='ocrx_word' id='word_1_106' title='bbox 1177 1144 1213 1165; x_wconf 84' lang='lat' dir='ltr'>ac</span> 
     </span>
     <span class='ocr_line' id='line_1_20' title="bbox 469 1184 1214 1230; baseline 0.005 -15"><span class='ocrx_word' id='word_1_107' title='bbox 469 1184 654 1224; x_wconf 71' lang='lat' dir='ltr'>utilitatem,</span> <span class='ocrx_word' id='word_1_108' title='bbox 671 1185 817 1227; x_wconf 87' lang='lat' dir='ltr'>ampliari</span> <span class='ocrx_word' id='word_1_109' title='bbox 834 1196 914 1228; x_wconf 83' lang='lat' dir='ltr'>opus</span> <span class='ocrx_word' id='word_1_110' title='bbox 937 1196 1021 1226; x_wconf 86' lang='lat' dir='ltr'>esse,</span> <span class='ocrx_word' id='word_1_111' title='bbox 1042 1186 1103 1229; x_wconf 89' lang='lat' dir='ltr'>ipsi</span> <span class='ocrx_word' id='word_1_112' title='bbox 1119 1197 1214 1230; x_wconf 81' lang='lat' dir='ltr'>expo-</span> 
     </span>
     <span class='ocr_line' id='line_1_21' title="bbox 470 1237 1212 1282; baseline 0.004 -13"><span class='ocrx_word' id='word_1_113' title='bbox 470 1243 587 1269; x_wconf 87' lang='lat' dir='ltr'>nentes</span> <span class='ocrx_word' id='word_1_114' title='bbox 607 1237 637 1269; x_wconf 94' lang='lat' dir='ltr'>in</span> <span class='ocrx_word' id='word_1_115' title='bbox 657 1237 834 1270; x_wconf 86' lang='lat' dir='ltr'>novissimo</span> <span class='ocrx_word' id='word_1_116' title='bbox 853 1239 995 1282; x_wconf 87' lang='lat' dir='ltr'>capitulo</span> <span class='ocrx_word' id='word_1_117' title='bbox 1010 1239 1212 1282; x_wconf 80' lang='lat' dir='ltr'>provinciali,</span> 
     </span>
     <span class='ocr_line' id='line_1_22' title="bbox 473 1291 1212 1334; baseline 0.005 -12"><span class='ocrx_word' id='word_1_118' title='bbox 473 1291 561 1333; x_wconf 90' lang='lat' dir='ltr'>quod</span> <span class='ocrx_word' id='word_1_119' title='bbox 596 1301 682 1323; x_wconf 87' lang='lat' dir='ltr'>anno</span> <span class='ocrx_word' id='word_1_120' title='bbox 713 1291 860 1334; x_wconf 74' lang='lat' dir='ltr'>proxime</span> <span class='ocrx_word' id='word_1_121' title='bbox 887 1293 1078 1334; x_wconf 89' lang='lat' dir='ltr'>praeterito,</span> <span class='ocrx_word' id='word_1_122' title='bbox 1106 1293 1157 1326; x_wconf 88' lang='lat' dir='ltr'>die</span> <span class='ocrx_word' id='word_1_123' title='bbox 1182 1304 1212 1327; x_wconf 81' lang='lat' dir='ltr'>xi</span> 
     </span>
     <span class='ocr_line' id='line_1_23' title="bbox 470 1343 1212 1381; baseline 0.005 -6"><span class='ocrx_word' id='word_1_124' title='bbox 470 1343 556 1381; x_wconf 88' lang='lat' dir='ltr'>maii,</span> <span class='ocrx_word' id='word_1_125' title='bbox 576 1343 607 1376; x_wconf 90' lang='lat' dir='ltr'>in</span> <span class='ocrx_word' id='word_1_126' title='bbox 630 1349 790 1377; x_wconf 89' lang='lat' dir='ltr'>conventu</span> <span class='ocrx_word' id='word_1_127' title='bbox 810 1344 840 1377; x_wconf 89' lang='lat' dir='ltr'>S.</span> <span class='ocrx_word' id='word_1_128' title='bbox 861 1344 968 1378; x_wconf 84' lang='lat' dir='ltr'>Severi</span> <span class='ocrx_word' id='word_1_129' title='bbox 990 1345 1118 1378; x_wconf 84' lang='lat' dir='ltr'>Maioris</span> <span class='ocrx_word' id='word_1_130' title='bbox 1135 1346 1212 1379; x_wconf 86' lang='lat' dir='ltr'>Nea-</span> 
     </span>
     <span class='ocr_line' id='line_1_24' title="bbox 469 1395 1212 1439; baseline 0.004 -11"><span class='ocrx_word' id='word_1_131' title='bbox 469 1395 618 1439; x_wconf 89' lang='lat' dir='ltr'>politano</span> <span class='ocrx_word' id='word_1_132' title='bbox 645 1397 720 1429; x_wconf 80' lang='lat' dir='ltr'>dicti</span> <span class='ocrx_word' id='word_1_133' title='bbox 755 1396 884 1430; x_wconf 84' lang='lat' dir='ltr'>Ordinis</span> <span class='ocrx_word' id='word_1_134' title='bbox 918 1398 1118 1431; x_wconf 87' lang='lat' dir='ltr'>celebratum</span> <span class='ocrx_word' id='word_1_135' title='bbox 1144 1399 1212 1438; x_wconf 84' lang='lat' dir='ltr'>fuit,</span> 
     </span>
     <span class='ocr_line' id='line_1_25' title="bbox 470 1449 1211 1494; baseline 0.005 -13"><span class='ocrx_word' id='word_1_136' title='bbox 470 1449 685 1482; x_wconf 77' lang='lat' dir='ltr'>instituerunt</span> <span class='ocrx_word' id='word_1_137' title='bbox 723 1456 758 1482; x_wconf 85' lang='lat' dir='ltr'>ut</span> <span class='ocrx_word' id='word_1_138' title='bbox 792 1451 955 1493; x_wconf 71' lang='lat' dir='ltr'>praefatae</span> <span class='ocrx_word' id='word_1_139' title='bbox 995 1452 1211 1494; x_wconf 68' lang='lat' dir='ltr'>ampliationis</span> 
     </span>
     <span class='ocr_line' id='line_1_26' title="bbox 470 1503 1211 1546; baseline 0.005 -13"><span class='ocrx_word' id='word_1_140' title='bbox 470 1512 569 1544; x_wconf 87' lang='lat' dir='ltr'>supra</span> <span class='ocrx_word' id='word_1_141' title='bbox 595 1503 752 1535; x_wconf 90' lang='lat' dir='ltr'>eiusmodi</span> <span class='ocrx_word' id='word_1_142' title='bbox 772 1503 950 1546; x_wconf 82' lang='lat' dir='ltr'>praefixum</span> <span class='ocrx_word' id='word_1_143' title='bbox 978 1504 1211 1537; x_wconf 88' lang='lat' dir='ltr'>duodenarium</span> 
     </span>
     <span class='ocr_line' id='line_1_27' title="bbox 470 1555 1211 1600; baseline 0.005 -14"><span class='ocrx_word' id='word_1_144' title='bbox 470 1565 643 1587; x_wconf 89' lang='lat' dir='ltr'>numerum</span> <span class='ocrx_word' id='word_1_145' title='bbox 668 1555 782 1599; x_wconf 84' lang='lat' dir='ltr'>petitio</span> <span class='ocrx_word' id='word_1_146' title='bbox 813 1556 927 1596; x_wconf 84' lang='lat' dir='ltr'>fieret,</span> <span class='ocrx_word' id='word_1_147' title='bbox 952 1567 1047 1599; x_wconf 88' lang='lat' dir='ltr'>quam</span> <span class='ocrx_word' id='word_1_148' title='bbox 1082 1558 1211 1600; x_wconf 89' lang='lat' dir='ltr'>quidem</span> 
     </span>
     <span class='ocr_line' id='line_1_28' title="bbox 470 1608 1212 1651; baseline 0.003 -11"><span class='ocrx_word' id='word_1_149' title='bbox 470 1608 664 1651; x_wconf 68' lang='lat' dir='ltr'>petitionem</span> <span class='ocrx_word' id='word_1_150' title='bbox 691 1609 808 1641; x_wconf 89' lang='lat' dir='ltr'>rationi</span> <span class='ocrx_word' id='word_1_151' title='bbox 834 1620 1007 1642; x_wconf 88' lang='lat' dir='ltr'>consonam</span> <span class='ocrx_word' id='word_1_152' title='bbox 1027 1615 1059 1643; x_wconf 86' lang='lat' dir='ltr'>et</span> <span class='ocrx_word' id='word_1_153' title='bbox 1076 1611 1212 1643; x_wconf 88' lang='lat' dir='ltr'>iustissi-</span> 
     </span>
     <span class='ocr_line' id='line_1_29' title="bbox 471 1662 1212 1705; baseline 0.004 -12"><span class='ocrx_word' id='word_1_154' title='bbox 471 1671 555 1693; x_wconf 85' lang='lat' dir='ltr'>mam</span> <span class='ocrx_word' id='word_1_155' title='bbox 582 1673 599 1694; x_wconf 91' lang='lat' dir='ltr'>a</span> <span class='ocrx_word' id='word_1_156' title='bbox 625 1662 765 1704; x_wconf 88' lang='lat' dir='ltr'>capitulo</span> <span class='ocrx_word' id='word_1_157' title='bbox 793 1663 935 1705; x_wconf 83' lang='lat' dir='ltr'>generali</span> <span class='ocrx_word' id='word_1_158' title='bbox 962 1663 1129 1696; x_wconf 88' lang='lat' dir='ltr'>memorati</span> <span class='ocrx_word' id='word_1_159' title='bbox 1156 1664 1212 1696; x_wconf 91' lang='lat' dir='ltr'>Or-</span> 
     </span>
     <span class='ocr_line' id='line_1_30' title="bbox 472 1713 1210 1749; baseline 0.003 -3"><span class='ocrx_word' id='word_1_160' title='bbox 472 1713 556 1746; x_wconf 88' lang='lat' dir='ltr'>dinis</span> <span class='ocrx_word' id='word_1_161' title='bbox 582 1715 613 1746; x_wconf 92' lang='lat' dir='ltr'>in</span> <span class='ocrx_word' id='word_1_162' title='bbox 639 1715 724 1747; x_wconf 80' lang='lat' dir='ltr'>alma</span> <span class='ocrx_word' id='word_1_163' title='bbox 750 1715 834 1748; x_wconf 91' lang='lat' dir='ltr'>Urbe</span> <span class='ocrx_word' id='word_1_164' title='bbox 867 1717 975 1748; x_wconf 82' lang='lat' dir='ltr'>nostra</span> <span class='ocrx_word' id='word_1_165' title='bbox 1000 1716 1051 1748; x_wconf 90' lang='lat' dir='ltr'>die</span> <span class='ocrx_word' id='word_1_166' title='bbox 1075 1726 1106 1749; x_wconf 83' lang='lat' dir='ltr'>xi</span> <span class='ocrx_word' id='word_1_167' title='bbox 1131 1717 1210 1748; x_wconf 90' lang='lat' dir='ltr'>iunii</span> 
     </span>
     <span class='ocr_line' id='line_1_31' title="bbox 473 1766 1211 1813; baseline 0.004 -14"><span class='ocrx_word' id='word_1_168' title='bbox 473 1766 620 1799; x_wconf 85' lang='lat' dir='ltr'>eiusdem</span> <span class='ocrx_word' id='word_1_169' title='bbox 647 1768 721 1800; x_wconf 90' lang='lat' dir='ltr'>anni</span> <span class='ocrx_word' id='word_1_170' title='bbox 748 1768 859 1802; x_wconf 87' lang='lat' dir='ltr'>habito</span> <span class='ocrx_word' id='word_1_171' title='bbox 885 1769 1076 1811; x_wconf 77' lang='lat' dir='ltr'>recognosci</span> <span class='ocrx_word' id='word_1_172' title='bbox 1102 1776 1133 1802; x_wconf 89' lang='lat' dir='ltr'>et</span> <span class='ocrx_word' id='word_1_173' title='bbox 1158 1780 1211 1813; x_wconf 88' lang='lat' dir='ltr'>ap-</span> 
     </span>
     <span class='ocr_line' id='line_1_32' title="bbox 472 1819 854 1862; baseline 0.008 -11"><span class='ocrx_word' id='word_1_174' title='bbox 472 1819 604 1862; x_wconf 87' lang='lat' dir='ltr'>probari</span> <span class='ocrx_word' id='word_1_175' title='bbox 631 1820 854 1854; x_wconf 86' lang='lat' dir='ltr'>obtinuerunt.</span> 
     </span>
    </p>

    <p class='ocr_par' dir='ltr' id='par_1_5' title="bbox 469 1871 1215 2661">
     <span class='ocr_line' id='line_1_33' title="bbox 515 1871 1211 1918; baseline 0.006 -14"><span class='ocrx_word' id='word_1_176' title='bbox 515 1871 573 1915; x_wconf 62' lang='lat'>5⁶2.</span> <span class='ocrx_word' id='word_1_177' title='bbox 590 1872 667 1905; x_wconf 87' lang='lat' dir='ltr'>Cum</span> <span class='ocrx_word' id='word_1_178' title='bbox 682 1879 799 1913; x_wconf 85' lang='lat' dir='ltr'>autem,</span> <span class='ocrx_word' id='word_1_179' title='bbox 817 1874 900 1907; x_wconf 85' lang='lat' dir='ltr'>sicut</span> <span class='ocrx_word' id='word_1_180' title='bbox 918 1875 1030 1908; x_wconf 86' lang='lat' dir='ltr'>eadem</span> <span class='ocrx_word' id='word_1_181' title='bbox 1050 1875 1211 1918; x_wconf 72' lang='lat' dir='ltr'>expositio</span> 
     </span>
     <span class='ocr_line' id='line_1_34' title="bbox 471 1925 1212 1971; baseline 0.005 -14"><span class='ocrx_word' id='word_1_182' title='bbox 471 1925 781 1968; x_wconf 76' lang='lat' dir='ltr'>subitingel)at‚dicti</span> <span class='ocrx_word' id='word_1_183' title='bbox 797 1933 1007 1971; x_wconf 79' lang='lat' dir='ltr'>exponentes,</span> <span class='ocrx_word' id='word_1_184' title='bbox 1022 1929 1212 1970; x_wconf 82' lang='lat' dir='ltr'>praemissa,</span> 
     </span>
     <span class='ocr_line' id='line_1_35' title="bbox 471 1979 1212 2024; baseline 0.007 -15"><span class='ocrx_word' id='word_1_185' title='bbox 471 1989 535 2021; x_wconf 89' lang='lat' dir='ltr'>quo</span> <span class='ocrx_word' id='word_1_186' title='bbox 555 1979 678 2012; x_wconf 82' lang='lat' dir='ltr'>firmius</span> <span class='ocrx_word' id='word_1_187' title='bbox 701 1980 889 2021; x_wconf 80' lang='lat' dir='ltr'>subsistant,</span> <span class='ocrx_word' id='word_1_188' title='bbox 917 1981 1115 2024; x_wconf 88' lang='lat' dir='ltr'>apostolicae</span> <span class='ocrx_word' id='word_1_189' title='bbox 1134 1992 1212 2014; x_wconf 90' lang='lat' dir='ltr'>con-</span> 
     </span>
     <span class='ocr_line' id='line_1_36' title="bbox 470 2030 1213 2077; baseline 0.007 -15"><span class='ocrx_word' id='word_1_190' title='bbox 470 2030 665 2065; x_wconf 85' lang='lat' dir='ltr'>firmationis</span> <span class='ocrx_word' id='word_1_191' title='bbox 693 2039 822 2066; x_wconf 88' lang='lat' dir='ltr'>nostrae</span> <span class='ocrx_word' id='word_1_192' title='bbox 854 2034 1037 2077; x_wconf 89' lang='lat' dir='ltr'>patrocinio</span> <span class='ocrx_word' id='word_1_193' title='bbox 1068 2045 1213 2067; x_wconf 88' lang='lat' dir='ltr'>commu-</span> 
     </span>
     <span class='ocr_line' id='line_1_37' title="bbox 470 2084 1212 2131; baseline 0.005 -15"><span class='ocrx_word' id='word_1_194' title='bbox 470 2084 545 2125; x_wconf 85' lang='lat' dir='ltr'>niri,</span> <span class='ocrx_word' id='word_1_195' title='bbox 562 2086 739 2128; x_wconf 88' lang='lat' dir='ltr'>plurimum</span> <span class='ocrx_word' id='word_1_196' title='bbox 759 2086 960 2119; x_wconf 81' lang='lat' dir='ltr'>desiderent:</span> <span class='ocrx_word' id='word_1_197' title='bbox 978 2087 1071 2120; x_wconf 89' lang='lat' dir='ltr'>nobis</span> <span class='ocrx_word' id='word_1_198' title='bbox 1084 2094 1212 2131; x_wconf 87' lang='lat' dir='ltr'>propte-</span> 
     </span>
     <span class='ocr_line' id='line_1_38' title="bbox 469 2138 1211 2183; baseline 0.005 -14"><span class='ocrx_word' id='word_1_199' title='bbox 469 2147 526 2170; x_wconf 87' lang='lat' dir='ltr'>rea</span> <span class='ocrx_word' id='word_1_200' title='bbox 542 2138 711 2172; x_wconf 86' lang='lat' dir='ltr'>humiliter</span> <span class='ocrx_word' id='word_1_201' title='bbox 736 2139 913 2183; x_wconf 87' lang='lat' dir='ltr'>supplicari</span> <span class='ocrx_word' id='word_1_202' title='bbox 933 2141 1080 2173; x_wconf 87' lang='lat' dir='ltr'>fecerunt</span> <span class='ocrx_word' id='word_1_203' title='bbox 1100 2145 1134 2172; x_wconf 91' lang='lat' dir='ltr'>ut</span> <span class='ocrx_word' id='word_1_204' title='bbox 1152 2141 1211 2173; x_wconf 90' lang='lat' dir='ltr'>sibi</span> 
     </span>
     <span class='ocr_line' id='line_1_39' title="bbox 470 2191 1214 2236; baseline 0.004 -13"><span class='ocrx_word' id='word_1_205' title='bbox 470 2191 502 2223; x_wconf 89' lang='lat' dir='ltr'>in</span> <span class='ocrx_word' id='word_1_206' title='bbox 518 2192 706 2234; x_wconf 81' lang='lat' dir='ltr'>praemissis</span> <span class='ocrx_word' id='word_1_207' title='bbox 729 2199 913 2236; x_wconf 87' lang='lat' dir='ltr'>opportune</span> <span class='ocrx_word' id='word_1_208' title='bbox 932 2194 1106 2236; x_wconf 84' lang='lat' dir='ltr'>providere</span> <span class='ocrx_word' id='word_1_209' title='bbox 1130 2200 1162 2227; x_wconf 90' lang='lat' dir='ltr'>et</span> <span class='ocrx_word' id='word_1_210' title='bbox 1180 2200 1214 2226; x_wconf 91' lang='lat' dir='ltr'>ut</span> 
     </span>
     <span class='ocr_line' id='line_1_40' title="bbox 471 2244 1214 2290; baseline 0.004 -14"><span class='ocrx_word' id='word_1_211' title='bbox 471 2244 552 2276; x_wconf 83' lang='lat' dir='ltr'>infra</span> <span class='ocrx_word' id='word_1_212' title='bbox 571 2245 743 2287; x_wconf 76' lang='lat' dir='ltr'>indulgere</span> <span class='ocrx_word' id='word_1_213' title='bbox 762 2246 800 2278; x_wconf 90' lang='lat' dir='ltr'>de</span> <span class='ocrx_word' id='word_1_214' title='bbox 815 2246 1015 2289; x_wconf 78' lang='lat' dir='ltr'>benignitate</span> <span class='ocrx_word' id='word_1_215' title='bbox 1034 2247 1214 2290; x_wconf 75' lang='lat' dir='ltr'>apostolica</span> 
     </span>
     <span class='ocr_line' id='line_1_41' title="bbox 472 2297 1213 2342; baseline 0.004 -13"><span class='ocrx_word' id='word_1_216' title='bbox 472 2297 691 2340; x_wconf 81' lang='lat' dir='ltr'>dignaremur.</span> <span class='ocrx_word' id='word_1_217' title='bbox 707 2298 770 2332; x_wconf 84' lang='lat' dir='ltr'>Nos</span> <span class='ocrx_word' id='word_1_218' title='bbox 786 2299 892 2341; x_wconf 77' lang='lat' dir='ltr'>igitur,</span> <span class='ocrx_word' id='word_1_219' title='bbox 908 2300 996 2342; x_wconf 89' lang='lat' dir='ltr'>ipsos</span> <span class='ocrx_word' id='word_1_220' title='bbox 1012 2306 1213 2342; x_wconf 80' lang='lat' dir='ltr'>exponentes</span> 
     </span>
     <span class='ocr_line' id='line_1_42' title="bbox 472 2351 1213 2395; baseline 0.001 -12"><span class='ocrx_word' id='word_1_221' title='bbox 472 2351 670 2393; x_wconf 82' lang='lat' dir='ltr'>specialibus</span> <span class='ocrx_word' id='word_1_222' title='bbox 693 2352 857 2385; x_wconf 85' lang='lat' dir='ltr'>favoribus</span> <span class='ocrx_word' id='word_1_223' title='bbox 876 2357 907 2385; x_wconf 86' lang='lat' dir='ltr'>et</span> <span class='ocrx_word' id='word_1_224' title='bbox 927 2352 1039 2395; x_wconf 80' lang='lat' dir='ltr'>gratiis</span> <span class='ocrx_word' id='word_1_225' title='bbox 1057 2353 1213 2395; x_wconf 86' lang='lat' dir='ltr'>prosequi</span> 
     </span>
     <span class='ocr_line' id='line_1_43' title="bbox 471 2405 1214 2448; baseline 0.001 -11"><span class='ocrx_word' id='word_1_226' title='bbox 471 2405 630 2444; x_wconf 80' lang='lat' dir='ltr'>volenteS,</span> <span class='ocrx_word' id='word_1_227' title='bbox 652 2410 683 2438; x_wconf 89' lang='lat' dir='ltr'>et</span> <span class='ocrx_word' id='word_1_228' title='bbox 709 2415 823 2438; x_wconf 90' lang='lat' dir='ltr'>eorum</span> <span class='ocrx_word' id='word_1_229' title='bbox 852 2405 1034 2448; x_wconf 75' lang='lat' dir='ltr'>singulares</span> <span class='ocrx_word' id='word_1_230' title='bbox 1059 2416 1214 2448; x_wconf 87' lang='lat' dir='ltr'>personas</span> 
     </span>
     <span class='ocr_line' id='line_1_44' title="bbox 472 2457 1215 2501; baseline 0 -11"><span class='ocrx_word' id='word_1_231' title='bbox 472 2468 489 2490; x_wconf 90' lang='lat' dir='ltr'>a</span> <span class='ocrx_word' id='word_1_232' title='bbox 507 2457 676 2500; x_wconf 85' lang='lat' dir='ltr'>quibusvis</span> <span class='ocrx_word' id='word_1_233' title='bbox 701 2458 1058 2498; x_wconf 75' lang='lat' dir='ltr'>excommunicationis,</span> <span class='ocrx_word' id='word_1_234' title='bbox 1079 2469 1215 2501; x_wconf 88' lang='lat' dir='ltr'>suspen-</span> 
     </span>
     <span class='ocr_line' id='line_1_45' title="bbox 472 2510 1214 2554; baseline 0 -11"><span class='ocrx_word' id='word_1_235' title='bbox 472 2510 573 2543; x_wconf 85' lang='lat' dir='ltr'>sionis</span> <span class='ocrx_word' id='word_1_236' title='bbox 591 2516 623 2542; x_wconf 88' lang='lat' dir='ltr'>et</span> <span class='ocrx_word' id='word_1_237' title='bbox 639 2510 814 2551; x_wconf 88' lang='lat' dir='ltr'>interdicti,</span> <span class='ocrx_word' id='word_1_238' title='bbox 833 2511 970 2554; x_wconf 87' lang='lat' dir='ltr'>aliisque</span> <span class='ocrx_word' id='word_1_239' title='bbox 985 2511 1214 2543; x_wconf 87' lang='lat' dir='ltr'>ecclesiasticis</span> 
     </span>
     <span class='ocr_line' id='line_1_46' title="bbox 472 2563 1213 2606; baseline 0.001 -10"><span class='ocrx_word' id='word_1_240' title='bbox 472 2563 658 2604; x_wconf 84' lang='lat' dir='ltr'>sententiis,</span> <span class='ocrx_word' id='word_1_241' title='bbox 673 2563 818 2596; x_wconf 84' lang='lat' dir='ltr'>censuris</span> <span class='ocrx_word' id='word_1_242' title='bbox 841 2569 873 2596; x_wconf 87' lang='lat' dir='ltr'>et</span> <span class='ocrx_word' id='word_1_243' title='bbox 890 2564 1015 2606; x_wconf 90' lang='lat' dir='ltr'>poenis,</span> <span class='ocrx_word' id='word_1_244' title='bbox 1035 2574 1052 2596; x_wconf 90' lang='lat' dir='ltr'>a</span> <span class='ocrx_word' id='word_1_245' title='bbox 1072 2564 1142 2597; x_wconf 89' lang='lat' dir='ltr'>iure</span> <span class='ocrx_word' id='word_1_246' title='bbox 1164 2565 1213 2598; x_wconf 85' lang='lat' dir='ltr'>vel</span> 
     </span>
     <span class='ocr_line' id='line_1_47' title="bbox 473 2617 1215 2661; baseline -0.001 -10"><span class='ocrx_word' id='word_1_247' title='bbox 473 2617 511 2651; x_wconf 74' lang='lat' dir='ltr'>ab</span> <span class='ocrx_word' id='word_1_248' title='bbox 537 2617 680 2658; x_wconf 76' lang='lat' dir='ltr'>homine,</span> <span class='ocrx_word' id='word_1_249' title='bbox 703 2617 812 2661; x_wconf 76' lang='lat' dir='ltr'>quavis</span> <span class='ocrx_word' id='word_1_250' title='bbox 842 2619 1012 2651; x_wconf 75' lang='lat' dir='ltr'>occasione</span> <span class='ocrx_word' id='word_1_251' title='bbox 1045 2618 1092 2651; x_wconf 75' lang='lat' dir='ltr'>vel</span> <span class='ocrx_word' id='word_1_252' title='bbox 1119 2620 1215 2651; x_wconf 76' lang='lat' dir='ltr'>causa</span> 
     </span>
    </p>
   </div>
   <div class='ocr_carea' id='block_1_5' title="bbox 276 1882 460 1963">
    <p class='ocr_par' dir='ltr' id='par_1_6' title="bbox 276 1882 460 1963">
     <span class='ocr_line' id='line_1_48' title="bbox 325 1882 460 1903; baseline -0.015 0"><span class='ocrx_word' id='word_1_253' title='bbox 325 1882 460 1903; x_wconf 69' lang='lat' dir='ltr'>Confirmatio</span> 
     </span>
     <span class='ocr_line' id='line_1_49' title="bbox 276 1911 460 1935; baseline 0 -6"><span class='ocrx_word' id='word_1_254' title='bbox 276 1911 399 1935; x_wconf 57' lang='lat' dir='ltr'>prandit-tau</span> <span class='ocrx_word' id='word_1_255' title='bbox 419 1915 460 1929; x_wconf 69' lang='lat' dir='ltr'>atn-</span> 
     </span>
     <span class='ocr_line' id='line_1_50' title="bbox 276 1938 390 1963; baseline -0.009 -6"><span class='ocrx_word' id='word_1_256' title='bbox 276 1938 390 1963; x_wconf 58' lang='lat' dir='ltr'>platanus.</span> 
     </span>
    </p>
   </div>
   <div class='ocr_carea' id='block_1_6' title="bbox 1062 235 1423 262">
    <p class='ocr_par' dir='ltr' id='par_1_7' title="bbox 1062 235 1423 262">
     <span class='ocr_line' id='line_1_51' title="bbox 1062 235 1423 262; baseline 0 -1"><span class='ocrx_word' id='word_1_257' title='bbox 1062 235 1243 262; x_wconf 74' lang='lat' dir='ltr'>BULLARIUM</span> <span class='ocrx_word' id='word_1_258' title='bbox 1267 235 1423 261; x_wconf 73' lang='lat' dir='ltr'><strong>ROMANUM</strong></span> 
     </span>
    </p>
   </div>
   <div class='ocr_carea' id='block_1_7' title="bbox 1233 288 1239 2302">
    <p class='ocr_par' dir='ltr' id='par_1_8' title="bbox 1233 288 1239 2302">
     <span class='ocr_line' id='line_1_52' title="bbox 1233 288 1239 2302; baseline 0 0"><span class='ocrx_word' id='word_1_259' title='bbox 1233 288 1239 2302; x_wconf 95' lang='lat' dir='ltr'> </span> 
     </span>
    </p>
   </div>
   <div class='ocr_carea' id='block_1_8' title="bbox 1233 288 1241 2648">
    <p class='ocr_par' dir='ltr' id='par_1_9' title="bbox 1233 288 1241 2648">
     <span class='ocr_line' id='line_1_53' title="bbox 1233 288 1241 2648; baseline 0 0"><span class='ocrx_word' id='word_1_260' title='bbox 1233 288 1241 2648; x_wconf 95' lang='lat' dir='ltr'> </span> 
     </span>
    </p>
   </div>
   <div class='ocr_carea' id='block_1_9' title="bbox 1255 237 2192 2131">
    <p class='ocr_par' dir='ltr' id='par_1_10' title="bbox 1255 237 2190 1598">
     <span class='ocr_line' id='line_1_54' title="bbox 2004 237 2190 266; baseline 0.011 -2"><span class='ocrx_word' id='word_1_261' title='bbox 2004 237 2054 265; x_wconf 74' lang='lat' dir='ltr'>An.</span> <span class='ocrx_word' id='word_1_262' title='bbox 2070 238 2100 266; x_wconf 87' lang='lat' dir='ltr'>C.</span> <span class='ocrx_word' id='word_1_263' title='bbox 2122 238 2190 266; x_wconf 74' lang='lat'>1722</span> 
     </span>
     <span class='ocr_line' id='line_1_55' title="bbox 1258 284 1998 329; baseline 0.003 -13"><span class='ocrx_word' id='word_1_264' title='bbox 1258 285 1345 324; x_wconf 83' lang='lat' dir='ltr'>latis,</span> <span class='ocrx_word' id='word_1_265' title='bbox 1364 285 1389 317; x_wconf 83' lang='lat' dir='ltr'>si</span> <span class='ocrx_word' id='word_1_266' title='bbox 1409 285 1526 329; x_wconf 89' lang='lat' dir='ltr'>quibus</span> <span class='ocrx_word' id='word_1_267' title='bbox 1551 285 1800 328; x_wconf 77' lang='lat' dir='ltr'>quomodolibet</span> <span class='ocrx_word' id='word_1_268' title='bbox 1823 284 1998 319; x_wconf 84' lang='lat' dir='ltr'>innodatae</span> 
     </span>
     <span class='ocr_line' id='line_1_56' title="bbox 1259 338 1999 381; baseline 0.001 -12"><span class='ocrx_word' id='word_1_269' title='bbox 1259 339 1409 377; x_wconf 67' lang='lat' dir='ltr'>existunt,</span> <span class='ocrx_word' id='word_1_270' title='bbox 1435 339 1474 371; x_wconf 89' lang='lat' dir='ltr'>ad</span> <span class='ocrx_word' id='word_1_271' title='bbox 1494 338 1644 371; x_wconf 82' lang='lat' dir='ltr'>effectum</span> <span class='ocrx_word' id='word_1_272' title='bbox 1664 338 1886 381; x_wconf 88' lang='lat' dir='ltr'>praesentium</span> <span class='ocrx_word' id='word_1_273' title='bbox 1910 339 1999 371; x_wconf 93' lang='lat' dir='ltr'>dum-</span> 
     </span>
     <span class='ocr_line' id='line_1_57' title="bbox 1260 391 1999 434; baseline 0.003 -12"><span class='ocrx_word' id='word_1_274' title='bbox 1260 396 1344 423; x_wconf 70' lang='lat' dir='ltr'>taxat</span> <span class='ocrx_word' id='word_1_275' title='bbox 1357 392 1637 434; x_wconf 81' lang='lat' dir='ltr'>consequendum,</span> <span class='ocrx_word' id='word_1_276' title='bbox 1654 391 1770 423; x_wconf 86' lang='lat' dir='ltr'>harum</span> <span class='ocrx_word' id='word_1_277' title='bbox 1791 391 1874 424; x_wconf 86' lang='lat' dir='ltr'>serie</span> <span class='ocrx_word' id='word_1_278' title='bbox 1892 392 1999 424; x_wconf 89' lang='lat' dir='ltr'>absol-</span> 
     </span>
     <span class='ocr_line' id='line_1_58' title="bbox 1259 445 1998 484; baseline 0.003 -10"><span class='ocrx_word' id='word_1_279' title='bbox 1259 449 1370 476; x_wconf 82' lang='lat' dir='ltr'>ventes</span> <span class='ocrx_word' id='word_1_280' title='bbox 1389 450 1420 476; x_wconf 92' lang='lat' dir='ltr'>et</span> <span class='ocrx_word' id='word_1_281' title='bbox 1446 445 1612 477; x_wconf 85' lang='lat' dir='ltr'>absolutas</span> <span class='ocrx_word' id='word_1_282' title='bbox 1631 445 1699 477; x_wconf 85' lang='lat' dir='ltr'>fore</span> <span class='ocrx_word' id='word_1_283' title='bbox 1721 448 1910 484; x_wconf 84' lang='lat' dir='ltr'>censentes,</span> <span class='ocrx_word' id='word_1_284' title='bbox 1935 445 1998 477; x_wconf 89' lang='lat' dir='ltr'>hu·</span> 
     </span>
     <span class='ocr_line' id='line_1_59' title="bbox 1259 497 1999 540; baseline 0.004 -13"><span class='ocrx_word' id='word_1_285' title='bbox 1259 497 1394 529; x_wconf 86' lang='lat' dir='ltr'>iusmodi</span> <span class='ocrx_word' id='word_1_286' title='bbox 1428 498 1724 540; x_wconf 82' lang='lat' dir='ltr'>supplicationibus</span> <span class='ocrx_word' id='word_1_287' title='bbox 1761 497 1933 538; x_wconf 85' lang='lat' dir='ltr'>inclinati,</span> <span class='ocrx_word' id='word_1_288' title='bbox 1960 498 1999 531; x_wconf 89' lang='lat' dir='ltr'>de</span> 
     </span>
     <span class='ocr_line' id='line_1_60' title="bbox 1259 550 1995 583; baseline 0.004 -3"><span class='ocrx_word' id='word_1_289' title='bbox 1259 550 1492 583; x_wconf 87' lang='lat' dir='ltr'>venerabilium</span> <span class='ocrx_word' id='word_1_290' title='bbox 1508 550 1640 583; x_wconf 81' lang='lat' dir='ltr'>fratrum</span> <span class='ocrx_word' id='word_1_291' title='bbox 1659 555 1845 583; x_wconf 85' lang='lat' dir='ltr'>nostrorum</span> <span class='ocrx_word' id='word_1_292' title='bbox 1863 550 1894 582; x_wconf 92' lang='lat' dir='ltr'>S.</span> <span class='ocrx_word' id='word_1_293' title='bbox 1910 550 1947 583; x_wconf 78' lang='lat' dir='ltr'>R.</span> <span class='ocrx_word' id='word_1_294' title='bbox 1961 551 1995 583; x_wconf 85' lang='lat' dir='ltr'>E.</span> 
     </span>
     <span class='ocr_line' id='line_1_61' title="bbox 1259 603 1998 646; baseline 0.003 -12"><span class='ocrx_word' id='word_1_295' title='bbox 1259 603 1473 636; x_wconf 83' lang='lat' dir='ltr'>cardinalium</span> <span class='ocrx_word' id='word_1_296' title='bbox 1491 604 1630 646; x_wconf 79' lang='lat' dir='ltr'>negotiis</span> <span class='ocrx_word' id='word_1_297' title='bbox 1651 609 1682 636; x_wconf 89' lang='lat' dir='ltr'>et</span> <span class='ocrx_word' id='word_1_298' title='bbox 1705 603 1998 636; x_wconf 86' lang='lat' dir='ltr'>consultationibus</span> 
     </span>
     <span class='ocr_line' id='line_1_62' title="bbox 1260 655 2000 699; baseline 0.004 -13"><span class='ocrx_word' id='word_1_299' title='bbox 1260 655 1488 698; x_wconf 87' lang='lat' dir='ltr'>episcoporum</span> <span class='ocrx_word' id='word_1_300' title='bbox 1515 661 1546 688; x_wconf 90' lang='lat' dir='ltr'>et</span> <span class='ocrx_word' id='word_1_301' title='bbox 1570 655 1769 698; x_wconf 79' lang='lat' dir='ltr'>regularium</span> <span class='ocrx_word' id='word_1_302' title='bbox 1796 657 2000 699; x_wconf 86' lang='lat' dir='ltr'>praeposito-</span> 
     </span>
     <span class='ocr_line' id='line_1_63' title="bbox 1260 709 1997 748; baseline 0.001 -8"><span class='ocrx_word' id='word_1_303' title='bbox 1260 719 1329 740; x_wconf 89' lang='lat' dir='ltr'>rum</span> <span class='ocrx_word' id='word_1_304' title='bbox 1348 709 1496 748; x_wconf 75' lang='lat' dir='ltr'>consilio,</span> <span class='ocrx_word' id='word_1_305' title='bbox 1516 714 1548 741; x_wconf 87' lang='lat' dir='ltr'>et</span> <span class='ocrx_word' id='word_1_306' title='bbox 1568 711 1690 741; x_wconf 76' lang='lat' dir='ltr'>attenta</span> <span class='ocrx_word' id='word_1_307' title='bbox 1708 709 1867 742; x_wconf 86' lang='lat' dir='ltr'>relatione</span> <span class='ocrx_word' id='word_1_308' title='bbox 1885 710 1997 743; x_wconf 87' lang='lat' dir='ltr'>dilecti</span> 
     </span>
     <span class='ocr_line' id='line_1_64' title="bbox 1259 761 2000 805; baseline 0.003 -12"><span class='ocrx_word' id='word_1_309' title='bbox 1259 761 1316 794; x_wconf 84' lang='lat' dir='ltr'>filii</span> <span class='ocrx_word' id='word_1_310' title='bbox 1335 761 1481 794; x_wconf 88' lang='lat' dir='ltr'>moderni</span> <span class='ocrx_word' id='word_1_311' title='bbox 1500 762 1722 804; x_wconf 86' lang='lat' dir='ltr'>procuratoris</span> <span class='ocrx_word' id='word_1_312' title='bbox 1740 763 1903 805; x_wconf 79' lang='lat' dir='ltr'>generalis</span> <span class='ocrx_word' id='word_1_313' title='bbox 1916 763 2000 795; x_wconf 84' lang='lat' dir='ltr'>eius-</span> 
     </span>
     <span class='ocr_line' id='line_1_65' title="bbox 1260 815 1999 859; baseline 0.003 -12"><span class='ocrx_word' id='word_1_314' title='bbox 1260 815 1332 847; x_wconf 90' lang='lat' dir='ltr'>dem</span> <span class='ocrx_word' id='word_1_315' title='bbox 1368 815 1497 847; x_wconf 88' lang='lat' dir='ltr'>Ordinis</span> <span class='ocrx_word' id='word_1_316' title='bbox 1532 825 1631 858; x_wconf 87' lang='lat' dir='ltr'>super</span> <span class='ocrx_word' id='word_1_317' title='bbox 1661 815 1846 859; x_wconf 86' lang='lat' dir='ltr'>praemissis</span> <span class='ocrx_word' id='word_1_318' title='bbox 1877 815 1999 849; x_wconf 88' lang='lat' dir='ltr'>eisdem</span> 
     </span>
     <span class='ocr_line' id='line_1_66' title="bbox 1259 867 1999 911; baseline 0.004 -13"><span class='ocrx_word' id='word_1_319' title='bbox 1259 867 1476 900; x_wconf 81' lang='lat' dir='ltr'>cardinalibus</span> <span class='ocrx_word' id='word_1_320' title='bbox 1503 867 1593 907; x_wconf 79' lang='lat' dir='ltr'>facta,</span> <span class='ocrx_word' id='word_1_321' title='bbox 1616 868 1791 910; x_wconf 85' lang='lat' dir='ltr'>praefatam</span> <span class='ocrx_word' id='word_1_322' title='bbox 1817 868 1999 911; x_wconf 88' lang='lat' dir='ltr'>ampliatio-</span> 
     </span>
     <span class='ocr_line' id='line_1_67' title="bbox 1259 919 2000 963; baseline 0.003 -11"><span class='ocrx_word' id='word_1_323' title='bbox 1259 930 1332 952; x_wconf 86' lang='lat' dir='ltr'>nem</span> <span class='ocrx_word' id='word_1_324' title='bbox 1357 919 1568 963; x_wconf 77' lang='lat' dir='ltr'>praefixionis</span> <span class='ocrx_word' id='word_1_325' title='bbox 1590 920 1717 953; x_wconf 86' lang='lat' dir='ltr'>numeri</span> <span class='ocrx_word' id='word_1_326' title='bbox 1744 920 1917 955; x_wconf 87' lang='lat' dir='ltr'>duodecim</span> <span class='ocrx_word' id='word_1_327' title='bbox 1935 932 2000 954; x_wconf 89' lang='lat' dir='ltr'>ma-</span> 
     </span>
     <span class='ocr_line' id='line_1_68' title="bbox 1259 973 1997 1017; baseline 0.003 -12"><span class='ocrx_word' id='word_1_328' title='bbox 1259 973 1431 1015; x_wconf 78' lang='lat' dir='ltr'>gistrorum</span> <span class='ocrx_word' id='word_1_329' title='bbox 1458 973 1489 1005; x_wconf 90' lang='lat' dir='ltr'>in</span> <span class='ocrx_word' id='word_1_330' title='bbox 1515 973 1680 1016; x_wconf 70' lang='lat' dir='ltr'>praedicta</span> <span class='ocrx_word' id='word_1_331' title='bbox 1705 974 1873 1016; x_wconf 71' lang='lat' dir='ltr'>provincia</span> <span class='ocrx_word' id='word_1_332' title='bbox 1895 984 1997 1017; x_wconf 85' lang='lat' dir='ltr'>usque</span> 
     </span>
     <span class='ocr_line' id='line_1_69' title="bbox 1258 1025 1998 1069; baseline 0.001 -11"><span class='ocrx_word' id='word_1_333' title='bbox 1258 1026 1297 1058; x_wconf 92' lang='lat' dir='ltr'>ad</span> <span class='ocrx_word' id='word_1_334' title='bbox 1316 1036 1485 1059; x_wconf 89' lang='lat' dir='ltr'>numerum</span> <span class='ocrx_word' id='word_1_335' title='bbox 1509 1025 1780 1069; x_wconf 81' lang='lat' dir='ltr'>quindenarium¹</span> <span class='ocrx_word' id='word_1_336' title='bbox 1800 1037 1817 1059; x_wconf 83' lang='lat' dir='ltr'>a</span> <span class='ocrx_word' id='word_1_337' title='bbox 1838 1026 1934 1069; x_wconf 88' lang='lat' dir='ltr'>pleno</span> <span class='ocrx_word' id='word_1_338' title='bbox 1953 1037 1998 1059; x_wconf 88' lang='lat' dir='ltr'>ca·</span> 
     </span>
     <span class='ocr_line' id='line_1_70' title="bbox 1258 1078 1999 1122; baseline 0 -11"><span class='ocrx_word' id='word_1_339' title='bbox 1258 1078 1361 1122; x_wconf 88' lang='lat' dir='ltr'>pitulo</span> <span class='ocrx_word' id='word_1_340' title='bbox 1388 1079 1533 1122; x_wconf 80' lang='lat' dir='ltr'>generali</span> <span class='ocrx_word' id='word_1_341' title='bbox 1566 1078 1695 1111; x_wconf 89' lang='lat' dir='ltr'>Ordinis</span> <span class='ocrx_word' id='word_1_342' title='bbox 1732 1079 1918 1112; x_wconf 89' lang='lat' dir='ltr'>huiusmodi</span> <span class='ocrx_word' id='word_1_343' title='bbox 1944 1090 1999 1111; x_wconf 92' lang='lat' dir='ltr'>nu·</span> 
     </span>
     <span class='ocr_line' id='line_1_71' title="bbox 1258 1132 1996 1175; baseline -0.003 -10"><span class='ocrx_word' id='word_1_344' title='bbox 1258 1143 1315 1175; x_wconf 88' lang='lat' dir='ltr'>per</span> <span class='ocrx_word' id='word_1_345' title='bbox 1340 1132 1504 1165; x_wconf 86' lang='lat' dir='ltr'>celebrato</span> <span class='ocrx_word' id='word_1_346' title='bbox 1531 1132 1692 1165; x_wconf 85' lang='lat' dir='ltr'>decretam</span> <span class='ocrx_word' id='word_1_347' title='bbox 1708 1158 1715 1172; x_wconf 89' lang='lat'><strong>,</strong></span> <span class='ocrx_word' id='word_1_348' title='bbox 1740 1137 1775 1164; x_wconf 90' lang='lat' dir='ltr'>ut</span> <span class='ocrx_word' id='word_1_349' title='bbox 1804 1132 1996 1174; x_wconf 87' lang='lat' dir='ltr'>praefertur,</span> 
     </span>
     <span class='ocr_line' id='line_1_72' title="bbox 1257 1184 2000 1228; baseline 0 -11"><span class='ocrx_word' id='word_1_350' title='bbox 1257 1195 1315 1228; x_wconf 89' lang='lat' dir='ltr'>pro</span> <span class='ocrx_word' id='word_1_351' title='bbox 1340 1185 1474 1218; x_wconf 86' lang='lat' dir='ltr'>arbitrio</span> <span class='ocrx_word' id='word_1_352' title='bbox 1500 1190 1532 1218; x_wconf 90' lang='lat' dir='ltr'>et</span> <span class='ocrx_word' id='word_1_353' title='bbox 1556 1184 1756 1218; x_wconf 80' lang='lat' dir='ltr'>conscientia</span> <span class='ocrx_word' id='word_1_354' title='bbox 1781 1184 1889 1217; x_wconf 87' lang='lat' dir='ltr'>dilecti</span> <span class='ocrx_word' id='word_1_355' title='bbox 1916 1185 2000 1228; x_wconf 87' lang='lat' dir='ltr'>pari-</span> 
     </span>
     <span class='ocr_line' id='line_1_73' title="bbox 1258 1237 1999 1280; baseline 0 -10"><span class='ocrx_word' id='word_1_356' title='bbox 1258 1244 1306 1271; x_wconf 90' lang='lat' dir='ltr'>ter</span> <span class='ocrx_word' id='word_1_357' title='bbox 1329 1238 1385 1271; x_wconf 84' lang='lat' dir='ltr'>filii</span> <span class='ocrx_word' id='word_1_358' title='bbox 1402 1238 1571 1280; x_wconf 79' lang='lat' dir='ltr'>Augustini</span> <span class='ocrx_word' id='word_1_359' title='bbox 1591 1238 1680 1280; x_wconf 84' lang='lat' dir='ltr'>Pipia</span> <span class='ocrx_word' id='word_1_360' title='bbox 1701 1237 1848 1280; x_wconf 73' lang='lat' dir='ltr'>magistri</span> <span class='ocrx_word' id='word_1_361' title='bbox 1866 1248 1999 1280; x_wconf 82' lang='lat' dir='ltr'>genera-</span> 
     </span>
     <span class='ocr_line' id='line_1_74' title="bbox 1257 1291 1999 1334; baseline 0.001 -11"><span class='ocrx_word' id='word_1_362' title='bbox 1257 1291 1294 1323; x_wconf 87' lang='lat' dir='ltr'>lis</span> <span class='ocrx_word' id='word_1_363' title='bbox 1308 1291 1438 1324; x_wconf 90' lang='lat' dir='ltr'>Ordinis</span> <span class='ocrx_word' id='word_1_364' title='bbox 1457 1291 1626 1334; x_wconf 83' lang='lat' dir='ltr'>praedicti,</span> <span class='ocrx_word' id='word_1_365' title='bbox 1654 1291 1847 1323; x_wconf 86' lang='lat' dir='ltr'>auctoritate</span> <span class='ocrx_word' id='word_1_366' title='bbox 1872 1297 1999 1334; x_wconf 87' lang='lat' dir='ltr'>aposto-</span> 
     </span>
     <span class='ocr_line' id='line_1_75' title="bbox 1257 1343 1999 1388; baseline -0.001 -11"><span class='ocrx_word' id='word_1_367' title='bbox 1257 1344 1325 1384; x_wconf 81' lang='lat' dir='ltr'>lica,</span> <span class='ocrx_word' id='word_1_368' title='bbox 1341 1350 1457 1377; x_wconf 85' lang='lat' dir='ltr'>tenore</span> <span class='ocrx_word' id='word_1_369' title='bbox 1476 1344 1706 1388; x_wconf 87' lang='lat' dir='ltr'>praesentium,</span> <span class='ocrx_word' id='word_1_370' title='bbox 1722 1343 1951 1376; x_wconf 81' lang='lat' dir='ltr'>confirmamus</span> <span class='ocrx_word' id='word_1_371' title='bbox 1967 1349 1999 1377; x_wconf 86' lang='lat' dir='ltr'>et</span> 
     </span>
     <span class='ocr_line' id='line_1_76' title="bbox 1256 1396 1998 1440; baseline -0.003 -10"><span class='ocrx_word' id='word_1_372' title='bbox 1256 1397 1484 1440; x_wconf 85' lang='lat' dir='ltr'>approbamus,</span> <span class='ocrx_word' id='word_1_373' title='bbox 1509 1396 1619 1439; x_wconf 86' lang='lat' dir='ltr'>illique</span> <span class='ocrx_word' id='word_1_374' title='bbox 1644 1396 1844 1429; x_wconf 90' lang='lat' dir='ltr'>inviolabilis</span> <span class='ocrx_word' id='word_1_375' title='bbox 1869 1402 1998 1439; x_wconf 85' lang='lat' dir='ltr'>aposto-</span> 
     </span>
     <span class='ocr_line' id='line_1_77' title="bbox 1255 1449 1997 1483; baseline 0 -1"><span class='ocrx_word' id='word_1_376' title='bbox 1255 1451 1336 1483; x_wconf 89' lang='lat' dir='ltr'>licae</span> <span class='ocrx_word' id='word_1_377' title='bbox 1361 1449 1522 1482; x_wconf 80' lang='lat' dir='ltr'>firmitatis</span> <span class='ocrx_word' id='word_1_378' title='bbox 1557 1449 1658 1482; x_wconf 88' lang='lat' dir='ltr'>robur</span> <span class='ocrx_word' id='word_1_379' title='bbox 1690 1449 1880 1482; x_wconf 85' lang='lat' dir='ltr'>adiicimus:</span> <span class='ocrx_word' id='word_1_380' title='bbox 1910 1450 1997 1482; x_wconf 74' lang='lat' dir='ltr'>salva</span> 
     </span>
     <span class='ocr_line' id='line_1_78' title="bbox 1257 1501 1994 1546; baseline -0.001 -11"><span class='ocrx_word' id='word_1_381' title='bbox 1257 1508 1364 1535; x_wconf 87' lang='lat' dir='ltr'>tamen</span> <span class='ocrx_word' id='word_1_382' title='bbox 1390 1512 1518 1546; x_wconf 87' lang='lat' dir='ltr'>semper</span> <span class='ocrx_word' id='word_1_383' title='bbox 1536 1503 1569 1534; x_wconf 91' lang='lat' dir='ltr'>in</span> <span class='ocrx_word' id='word_1_384' title='bbox 1586 1501 1775 1545; x_wconf 84' lang='lat' dir='ltr'>praemissis</span> <span class='ocrx_word' id='word_1_385' title='bbox 1801 1502 1994 1535; x_wconf 85' lang='lat' dir='ltr'>auctoritate</span> 
     </span>
     <span class='ocr_line' id='line_1_79' title="bbox 1255 1555 1993 1598; baseline -0.001 -10"><span class='ocrx_word' id='word_1_386' title='bbox 1255 1555 1527 1598; x_wconf 78' lang='lat' dir='ltr'>Congrcgationis</span> <span class='ocrx_word' id='word_1_387' title='bbox 1548 1555 1740 1588; x_wconf 84' lang='lat' dir='ltr'>eorumdem</span> <span class='ocrx_word' id='word_1_388' title='bbox 1767 1555 1993 1587; x_wconf 86' lang='lat' dir='ltr'>cardinalium.</span> 
     </span>
    </p>

    <p class='ocr_par' dir='ltr' id='par_1_11' title="bbox 1255 1607 2154 1700">
     <span class='ocr_line' id='line_1_80' title="bbox 1298 1607 2154 1651; baseline -0.002 -10"><span class='ocrx_word' id='word_1_389' title='bbox 1298 1609 1312 1651; x_wconf 60' lang='grc' dir='ltr'><strong>ἓ</strong></span> <span class='ocrx_word' id='word_1_390' title='bbox 1337 1608 1368 1641; x_wconf 81' lang='grc'>3.</span> <span class='ocrx_word' id='word_1_391' title='bbox 1396 1608 1631 1647; x_wconf 87' lang='lat' dir='ltr'>Decernentes,</span> <span class='ocrx_word' id='word_1_392' title='bbox 1648 1607 1779 1640; x_wconf 86' lang='lat' dir='ltr'>easdem</span> <span class='ocrx_word' id='word_1_393' title='bbox 1804 1613 1994 1650; x_wconf 84' lang='lat' dir='ltr'>praesentes</span> <span class='ocrx_word' id='word_1_394' title='bbox 2034 1615 2154 1639; x_wconf 64' lang='lat' dir='ltr'>clausurae.</span> 
     </span>
     <span class='ocr_line' id='line_1_81' title="bbox 1255 1660 1808 1700; baseline -0.002 -7"><span class='ocrx_word' id='word_1_395' title='bbox 1255 1661 1379 1693; x_wconf 87' lang='lat' dir='ltr'>litteras</span> <span class='ocrx_word' id='word_1_396' title='bbox 1405 1660 1523 1700; x_wconf 84' lang='lat' dir='ltr'>firmas,</span> <span class='ocrx_word' id='word_1_397' title='bbox 1548 1661 1680 1700; x_wconf 86' lang='lat' dir='ltr'>validas,</span> <span class='ocrx_word' id='word_1_398' title='bbox 1706 1664 1769 1693; x_wconf 87' lang='lat' dir='ltr'>etc.</span> <span class='ocrx_word' id='word_1_399' title='bbox 1787 1660 1808 1692; x_wconf 82' lang='lat'>².</span> 
     </span>
    </p>

    <p class='ocr_par' dir='ltr' id='par_1_12' title="bbox 1255 1713 2192 1917">
     <span class='ocr_line' id='line_1_82' title="bbox 1297 1713 2192 1768; baseline -0.002 -21"><span class='ocrx_word' id='word_1_400' title='bbox 1297 1715 1311 1757; x_wconf 66' lang='grc' dir='ltr'>ἓ</span> <span class='ocrx_word' id='word_1_401' title='bbox 1335 1715 1368 1748; x_wconf 69' lang='lat' dir='ltr'>li.</span> <span class='ocrx_word' id='word_1_402' title='bbox 1395 1714 1464 1747; x_wconf 88' lang='lat' dir='ltr'>Non</span> <span class='ocrx_word' id='word_1_403' title='bbox 1490 1715 1692 1747; x_wconf 87' lang='lat' dir='ltr'>obstantibus</span> <span class='ocrx_word' id='word_1_404' title='bbox 1728 1713 1934 1757; x_wconf 88' lang='lat' dir='ltr'>praemissis,</span> <span class='ocrx_word' id='word_1_405' title='bbox 1959 1722 2192 1768; x_wconf 28' lang='lat' dir='ltr'>aeclesia-ismarum</span> 
     </span>
     <span class='ocr_line' id='line_1_83' title="bbox 1255 1754 2125 1810; baseline -0.001 -10"><span class='ocrx_word' id='word_1_406' title='bbox 1255 1768 1542 1801; x_wconf 88' lang='lat' dir='ltr'>constitutionibus</span> <span class='ocrx_word' id='word_1_407' title='bbox 1576 1773 1608 1800; x_wconf 88' lang='lat' dir='ltr'>et</span> <span class='ocrx_word' id='word_1_408' title='bbox 1640 1767 1901 1801; x_wconf 86' lang='lat' dir='ltr'>ordinationibus</span> <span class='ocrx_word' id='word_1_409' title='bbox 1923 1777 1995 1810; x_wconf 86' lang='lat' dir='ltr'>apo·</span> <span class='ocrx_word' id='word_1_410' title='bbox 2020 1754 2125 1775; x_wconf 32' lang='lat' dir='ltr'>ww&amp;</span> 
     </span>
     <span class='ocr_line' id='line_1_84' title="bbox 1255 1819 1994 1863; baseline 0 -10"><span class='ocrx_word' id='word_1_411' title='bbox 1255 1821 1387 1861; x_wconf 79' lang='lat' dir='ltr'>stolicis,</span> <span class='ocrx_word' id='word_1_412' title='bbox 1407 1831 1545 1860; x_wconf 88' lang='lat' dir='ltr'>necnon,</span> <span class='ocrx_word' id='word_1_413' title='bbox 1570 1825 1730 1863; x_wconf 88' lang='lat' dir='ltr'>quatenus</span> <span class='ocrx_word' id='word_1_414' title='bbox 1752 1830 1835 1863; x_wconf 88' lang='lat' dir='ltr'>opus</span> <span class='ocrx_word' id='word_1_415' title='bbox 1856 1819 1907 1860; x_wconf 89' lang='lat' dir='ltr'>sit,</span> <span class='ocrx_word' id='word_1_416' title='bbox 1923 1830 1994 1862; x_wconf 88' lang='lat' dir='ltr'>pro-</span> 
     </span>
     <span class='ocr_line' id='line_1_85' title="bbox 1255 1873 1992 1917; baseline -0.004 -8"><span class='ocrx_word' id='word_1_417' title='bbox 1255 1876 1381 1909; x_wconf 85' lang='lat' dir='ltr'>vinciae</span> <span class='ocrx_word' id='word_1_418' title='bbox 1409 1881 1440 1908; x_wconf 87' lang='lat' dir='ltr'>et</span> <span class='ocrx_word' id='word_1_419' title='bbox 1463 1874 1594 1908; x_wconf 86' lang='lat' dir='ltr'>Ordinis</span> <span class='ocrx_word' id='word_1_420' title='bbox 1619 1874 1873 1917; x_wconf 78' lang='lat' dir='ltr'>praedictorum.</span> <span class='ocrx_word' id='word_1_421' title='bbox 1900 1873 1992 1906; x_wconf 79' lang='lat' dir='ltr'>etc.³.</span> 
     </span>
    </p>

    <p class='ocr_par' dir='ltr' id='par_1_13' title="bbox 1255 1926 1996 2078">
     <span class='ocr_line' id='line_1_86' title="bbox 1299 1926 1996 1970; baseline -0.003 -10"><span class='ocrx_word' id='word_1_422' title='bbox 1299 1929 1411 1960; x_wconf 88' lang='lat' dir='ltr'>Datum</span> <span class='ocrx_word' id='word_1_423' title='bbox 1440 1928 1574 1967; x_wconf 83' lang='lat' dir='ltr'>Romae,</span> <span class='ocrx_word' id='word_1_424' title='bbox 1599 1927 1683 1970; x_wconf 88' lang='lat' dir='ltr'>apud</span> <span class='ocrx_word' id='word_1_425' title='bbox 1705 1926 1735 1959; x_wconf 89' lang='lat' dir='ltr'>S.</span> <span class='ocrx_word' id='word_1_426' title='bbox 1756 1926 1886 1959; x_wconf 86' lang='lat' dir='ltr'>Mariam</span> <span class='ocrx_word' id='word_1_427' title='bbox 1904 1926 1996 1959; x_wconf 90' lang='lat' dir='ltr'>Maio-</span> 
     </span>
     <span class='ocr_line' id='line_1_87' title="bbox 1255 1978 1995 2021; baseline -0.003 -7"><span class='ocrx_word' id='word_1_428' title='bbox 1255 1993 1335 2021; x_wconf 83' lang='lat' dir='ltr'>rem,</span> <span class='ocrx_word' id='word_1_429' title='bbox 1355 1978 1412 2014; x_wconf 86' lang='lat' dir='ltr'>sub</span> <span class='ocrx_word' id='word_1_430' title='bbox 1435 1982 1558 2014; x_wconf 89' lang='lat' dir='ltr'>annulo</span> <span class='ocrx_word' id='word_1_431' title='bbox 1575 1980 1758 2021; x_wconf 69' lang='lat' dir='ltr'>piscatoris,</span> <span class='ocrx_word' id='word_1_432' title='bbox 1776 1980 1828 2013; x_wconf 87' lang='lat' dir='ltr'>die</span> <span class='ocrx_word' id='word_1_433' title='bbox 1851 1990 1909 2013; x_wconf 82' lang='lat' dir='ltr'>xi11</span> <span class='ocrx_word' id='word_1_434' title='bbox 1927 1979 1995 2013; x_wconf 90' lang='lat' dir='ltr'>iulii</span> 
     </span>
     <span class='ocr_line' id='line_1_88' title="bbox 1255 2033 1949 2078; baseline -0.006 -9"><span class='ocrx_word' id='word_1_435' title='bbox 1255 2045 1418 2075; x_wconf 65' lang='lat' dir='ltr'>MDCCXXIL</span> <span class='ocrx_word' id='word_1_436' title='bbox 1444 2035 1651 2078; x_wconf 85' lang='lat' dir='ltr'>pontificatus</span> <span class='ocrx_word' id='word_1_437' title='bbox 1673 2033 1779 2067; x_wconf 91' lang='lat' dir='ltr'>nostri</span> <span class='ocrx_word' id='word_1_438' title='bbox 1805 2044 1889 2066; x_wconf 89' lang='lat' dir='ltr'>anno</span> <span class='ocrx_word' id='word_1_439' title='bbox 1914 2043 1949 2066; x_wconf 83' lang='lat'>11.</span> 
     </span>
    </p>

    <p class='ocr_par' dir='ltr' id='par_1_14' title="bbox 1292 2095 1913 2131">
     <span class='ocr_line' id='line_1_89' title="bbox 1292 2095 1913 2131; baseline -0.003 -8"><span class='ocrx_word' id='word_1_440' title='bbox 1292 2097 1351 2123; x_wconf 78' lang='lat' dir='ltr'>[lat.</span> <span class='ocrx_word' id='word_1_441' title='bbox 1373 2097 1420 2123; x_wconf 88' lang='lat' dir='ltr'>die</span> <span class='ocrx_word' id='word_1_442' title='bbox 1444 2097 1474 2123; x_wconf 74' lang='lat'>13</span> <span class='ocrx_word' id='word_1_443' title='bbox 1493 2096 1550 2123; x_wconf 91' lang='lat' dir='ltr'>iulii</span> <span class='ocrx_word' id='word_1_444' title='bbox 1573 2096 1650 2129; x_wconf 63' lang='lat'><strong>1722,</strong></span> <span class='ocrx_word' id='word_1_445' title='bbox 1672 2095 1773 2131; x_wconf 81' lang='lat' dir='ltr'>pontis.</span> <span class='ocrx_word' id='word_1_446' title='bbox 1795 2103 1867 2122; x_wconf 87' lang='lat' dir='ltr'>anno</span> <span class='ocrx_word' id='word_1_447' title='bbox 1886 2101 1913 2121; x_wconf 73' lang='grc' dir='ltr'>ιι.</span> 
     </span>
    </p>
   </div>
   <div class='ocr_carea' id='block_1_10' title="bbox 1574 2291 1681 2324">
    <p class='ocr_par' dir='ltr' id='par_1_15' title="bbox 1574 2291 1681 2324">
     <span class='ocr_line' id='line_1_90' title="bbox 1574 2291 1681 2324; baseline -0.009 0"><span class='ocrx_word' id='word_1_448' title='bbox 1574 2291 1681 2324; x_wconf 79' lang='lat' dir='ltr'><strong>XXIX.</strong></span> 
     </span>
    </p>
   </div>
   <div class='ocr_carea' id='block_1_11' title="bbox 1258 2395 1996 2493">
    <p class='ocr_par' dir='ltr' id='par_1_16' title="bbox 1258 2395 1996 2493">
     <span class='ocr_line' id='line_1_91' title="bbox 1258 2395 1996 2439; baseline -0.001 -10"><span class='ocrx_word' id='word_1_449' title='bbox 1258 2396 1503 2438; x_wconf 77' lang='lat' dir='ltr'>Confirmantur</span> <span class='ocrx_word' id='word_1_450' title='bbox 1527 2395 1687 2439; x_wconf 81' lang='lat' dir='ltr'>quaedam</span> <span class='ocrx_word' id='word_1_451' title='bbox 1711 2399 1835 2428; x_wconf 77' lang='lat' dir='ltr'>statuta</span> <span class='ocrx_word' id='word_1_452' title='bbox 1857 2395 1996 2438; x_wconf 67' lang='lat' dir='ltr'>Conqre-</span> 
     </span>
     <span class='ocr_line' id='line_1_92' title="bbox 1297 2448 1995 2493; baseline 0.001 -12"><span class='ocrx_word' id='word_1_453' title='bbox 1297 2449 1443 2493; x_wconf 71' lang='lat' dir='ltr'>yate&#39;om‘s</span> <span class='ocrx_word' id='word_1_454' title='bbox 1474 2449 1508 2482; x_wconf 81' lang='lat' dir='ltr'>S.</span> <span class='ocrx_word' id='word_1_455' title='bbox 1544 2448 1719 2492; x_wconf 76' lang='lat' dir='ltr'>Hippolyti</span> <span class='ocrx_word' id='word_1_456' title='bbox 1754 2448 1934 2481; x_wconf 75' lang='lat' dir='ltr'>Clzarz&#39;talis</span> <span class='ocrx_word' id='word_1_457' title='bbox 1959 2448 1995 2482; x_wconf 83' lang='lat' dir='ltr'>in</span> 
     </span>
    </p>
   </div>
   <div class='ocr_carea' id='block_1_12' title="bbox 1291 2536 1994 2661">
    <p class='ocr_par' dir='ltr' id='par_1_17' title="bbox 1291 2524 1994 2661">
     <span class='ocr_line' id='line_1_93' title="bbox 1293 2536 1994 2572; baseline 0 -8"><span class='ocrx_word' id='word_1_458' title='bbox 1293 2539 1303 2564; x_wconf 75' lang='lat' dir='ltr'>l</span> <span class='ocrx_word' id='word_1_459' title='bbox 1327 2537 1398 2564; x_wconf 85' lang='lat' dir='ltr'>Edit.</span> <span class='ocrx_word' id='word_1_460' title='bbox 1420 2536 1502 2563; x_wconf 68' lang='grc' dir='ltr'>Μαίη,</span> <span class='ocrx_word' id='word_1_461' title='bbox 1523 2536 1587 2571; x_wconf 83' lang='lat' dir='ltr'>legit</span> <span class='ocrx_word' id='word_1_462' title='bbox 1612 2536 1864 2571; x_wconf 75' lang='lat' dir='ltr'>quindenniorum</span> <span class='ocrx_word' id='word_1_463' title='bbox 1884 2537 1923 2572; x_wconf 74' lang='lat' dir='ltr'>(n.</span> <span class='ocrx_word' id='word_1_464' title='bbox 1942 2537 1994 2572; x_wconf 83' lang='grc' dir='ltr'><strong>τ.).</strong></span> 
     </span>
     <span class='ocr_line' id='line_1_94' title="bbox 1291 2581 1802 2617; baseline -0.002 -9"><span class='ocrx_word' id='word_1_465' title='bbox 1291 2582 1308 2608; x_wconf 78' lang='lat'><strong>2</strong></span> <span class='ocrx_word' id='word_1_466' title='bbox 1328 2582 1443 2617; x_wconf 78' lang='lat' dir='ltr'>Reliqua</span> <span class='ocrx_word' id='word_1_467' title='bbox 1463 2584 1492 2607; x_wconf 86' lang='lat' dir='ltr'>ut</span> <span class='ocrx_word' id='word_1_468' title='bbox 1511 2589 1571 2616; x_wconf 74' lang='lat' dir='ltr'>pag.</span> <span class='ocrx_word' id='word_1_469' title='bbox 1592 2581 1638 2607; x_wconf 72' lang='lat' dir='ltr'>eol</span> <span class='ocrx_word' id='word_1_470' title='bbox 1664 2582 1678 2607; x_wconf 81' lang='lat' dir='ltr'>b</span> <span class='ocrx_word' id='word_1_471' title='bbox 1698 2581 1737 2615; x_wconf 77' lang='lat' dir='ltr'>(n.</span> <span class='ocrx_word' id='word_1_472' title='bbox 1754 2581 1802 2615; x_wconf 83' lang='grc' dir='ltr'>τ.).</span> 
     </span>
     <span class='ocr_line' id='line_1_95' title="bbox 1293 2625 1794 2661; baseline -0.002 -9"><span class='ocrx_word' id='word_1_473' title='bbox 1293 2626 1307 2652; x_wconf 85' lang='grc'><strong><em>3</em></strong></span> <span class='ocrx_word' id='word_1_474' title='bbox 1328 2625 1441 2661; x_wconf 83' lang='lat' dir='ltr'>Reliqua</span> <span class='ocrx_word' id='word_1_475' title='bbox 1461 2628 1489 2652; x_wconf 81' lang='lat' dir='ltr'>ut</span> <span class='ocrx_word' id='word_1_476' title='bbox 1510 2633 1571 2660; x_wconf 80' lang='lat' dir='ltr'>pag.</span> <span class='ocrx_word' id='word_1_477' title='bbox 1592 2625 1643 2653; x_wconf 78' lang='grc' dir='ltr'>7οἱ</span> <span class='ocrx_word' id='word_1_478' title='bbox 1664 2634 1681 2652; x_wconf 86' lang='grc' dir='ltr'><em>α</em></span> <span class='ocrx_word' id='word_1_479' title='bbox 1703 2630 1737 2656; x_wconf 78' lang='lat' dir='ltr'>(a.</span> <span class='ocrx_word' id='word_1_480' title='bbox 1754 2626 1794 2661; x_wconf 83' lang='grc' dir='ltr'>τ.)</span> 
     </span>
    </p>
   </div>
  </div>
 </body>
</html>
