2269 3203
84 225 135 253 An.
155 224 185 252 C.
205 225 269 252 ¹701

106 286 189 316 Cauca-a
202 292 270 316 norae

85 318 237 334 concessionis.

99 1581 102 1582 γ
113 1553 171 1573 Nox-a
183 1559 268 1583 cences-

86 1585 118 1600 sto
142 1584 161 1600 u·
192 1587 212 1601 in
236 1586 269 1601 ru·

86 1606 155 1627 brica.

114 2288 234 2311 ctawutae.

912 226 1052 250 CLEMExs

326 277 341 321 ἓ
367 276 398 309 ⁶2.
425 276 515 310 Nunc
539 281 647 309 autem
667 284 734 315 nos,
762 275 800 308 ad
827 274 958 318 egregia
980 274 1027 307 di-

282 330 441 364 lectorum
460 328 603 362 filiorum
623 328 854 361 modernorum
881 327 1025 360 eiusdem

281 382 468 425 signaturae
508 380 648 413 iustitiae
689 381 870 414 volantium
910 380 1025 413 merita

279 441 434 480 paternae
467 434 646 476 dirigentes
679 433 952 467 considerationis
977 433 1025 466 in-

280 488 406 527 tuitum,
432 498 468 520 ac
492 487 633 530 benigne
651 488 892 531 perpendentes
921 498 1024 530 quan-

280 547 348 574 tum
383 541 444 585 ipsi
478 540 636 583 singulari
668 541 731 574 sint
755 540 829 574 Sodi
860 541 1023 583 praefatae

279 595 468 628 adiumento
507 594 739 637 Romanaeque
771 593 884 627 Curiae
928 604 1025 626 orna-

277 653 401 688 mento,
429 657 549 691 eosque
575 647 714 690 proinde
741 657 777 679 ac
802 647 932 680 illorum
959 657 1024 679 suc-

278 697 437 741 cessor'es,
455 706 490 732 ut
514 700 690 733 alacriores
716 700 749 732 in
775 700 844 733 dies
869 700 909 732 ad
930 710 1024 743 prae-

279 754 394 787 standa
420 753 526 786 eidem
545 753 620 786 Sedi
643 753 802 796 obsequia
828 753 1020 792 reddantur,

279 806 448 851 amplioris
468 806 576 838 favore
595 805 717 848 gratiae
736 806 892 849 prosequi
917 806 1024 838 volen-

279 866 338 901 tes,
358 865 390 894 et
415 860 557 903 ipsorum
583 860 816 892 modernorum
837 859 1024 891 referenda-

278 914 401 947 riorum
437 913 621 956 signaturae
658 912 799 945 iustitiae
838 912 1021 945 huiusmodi

277 966 454 1000 vetantium
490 965 674 1008 singulares
709 976 868 1009 personas
906 976 923 997 a
953 965 1024 1009 qui-

277 1020 384 1053 busvis
410 1019 773 1058 excommunicationis,
798 1018 1022 1062 suspensionis

280 1079 312 1106 et
331 1072 509 1112 interdicti,
538 1072 677 1115 aliisque
703 1072 932 1105 ecclesiasticis
951 1083 1017 1105 sen

278 1127 399 1166 tentiis,
415 1126 564 1160 censuris
590 1131 621 1159 et
645 1126 773 1169 poenis,
797 1136 814 1158 a
833 1125 899 1158 iure
917 1127 965 1159 vel
984 1125 1023 1158 ab

280 1180 426 1219 homine,
447 1180 558 1223 quavis
584 1179 758 1212 occasione
783 1180 831 1211 vel
857 1181 953 1211 causa
979 1180 1024 1211 la-

279 1233 332 1273 tis,
357 1232 382 1265 si
409 1232 529 1275 quibus
563 1232 813 1275 quomodolibet
848 1232 1023 1265 innodatae

278 1286 427 1326 existunt,
455 1286 493 1318 ad
519 1285 670 1318 effectum
696 1285 915 1329 praesentium
937 1286 1023 1318 dum·

279 1344 366 1372 taxat
396 1339 674 1382 consequendum,
701 1339 816 1372 harum
854 1339 939 1372 serie
970 1340 1023 1372 ab·

279 1393 445 1426 solventes
479 1398 511 1425 et
535 1392 699 1425 absolutas
736 1393 803 1425 fore
841 1398 1020 1431 censentes,

279 1451 369 1480 motu
395 1446 541 1489 proprio,
561 1456 596 1478 ac
615 1456 652 1478 ex
673 1448 760 1478 certa
778 1445 913 1478 scientia
934 1452 965 1479 et
985 1447 1023 1479 li-

278 1499 447 1532 beralitate
472 1498 603 1538 nostris,
622 1498 727 1542 deque
745 1498 944 1541 apostolicae
963 1510 1021 1542 po-

280 1551 402 1584 testatis
427 1550 642 1594 plenitudine,
671 1551 826 1594 praefatis
859 1552 1022 1585 modernis

280 1610 313 1638 et
335 1615 395 1648 pro
423 1610 569 1648 tempore
595 1605 807 1638 existentibus
831 1605 1022 1638 referenda-

280 1658 337 1690 riis
363 1658 511 1690 eiusdem
537 1658 719 1700 signaturae
746 1658 885 1691 iustitiae
912 1664 1023 1691 votan-

282 1710 380 1750 tibus,
407 1713 440 1743 ut
464 1710 537 1752 ipsi,
557 1711 652 1743 etiam
678 1711 818 1743 dimissis
843 1711 1022 1744 volantium

280 1763 467 1796 huiusmodi
486 1763 611 1805 officiis,
627 1763 787 1797 facultate¹
804 1765 1021 1797 transferendi

279 1815 461 1860 pensiones
497 1826 620 1848 annuas
655 1827 756 1860 usque
793 1817 832 1850 ad
865 1827 1021 1850 summam

279 1874 411 1901 centum
436 1874 600 1902 scutorum
628 1875 787 1909 monetae,
806 1880 823 1902 a
843 1870 938 1903 nobis
965 1881 1024 1913 per

278 1927 405 1955 nostras
431 1922 555 1955 litteras
580 1923 741 1965 praefatas
771 1928 806 1954 ut
841 1924 1024 1966 praefertur

279 1978 442 2015 concessa,
461 1975 516 2015 uti,
541 1975 602 2007 frui
625 1980 657 2008 et
682 1976 823 2018 gaudere
845 1976 948 2009 libere
970 1988 1025 2020 pa-

278 2029 358 2062 riter
375 2034 407 2062 et
423 2028 510 2062 licite
531 2029 659 2072 possint
677 2034 708 2062 et
727 2030 864 2069 valeant,
879 2030 911 2062 in
926 2031 1024 2063 omni-

278 2082 339 2114 bus
363 2086 395 2114 et
418 2092 477 2125 per
502 2081 619 2122 omnia,
647 2082 782 2125 perinde
808 2093 844 2115 ac
869 2082 893 2115 si
920 2083 1024 2117 officia

279 2135 460 2168 volantium
486 2135 673 2168 huiusmodi
713 2141 789 2168 tunc
821 2143 1022 2177 exercerent,

279 2194 393 2221 tenore
419 2189 640 2231 praesentium
666 2189 876 2222 concedimus
901 2190 1025 2233 pariter

280 2246 312 2274 et
336 2241 558 2283 indulgemus.

325 2294 340 2337 5
364 2293 396 2327 3.
424 2294 655 2334 Decernentes‚
678 2295 808 2328 easdem
834 2302 1023 2338 praesentes
1043 2297 1045 2319 ἱ

281 2346 417 2386 litteras,
439 2352 469 2380 et
493 2346 524 2379 in
547 2347 592 2379 eis
618 2351 769 2381 contenta
787 2359 1021 2393 quaecumque,

283 2400 373 2433 nullo
399 2410 541 2444 unquam
569 2406 714 2445 tempore
741 2403 779 2435 de
799 2403 1021 2446 subreptionis

283 2453 332 2486 vel
356 2453 559 2496 obreptionis
588 2459 641 2487 aut
665 2454 822 2488 nullitatis
845 2455 940 2496 vitio,
964 2467 1021 2489 seu

285 2504 472 2540 intentionis
487 2513 628 2548 nostrae,
647 2514 702 2541 aut
719 2508 878 2542 interesse
898 2509 1022 2543 haben-

285 2557 364 2591 tium
388 2562 585 2601 consensus,
611 2562 716 2595 aliove
747 2563 893 2606 quolibet
924 2564 1020 2598 ctiam

321 2621 332 2648 1
350 2619 418 2649 Male
433 2621 498 2650 edit.
509 2622 593 2650 Main.
609 2623 676 2660 legit
689 2624 844 2659 facultates
858 2626 900 2661 (a.
917 2626 967 2660 T.).

1081 226 1112 249 xi
1137 226 1185 249 rr.
1727 217 1769 251 39

1071 274 1278 317 quantumvis
1297 284 1415 318 magno
1441 280 1471 308 et
1497 274 1704 309 substantiali
1726 275 1810 310 defe-

1070 333 1122 360 ctu
1145 328 1264 368 notari,
1289 328 1485 371 impugnari,
1505 329 1684 368 retractari,
1701 329 1812 362 infrin-

1070 381 1112 423 gi,
1133 391 1188 413 seu
1216 381 1254 414 ad
1277 381 1432 414 terminos
1460 382 1537 414 iuris
1563 381 1688 422 reduci,
1707 387 1762 414 aut
1779 383 1810 415 in

1069 434 1325 467 controversiam
1365 435 1524 475 revocari,
1561 445 1617 468 scu
1658 436 1812 469 adversus

1069 487 1140 520 illas
1178 487 1369 531 aperitionis
1405 488 1492 527 oris,
1530 488 1745 522 restitutionis
1778 489 1811 522 in

1068 541 1240 583 integrum,
1267 541 1396 574 aliudve
1414 542 1642 585 quodcumque
1659 541 1749 582 iuris,
1768 542 1812 574 fa-

1068 594 1109 627 cti
1134 595 1183 627 vel
1210 594 1331 637 gratiae
1357 594 1537 627 remedium
1570 594 1735 637 impetrari
1761 596 1811 629 vel

1067 647 1233 687 intentari,
1247 653 1300 680 aut
1317 649 1503 691 impetrato,
1523 658 1578 681 seu
1596 649 1691 681 etiam
1710 654 1810 689 motu,

1067 700 1202 733 scientia
1220 706 1252 733 et
1272 701 1442 744 potestatis
1457 701 1662 744 plenitudine
1677 701 1812 744 paribus

1067 764 1225 786 concesso
1251 754 1301 786 vel
1327 760 1487 794 emanato‚
1507 754 1693 797 quempiam
1717 754 1749 787 in
1770 754 1813 786 iu-

1068 807 1151 840 dicio
1182 808 1230 840 vel
1263 813 1352 840 extra
1377 807 1456 840 illud
1483 808 1528 840 uti
1558 818 1616 840 seu
1643 818 1676 840 se
1703 807 1813 841 iuvare

1067 871 1176 904 posse,
1202 871 1309 904 neque
1336 861 1423 904 ipsas
1458 867 1649 905 praesentes
1685 862 1812 895 litteras

1067 915 1125 947 sub
1151 914 1316 957 quibusvis
1342 914 1495 947 similium
1528 916 1576 948 vel
1607 915 1812 948 dissimilium

1067 967 1244 1010 gratiarum
1263 967 1536 1007 revocationibus,
1553 967 1811 1008 limitationibus,

1067 1021 1204 1064 aliisque
1224 1020 1397 1053 contrariis
1415 1020 1697 1063 dispositionibus,
1716 1020 1811 1053 etiam

1067 1085 1126 1117 per
1152 1084 1211 1106 nos
1236 1074 1286 1106 vel
1309 1073 1472 1106 Romanos
1489 1073 1662 1106 Pontifices
1681 1084 1811 1107 succes-

1067 1138 1157 1160 sores
1192 1133 1323 1160 nostros
1349 1133 1380 1160 et
1407 1127 1524 1160 Sedem
1550 1128 1750 1170 praefatam,
1778 1129 1810 1161 In

1067 1191 1187 1223 genere
1208 1182 1257 1214 vel
1284 1181 1315 1213 in
1343 1181 1467 1224 specie,
1495 1186 1548 1213 aut
1573 1181 1651 1214 alias
1677 1191 1811 1224 quomo-

1068 1234 1192 1267 dolibet
1211 1239 1241 1266 et
1259 1234 1531 1276 quandocumque
1547 1233 1812 1274 faciendis,com-

1066 1287 1228 1330 prehendi
1254 1288 1304 1319 vel
1323 1288 1578 1330 comprehensas
1596 1289 1734 1328 censeri,
1753 1288 1811 1321 sed

1067 1350 1194 1383 semper
1212 1340 1251 1372 ab
1269 1339 1333 1373 illis
1352 1345 1515 1383 exceptas,
1529 1345 1569 1380 et,
1589 1340 1715 1384 quoties
1734 1341 1810 1374 illae

1067 1393 1275 1432 emanabunt,
1302 1394 1394 1425 toties
1421 1393 1450 1425 iu
1478 1393 1650 1436 pristinum
1680 1399 1708 1426 et
1734 1393 1812 1426 vali-

1067 1445 1234 1478 dissimum
1260 1451 1378 1478 statum
1405 1446 1578 1486 restitutas,
1600 1446 1758 1489 repositas
1781 1452 1813 1480 et

1066 1499 1211 1542 plenarie
1237 1499 1463 1542 reintegratas‚
1483 1511 1518 1532 ac
1540 1502 1636 1533 etiam
1655 1501 1693 1533 de
1714 1511 1809 1542 novo,

1066 1553 1123 1585 sub
1145 1564 1348 1596 quacumque
1367 1554 1540 1596 posteriori
1567 1554 1648 1594 data,
1668 1564 1728 1598 per
1745 1565 1809 1595 eOS,

1067 1607 1104 1639 ad
1131 1617 1214 1649 quos
1241 1617 1300 1650 pro
1327 1612 1473 1650 tempore
1493 1607 1662 1650 spectabit,
1690 1608 1813 1650 eligen-

1067 1661 1114 1699 da,
1137 1670 1308 1693 concessas
1328 1660 1477 1702 intelligi,
1492 1660 1811 1704 firmasque‚validas

1067 1719 1094 1746 et
1124 1713 1268 1746 efficaces
1293 1713 1430 1746 existere
1457 1719 1489 1746 ct
1507 1714 1586 1754 fore,
1612 1724 1648 1746 ac
1672 1713 1747 1753 illis,
1771 1715 1811 1748 ad

1067 1777 1146 1810 quos
1183 1771 1308 1810 spectat
1332 1772 1362 1799 et
1387 1777 1448 1810 pro
1480 1772 1627 1810 tempore
1659 1767 1808 1810 quando-

1067 1830 1206 1862 cumque
1240 1820 1410 1862 spectabit,
1437 1819 1468 1851 in
1500 1819 1652 1852 omnibus
1687 1825 1718 1853 et
1750 1831 1811 1864 per

1067 1873 1176 1905 omnia
1207 1873 1398 1915 plenissime
1428 1872 1615 1915 suffragari;
1642 1873 1752 1917 sicque
1779 1880 1811 1907 et

1067 1936 1130 1960 non
1149 1927 1241 1959 aliter
1258 1927 1289 1959 in
1309 1926 1493 1969 praemissis
1509 1937 1567 1970 per
1585 1937 1810 1971 quoscumque

1068 1980 1190 2013 iudices
1216 1979 1400 2013 ordinarios
1434 1984 1465 2012 et
1497 1979 1684 2022 delegatos,
1715 1980 1810 2013 etiam

1068 2044 1234 2066 causarum
1253 2032 1365 2076 palatii
1384 2033 1551 2076 apostolici
1578 2033 1755 2074 auditores,
1774 2044 1811 2066 ac

1067 2086 1098 2119 S.
1119 2087 1156 2120 R.
1176 2087 1211 2119 Ε.
1239 2086 1421 2119 cardinales
1449 2086 1545 2118 etiam
1573 2087 1611 2119 de
1638 2088 1739 2120 latere
1765 2087 1811 2120 le-

1068 2145 1169 2182 gatos,
1186 2140 1305 2172 aliosve
1321 2139 1485 2182 quoslibet
1500 2150 1704 2183 quacumque
1719 2150 1812 2183 prae-

1068 2193 1243 2226 eminentia
1265 2198 1297 2225 ct
1314 2197 1475 2235 potestate
1495 2193 1666 2235 fungentes
1684 2199 1716 2226 et
1736 2193 1809 2226 fun-

1067 2251 1195 2286 cturos,
1227 2246 1352 2279 sublata
1384 2246 1429 2279 eis
1463 2252 1494 2280 et
1523 2257 1637 2279 eorum
1676 2246 1809 2279 cuilibet

1067 2300 1178 2343 quavis
1205 2300 1301 2332 aliter
1326 2299 1491 2333 iudiCandi
1510 2304 1542 2332 et
1568 2300 1808 2343 interpretandi

1067 2353 1218 2386 facultate
1245 2358 1276 2385 et
1301 2353 1506 2393 auctoritate,
1527 2353 1665 2386 iudicari
1684 2358 1715 2386 et
1732 2352 1810 2386 defi-

1065 2405 1129 2438 niri
1163 2405 1310 2446 debere;
1347 2416 1381 2438 ac
1414 2405 1542 2438 irritum
1575 2411 1605 2438 et
1636 2405 1755 2445 inane,
1782 2406 1807 2438 si

1065 2468 1160 2491 secus
1192 2468 1293 2501 super
1330 2458 1379 2490 his
1417 2468 1434 2490 a
1471 2468 1658 2501 quoquam,
1697 2458 1808 2500 quavis

1065 2511 1268 2550 auctoritate,
1288 2511 1430 2544 scienter
1447 2513 1494 2544 vel
1515 2511 1714 2553 ignoranter,
1732 2520 1808 2542 con-

1066 2564 1177 2607 tigerit
1201 2564 1366 2597 attentari.

1108 2617 1123 2661 ἓ
1158 2617 1188 2650 4.
1223 2616 1377 2657 Quocirca
1411 2617 1536 2651 dilectis
1572 2616 1646 2651 filiis
1685 2615 1840 2656 nostrisd„

1817 227 1866 252 An.
1886 226 1902 252 C
1939 226 2000 254 1701

1853 2609 2001 2637 quuutores

1843 2638 1918 2663 putati.
