2269 3203
255 246 304 274 Αη.
322 247 340 271 c
374 245 440 272 t7t8
487 236 551 269 81ss

309 1312 369 1332 Fides
386 1314 440 1332 tian-

255 1342 390 1364 antiquorum.

286 2162 381 2181 Refertur
402 2161 442 2181 iam

259 2190 315 2207 otlita
381 2190 443 2210 liuius

258 2216 365 2236 pontilicis
395 2222 443 2237 con-

259 2245 348 2264 stitutio.

1027 244 1207 268 BULLARtt'Yu

450 294 523 327 tutis
540 299 570 326 et
583 294 891 334 consuetudinibus,
909 294 1004 327 etiam
1020 293 1189 325 immemo-

450 347 617 388 rabilibus,
638 347 820 391 privilegiis
839 357 984 390 quoque,
1004 346 1139 378 indultis
1158 350 1189 378 et

449 401 565 433 litteris
587 400 787 444 apostolicis,
817 400 1076 443 quibuscumque
1108 398 1187 431 locis

449 460 480 486 et
504 454 665 498 personis,
693 453 788 486 ctiam
807 463 1010 496 quacumque
1036 451 1189 484 ecclesia-

450 506 529 539 stica
554 507 603 539 vel
621 507 785 539 mundana
802 506 956 548 dignitate
975 504 1184 547 fulgentibus,

449 566 480 593 et
515 559 586 593 aliis
626 559 876 602 quomodolibet
915 557 1119 601 qualificatis‚
1153 567 1189 589 ac

449 612 624 656 specialem
666 611 910 654 expressionem
935 609 1186 653 requirentibus,

448 666 507 697 sub
534 665 794 708 quibuscumque
820 665 992 696 verborum
1019 662 1188 695 tenoribus

449 724 479 750 et
515 717 632 757 formis,
659 728 695 749 ac
712 727 784 750 cum
811 716 981 760 quibusvis
1003 715 1099 748 etiam
1133 715 1188 747 de-

450 770 687 813 rogatoriarum
717 769 941 812 derogatoriis,
965 769 1104 811 aliisque
1127 767 1189 799 effi·

450 822 650 861 camoribus,
700 820 932 854 efficacissimis
976 825 1008 852 et
1049 818 1189 852 insolitis

450 874 604 907 clausulis
636 873 848 912 irritantibus,
876 878 907 905 et
939 872 1009 905 aliis
1041 872 1188 913 decretis,

449 927 544 960 etiam
564 933 663 967 motu,
683 927 818 959 scientia
835 931 866 959 et
890 925 1059 969 potcstatis
1085 925 1190 968 pleni-

450 980 560 1013 tudine
587 980 760 1020 similibus,
797 990 833 1012 ac
859 978 1137 1018 consistorialiter,
1159 982 1191 1010 et

449 1032 528 1065 alias
554 1033 810 1076 quomodolibet,
826 1032 857 1064 in
876 1032 1075 1065 contrarium
1099 1041 1191 1075 prae-

450 1086 623 1119 missorum
657 1086 831 1125 concessis,
873 1085 977 1126 editis,
1018 1084 1117 1123 sactis,
1155 1094 1191 1116 ac

449 1139 574 1182 pluries
587 1139 722 1180 iteratis,
742 1145 772 1172 et
783 1140 1052 1183 quantiscumque
1066 1138 1190 1171 vicibus

451 1193 652 1236 approbatis,
664 1193 862 1226 confirmatis
877 1198 908 1226 et
922 1193 1103 1233 innovatis3
1120 1193 1190 1236 qui-

450 1246 510 1278 bus
538 1246 688 1278 omnibus
707 1251 738 1278 et
758 1246 906 1288 singulis,
929 1246 1066 1287 etiarnsi,
1089 1251 1150 1278 etc.
1167 1245 1186 1278 ¹.

495 1300 509 1342 ἓ
535 1299 566 1332 5.
600 1300 757 1332 Volumus
791 1305 905 1340 autem,
936 1305 972 1332 ut
1003 1301 1190 1333 earumdem

451 1353 672 1397 praesentium
689 1353 871 1386 litterarum
882 1353 1105 1396 transumptis,
1118 1352 1192 1386 εἰς.Β

496 1407 609 1439 Datum
640 1407 772 1446 Romae,
801 1407 887 1450 apud
916 1406 947 1439 S.
973 1407 1105 1441 Mariam
1131 1408 1192 1440 llla-

452 1459 572 1499 iorem,
608 1460 667 1492 sub
701 1460 821 1492 annulo
855 1460 1043 1501 piscatoris,
1078 1459 1128 1493 die
1172 1470 1190 1492 x

454 1513 635 1546 decembris
653 1523 833 1553 iimccxvlu,
857 1513 1063 1556 pontificatus
1089 1512 1191 1546 nostri

452 1577 538 1600 anno
562 1578 628 1600 xix.

486 1629 544 1656 Dat.
559 1629 601 1656 die
622 1630 653 1656 10
667 1629 818 1657 decembris
837 1629 913 1663 1718,
934 1629 1028 1665 pontif.
1048 1638 1119 1657 anno
1134 1637 1190 1657 xxx.

752 1745 893 1779 CCLXII.

454 1817 675 1859 Confirmatio*
698 1817 861 1850 decretum
897 1817 1038 1860 capituli
1060 1827 1191 1860 qenero-

497 1870 539 1902 tis
572 1871 808 1903 monachorum
837 1871 1105 1913 Conqreqatiom's
1140 1871 1193 1904 Rc-

495 1924 655 1966 formatae
679 1923 710 1955 S.
733 1923 898 1956 Bernardi
915 1923 952 1955 de
968 1923 1194 1966 superioribus

494 1976 639 2018 sinqulz‘s
663 1977 829 2008 sexennv'is
853 1976 1043 2019 eliyendr's3.

668 2047 804 2074 Clemens
826 2047 906 2081 Papa
925 2047 974 2080 xl,

570 2093 606 2119 ad
626 2095 805 2127 perpetuam
824 2092 869 2119 roi
890 2092 1073 2120 memoriam.

499 2156 513 2199 g
540 2155 570 2188 1.
599 2154 685 2188 Alias
711 2160 904 2187 emanarunt
924 2165 942 2187 a
962 2155 1057 2188 nobis
1084 2154 1122 2188 ad
1151 2155 1194 2188 sa-

454 2219 564 2241 vorem
582 2207 850 2251 Congregationis
867 2207 1073 2241 Reformatae
1091 2208 1193 2242 sancti

456 2261 612 2294 Bernardi
646 2262 879 2294 Monacliorum
916 2261 1044 2294 Ordinis
1076 2261 1195 2295 Cister-

491 2334 502 2358 1
527 2331 640 2367 Reliqua
661 2335 689 2358 ut
708 2339 791 2366 supra
812 2340 872 2366 pag.
894 2332 945 2358 656
966 2332 980 2358 b
1000 2332 1041 2366 (n.
1062 2332 1111 2366 T.).

489 2376 504 2402 ⁰2
525 2376 638 2411 Reliqua
652 2375 684 2402 de
702 2384 786 2410 more,
804 2379 832 2402 ut
847 2384 907 2411 pag.
925 2376 976 2402 704
991 2385 1008 2402 α
1023 2377 1061 2410 (R.
1074 2376 1123 2410 T.).

490 2422 505 2448 3
526 2421 638 2449 Constit.
660 2422 732 2448 edita
752 2428 894 2453 nnccxvut,
916 2421 959 2448 die
979 2422 995 2447 4
1015 2421 1087 2454 maii,
1109 2421 1197 2456 ponti-

456 2468 550 2494 ficatus
570 2473 645 2500 xvut,
667 2474 737 2501 quae
757 2465 800 2492 liic
819 2466 947 2498 refertur,
959 2469 1132 2501 prorogatum
1148 2466 1198 2492 suit

455 2511 604 2547 capitulum
623 2511 751 2546 generale
771 2511 803 2537 ad
824 2510 1002 2543 sexenniun13
1033 2515 1060 2537 et
1079 2510 1196 2537 Benedi-

455 2556 489 2582 cti
510 2555 566 2582 Xlll
587 2559 672 2582 const.
694 2554 737 2581 ed.
759 2561 916 2588 unccxxvu,
932 2554 976 2581 die
991 2554 1008 2580 2
1022 2554 1196 2589 septembris,

457 2600 550 2636 pontif.
570 2606 609 2634 ui,
631 2599 781 2626 restituitur
801 2599 955 2634 provinciae
975 2599 1115 2627 Calabriae
1135 2608 1196 2626 mo—

457 2645 604 2672 nasterium
624 2643 656 2671 de
675 2643 828 2679 Sagittario.

1234 244 1389 267 Romanu

1232 291 1348 324 ciensis
1379 292 1507 325 litterae
1543 292 1574 324 in
1609 291 1706 325 simili
1738 292 1838 325 forma
1863 291 1971 325 Brevis

1232 350 1362 378 tenores
1384 346 1440 389 qui
1459 346 1618 389 sequitur,
1634 346 1803 379 videlicet:

1277 398 1421 432 Clemens
1447 398 1515 432 PP.
1543 398 1611 438 XI,
1640 398 1683 430 ad
1706 401 1899 441 perpetuam
1923 398 1973 430 rei

1231 452 1429 484 memoriam.
1462 452 1560 492 Cum,
1588 451 1671 484 sicut
1705 451 1905 494 accepimus,
1939 451 1971 484 in

1232 503 1490 546 Congregatione
1524 504 1711 537 Reformata
1747 503 1778 536 S.
1815 503 1971 536 Bernardi

1231 558 1465 590 Monachorum
1483 558 1613 591 Ordinis
1630 557 1864 598 Cistcrciensis,
1882 555 1969 590 etc.¹.

1275 611 1290 653 ἓ
1314 610 1346 643 2.
1374 610 1449 644 Cum
1475 616 1596 651 mitem,
1625 611 1708 643 sicut
1739 611 1878 643 dilectus
1903 620 1971 642 mo·
1983 619 2093 641 naemu-1.
2110 622 2167 647 rapi-

1982 649 2018 667 tun
2028 648 2131 671 generalis
2140 648 2166 667 «le

1233 663 1353 696 dernus
1392 670 1586 706 procurator
1625 663 1790 706 generalis
1827 662 1971 695 eiusdem
1982 674 2167 703 celebrationum-

1232 716 1503 759 Congrcgationis
1539 716 1775 749 monachorum
1799 715 1894 748 nobis
1918 701 2167 756 nii-Eif.¹.2¹dns“⁰233i23

1232 780 1291 812 per
1316 769 1434 812 exponi
1461 769 1545 809 fecit,
1582 768 1749 802 memorati
1780 769 1907 801 vocales
1940 768 1971 801 in
1983 756 2169 809 i1'ii1s⁸‘s⁵2¹1¹22‘332

1234 822 1322 855 dicto
1340 821 1485 864 capitulo
1503 822 1659 864 generali,
1685 821 1736 855 die
1755 832 1785 855 ix
1805 821 1879 853 maii
1898 805 2045 864 pi·0-¹'b⁸¹⁸'

1232 875 1316 908 xime
1344 874 1513 918 praeteriti
1539 880 1572 907 ut
1596 875 1782 918 praefertur
1799 874 1973 916 celebrato,

1233 927 1265 960 in
1291 938 1393 970 eoque
1418 927 1589 970 praedicto
1614 926 1787 959 Francisco
1806 925 1974 967 cardinali,

1234 986 1347 1014 nostro
1373 986 1404 1014 et
1426 980 1571 1013 eiusdem
1590 979 1796 1023 Apostolicae
1810 979 1902 1012 Sedis
1920 990 1977 1013 no-

1234 1033 1330 1074 mine,
1352 1033 1572 1077 praesidente,
1602 1033 1770 1066 decretum
1800 1032 1974 1074 ediderint,

1234 1097 1298 1130 quo
1325 1096 1522 1119 consensum
1558 1096 1650 1119 suum
1683 1085 1914 1129 praebuerunt,
1941 1090 1977 1118 ut

1234 1150 1297 1172 non
1316 1139 1412 1172 modo
1430 1139 1607 1182 capitulum
1626 1140 1777 1182 generale
1804 1138 1974 1178 eiusmodi,

1234 1203 1343 1226 verum
1370 1192 1515 1225 oninium
1543 1192 1638 1225 etiam
1663 1191 1883 1235 superiorum,
1909 1196 1976 1225 tum

1234 1247 1405 1286 maiorum,
1431 1257 1503 1279 cmn
1527 1246 1692 1283 localium,
1708 1245 1810 1289 ipsius
1834 1245 1976 1288 Congre-

1235 1301 1373 1344 gationis
1388 1300 1493 1334 officia
1507 1300 1545 1333 de
1559 1300 1715 1333 sexennio
1731 1300 1769 1333 ad
1784 1300 1977 1333 sexennium

1234 1356 1265 1388 in
1293 1356 1434 1388 futurum
1462 1360 1728 1398 prorogarentur,
1759 1354 1863 1387 dictus
1899 1364 1976 1387 vero

1234 1413 1429 1453 procurator
1454 1408 1617 1450 generalis
1651 1407 1816 1440 decretum
1850 1407 1978 1450 praesa-

1236 1467 1301 1494 turn
1326 1460 1529 1504 apostolicae
1556 1459 1813 1492 confirmationis
1845 1465 1976 1493 nostrae

1234 1514 1415 1558 patrocinio
1441 1513 1634 1547 communiri
1652 1512 1832 1556 plurimum
1851 1513 1978 1546 deside-

1235 1575 1306 1602 ret:
1327 1578 1397 1607 nos,
1416 1567 1562 1600 eiusdem
1577 1566 1797 1609 procuratoris
1812 1566 1977 1609 generalis

1234 1623 1316 1655 votis
1342 1622 1400 1654 hac
1427 1621 1460 1653 in
1487 1631 1531 1660 re,
1559 1625 1713 1663 quantum
1739 1630 1809 1652 cum
1838 1619 1977 1653 Domino

1234 1685 1419 1718 possumus,
1429 1673 1651 1707 favorabiliter
1661 1683 1806 1706 annuere
1822 1673 1976 1713 volentes,

1236 1738 1376 1771 cumque
1402 1738 1419 1760 a
1437 1726 1602 1770 quibusvis
1620 1726 1978 1766 excommunicationis,

1235 1780 1462 1825 suspensionis
1496 1786 1528 1813 et
1559 1779 1739 1821 interdicti,
1766 1779 1904 1823 aliisque
1929 1790 1979 1813 ec-

1236 1834 1428 1867 clesiasticis
1454 1832 1646 1873 sententiis,
1671 1833 1819 1866 censuris
1846 1838 1877 1866 et
1901 1843 1979 1876 poe-

1237 1887 1297 1926 nis,
1322 1898 1339 1920 a
1364 1887 1432 1919 iure
1451 1887 1499 1919 vel
1525 1886 1564 1918 ab
1590 1885 1732 1927 homine,
1751 1886 1861 1929 quavis
1886 1896 1980 1919 occa-

1237 1941 1328 1974 sione
1355 1941 1403 1973 vel
1429 1941 1526 1973 causa
1551 1939 1632 1979 latis,
1659 1939 1685 1971 si
1711 1939 1828 1982 quibus
1845 1949 1980 1982 quomo·

1238 1994 1363 2028 dolibet
1387 1993 1564 2026 innodatae
1590 1992 1741 2032 existunt,
1765 1992 1803 2025 ad
1831 1991 1979 2026 effectum

1238 2047 1458 2092 praesentium
1491 2046 1655 2079 dumtaxat
1684 2046 1977 2089 consequendum,

1238 2103 1354 2135 harum
1381 2101 1465 2134 serie
1495 2100 1703 2133 absolventes
1731 2104 1762 2132 et
1792 2100 1980 2132 absolutum

1238 2156 1306 2189 sore
1328 2159 1512 2194 censentes,
1531 2151 1824 2197 supplicationibus
1849 2152 1918 2185 eius
1944 2163 1979 2186 ac

1979 243 2027 269 An.
2047 243 2074 270 C.
2093 244 2161 272 1719

1215 2234 1216 2239 ,
1237 2210 1408 2242 universae
1434 2207 1701 2250 Congregationis
1722 2205 1909 2249 praedictae
1926 2216 1980 2239 no-

1238 2263 1325 2296 mine
1351 2262 1445 2295 nobis
1470 2271 1569 2305 super
1594 2261 1656 2293 boc
1681 2259 1850 2292 humiliter
1866 2269 1980 2302 porre-

1238 2317 1295 2350 ctis
1330 2316 1473 2357 bcnigne
1508 2313 1663 2353 inclinati,
1696 2313 1735 2346 de
1770 2312 1979 2357 supradictae

1238 2368 1504 2412 Congregationis
1529 2366 1738 2410 particularis
1764 2366 1980 2400 cardinalium

1239 2421 1385 2461 consilio,
1411 2425 1660 2464 praenarratam
1679 2419 1854 2459 decretum,
1874 2424 1980 2452 aucto-

1240 2474 1333 2507 ritate
1358 2472 1549 2517 apostolica,
1591 2478 1705 2505 tenore
1731 2471 1951 2516 praesentium
1967 2499 1975 2513 ,

1240 2527 1462 2571 approbamus
1482 2530 1513 2558 et
1531 2524 1773 2566 confirmamus,
1792 2524 1907 2570 illique
1932 2524 1981 2558 in-

1240 2580 1402 2614 violabilis
1444 2579 1643 2623 apostolicae
1683 2578 1841 2612 firmitatis
1880 2579 1981 2612 robur

1277 2644 1286 2670 1
1310 2642 1376 2670 vide
1395 2650 1478 2678 supra
1496 2649 1558 2677 pag.
1579 2641 1629 2669 789
1643 2649 1661 2668 α
1680 2644 1706 2668 et
1726 2649 1783 2676 seq.
1804 2641 1843 2676 (u.
1858 2639 1908 2676 T.)-
