2269 3203
75 203 126 232 An.
147 204 174 232 C.
194 205 262 233 ¹716

270 258 302 286 et
327 253 371 285 uti
399 252 458 286 tale
485 253 545 286 sub
572 253 783 296 derogatIOne
821 252 1011 294 iurispatro-

270 311 366 338 natus
391 317 427 339 ex
454 306 626 350 privilegio
652 305 828 348 apostolico
853 305 902 337 vel
933 313 1009 336 con-

269 359 441 392 suetudine
476 364 528 392 aut
560 358 823 402 praescriptione
857 356 1009 399 acquisiti

269 413 457 445 nullatenus
483 410 741 455 comprehendi,
769 415 823 442 aut
849 410 894 442 illi
918 410 1007 442 nullo

268 475 411 507 unquam
426 470 582 507 tempore,
599 463 694 496 etiam
712 473 747 496 ex
763 463 859 495 causa
873 462 1011 495 vacatio-

268 518 317 550 nis
336 518 421 560 apud
439 517 556 550 Sedem
582 516 771 559 praefatam,
786 521 838 548 aut
855 525 1010 558 quocum-

269 581 331 613 que
357 570 419 603 alio
446 575 636 613 praetextu,
662 573 718 601 aut
739 578 774 601 ex
804 578 1007 611 quacumque

269 622 331 655 alia
356 624 461 661 causa,
493 621 700 665 quantumvis
731 621 884 662 legitima,
911 620 1007 653 etiam

268 686 329 718 per
354 685 413 708 nos
444 680 476 708 et
505 673 685 717 praedictos
712 673 874 706 Romanos
900 672 1008 705 Ponti-

268 727 343 760 fices
376 737 579 760 successores
612 732 741 760 nostros
775 736 834 769 pro
861 731 1008 768 tempore

269 779 474 820 existentes¹,
498 785 601 819 motu,
628 779 763 812 scientia
783 785 813 811 et
838 778 1007 821 potestatis

268 833 472 875 plenitudine
499 832 661 865 similibus
688 832 904 865 decernimus.

113 898 257 928 rtqmaasar-
313 885 327 928 ἓ
353 885 407 917 Μ.
435 885 606 928 Denique,
632 890 667 917 ut
691 884 723 917 111
761 888 912 917 eventum
932 910 939 924 ,
977 883 1006 915 in

73 924 365 982 pihfissi'r'issffflffisquem
390 939 574 982 praedictus
600 938 735 971 Ioannes
759 942 813 970 aut
837 947 895 980 pro
928 942 1008 968 tem-

72 977 174 1029 &233³
198 983 256 1003 '⁹⁸¹³
267 1001 347 1034 pore
373 991 514 1024 existens
540 990 761 1033 Portugalliae
789 995 820 1023 et
845 988 1008 1031 Algarbio-

266 1054 337 1077 rum
361 1054 429 1084 rex,
455 1044 589 1088 eiusque
617 1054 835 1083 successores,
854 1042 930 1075 alibi
953 1052 1007 1075 cu-

267 1097 348 1130 riam
365 1123 372 1136 ,
412 1107 590 1139 eorumque
617 1096 724 1138 regias
750 1105 905 1140 personas
923 1121 930 1135 ,
957 1096 1006 1128 vel

266 1155 435 1193 perpetuo,
456 1150 505 1183 vel
526 1160 585 1193 per
606 1150 739 1193 al'tquod
761 1148 915 1192 temporis
934 1158 1008 1192 spa-

266 1203 356 1242 tium,
378 1203 557 1245 respective
585 1202 820 1241 transtulerint,
840 1201 1006 1234 nihilomi-

265 1266 325 1288 nus
349 1255 441 1287 firma
466 1261 498 1288 et
522 1255 636 1288 illaesa
662 1265 831 1288 remanere
850 1254 1004 1294 debeant,

266 1313 328 1340 tam
354 1307 584 1340 cathedralitas
610 1308 712 1340 dictae
738 1307 928 1350 collegiatae
955 1317 1006 1339 ec-

263 1361 364 1394 lesiae
382 1387 390 1399 ,
418 1360 462 1393 sic
488 1372 504 1393 a
529 1361 623 1393 nobis
655 1361 687 1393 in
720 1360 1004 1403 metropolitanam

263 1420 295 1448 et
318 1414 567 1458 patriarchalem
586 1414 756 1448 ecclesiam
775 1414 1005 1458 Ulyssiponen-

262 1478 330 1501 sem
354 1468 590 1501 occidentalem
617 1473 754 1508 erectae,
782 1478 877 1511 quam
895 1467 1004 1500 onmia

263 1526 294 1553 et
319 1520 446 1563 singula
470 1521 641 1564 privilegia
672 1526 704 1554 et
738 1521 863 1554 indulta
896 1520 1002 1553 eidem

262 1574 443 1607 cathedrali
471 1574 628 1608 ecclesiae
654 1573 896 1618 Ulyssiponensi
922 1574 1004 1606 occi-

262 1627 383 1660 dentali
402 1627 446 1660 sic
463 1633 496 1659 111
515 1627 697 1671 praefertur
714 1638 885 1667 concessa,
906 1627 1001 1659 etiam

262 1685 362 1720 motu,
389 1680 525 1712 scientia
551 1685 583 1713 et
608 1680 777 1723 potestatis
799 1680 1001 1723 plenitudine

262 1733 407 1776 paribus,
435 1733 641 1766 decernimus
667 1739 697 1766 et
723 1734 936 1766 declaramus.

66 1793 252 1819 nmignaiioexe-
306 1787 321 1829 ξ
352 1785 405 1818 1⁶2.
441 1787 488 1819 Ad
530 1786 593 1819 hoc
623 1791 729 1820 autem
765 1792 799 1819 ut
831 1786 939 1820 omnia
971 1793 1002 1820 et

65 1823 389 1895 {gffis'tznffnilsiffiffsiiigula
414 1839 600 1882 supradicta
624 1850 641 1871 a
665 1839 758 1872 nobis
783 1850 936 1873 concessa
972 1846 1002 1874 et

65 1900 250 1952 fflss‘gssffltssssffl
262 1892 409 1926 ordinata
428 1919 436 1933 ,
462 1903 498 1925 ac
524 1893 554 1925 in
587 1893 813 1936 praesentibus
850 1899 1002 1927 contenta

65 1953 127 1998 nisi„
139 1951 292 2000 ‘cancella-et
313 1956 476 1989 expressa,
496 1946 624 1979 debitae
644 1946 852 1989 exequutioni
871 1947 1002 1980 deman-

65 1985 139 2051 {¹5ng
162 1987 392 2040 ἷὲιῗῖἷεῗ-’ᾱοηῑυιῃ
418 2010 453 2033 ac
470 2000 640 2043 perpetuis
663 2000 779 2032 suturis
799 2001 1000 2043 temporibus

66 2039 171 2081 censuffs.
228 2041 250 2055 ΕΓ
261 2053 300 2085 ab
326 2052 477 2085 onmibus
502 2057 533 2085 et
559 2052 694 2095 singulis
721 2052 856 2085 tirmiter
886 2059 917 2085 et
953 2053 1001 2085 in-

259 2105 456 2138 violabiliter
481 2105 716 2145 observentur,
743 2111 842 2145 motu,
865 2106 1000 2139 scientia

259 2163 290 2190 et
313 2158 483 2201 potestatis
507 2158 712 2201 plenitudine
738 2158 922 2199 similibus,
948 2169 1000 2192 ve—

258 2212 458 2245 nerabilibus
498 2211 653 2257 fratrib-us
688 2212 807 2245 nostris
843 2212 998 2253 Elvensi,

258 2264 461 2306 Algarbiensi
480 2264 830 2308 etMiradensi,eisque
850 2265 998 2299 deficien-

259 2316 343 2349 tibus
378 2327 434 2350 seu
470 2318 646 2361 impeditis,
673 2318 850 2361 Anguleusi
884 2323 916 2350 et
940 2318 996 2351 La-

258 2369 401 2402 macensi
431 2370 612 2413 episcopis,
638 2376 750 2404 tenore
775 2372 996 2414 praesentium

257 2421 457 2462 mandamus,
484 2428 644 2466 quatenus
670 2424 741 2467 ipsi,
766 2425 815 2457 vel
842 2435 922 2458 unus
948 2436 996 2458 eo-

257 2485 338 2515 rum,
363 2484 422 2517 per
446 2485 489 2514 se,
508 2477 558 2508 vel
583 2477 689 2518 alium,
709 2488 763 2510 seu
782 2478 875 2518 alios,
897 2478 995 2511 etiam

292 2545 305 2571 1
325 2544 424 2571 Desunt
446 2544 527 2572 verba
542 2545 679 2581 deroyari
694 2556 752 2574 mm
765 2556 856 2583 posse,
874 2557 924 2576 nec
944 2549 993 2576 de-

257 2591 394 2624 royalum
409 2589 530 2622 censeri,
546 2593 593 2617 aut
607 2590 705 2618 similia
718 2593 756 2625 (R.
774 2593 823 2627 T.).

345 2643 426 2673 Bau.
447 2643 532 2672 Rom.
549 2659 583 2664 -
602 2644 662 2673 Vol.
685 2645 761 2676 XXI.
905 2646 940 2675 93

909 203 1050 226 CLEMENS

1076 203 1108 226 xl
1133 203 1181 226 rr.
1699 196 1761 228 7537
1808 205 1855 231 An.
1878 204 1992 231 (1.1116

1055 250 1231 293 quatenus⁴
1265 250 1455 284 difficultate
1488 257 1676 284 ccctirreute
1715 258 1743 284 ct
1777 264 1793 285 a

1054 304 1148 336 nobis
1174 313 1238 335 11011
1264 303 1427 346 praevisa,
1456 314 1538 346 quac
1567 303 1715 336 cll‘eetum
1742 316 1793 336 oa-

1054 356 1201 389 rumdem
1227 356 1448 399 praesentium
1476 356 1609 388 minime
1629 357 1792 389 retardare

1052 410 1165 448 valeat,
1193 409 1322 442 easdem
1342 414 1530 452 praesentes
1549 408 1683 448 litteras,
1704 410 1792 441 nulla

1053 461 1245 504 interposita
1270 463 1360 494 1110111
1382 489 1389 501 ,
1417 461 1547 494 debitae
1581 462 1791 505 exequutioni

1053 514 1252 547 demandent
1277 525 1331 547 seu
1359 515 1548 547 demandari
1583 514 1700 547 saciant
1717 541 1724 553 ,
1758 525 1793 546 ac

1053 577 1148 599 unam
1174 573 1299 610 partem
1326 573 1389 599 tam
1417 567 1553 600 civitatis
1581 577 1676 610 quam
1704 566 1794 599 dioe-

1052 619 1132 652 cesis
1172 619 1434 663 Ulyssiponensis
1475 619 1639 662 prael'atae
1681 630 1791 652 versus

1052 671 1212 705 orientem
1239 682 1299 715 pro
1327 672 1459 715 propria
1485 673 1627 705 dioecesi
1658 683 1693 705 ac
1717 683 1791 715 pro-

1051 725 1124 768 prio
1152 725 1314 758 territorio
1341 725 1641 768 archiepiscopatus
1674 725 1792 768 [111551-

1051 778 1206 821 ponensis
1232 778 1420 817 orientalis,
1448 779 1582 811 alteram
1610 788 1686 811 vero
1719 788 1791 820 par-

1054 836 1116 863 tem
1136 829 1272 863 civitatis
1298 836 1329 862 et
1349 830 1508 863 dioecesis
1526 829 1791 873 Ulyssiponensis

1052 882 1238 915 huiusmodi
1264 893 1375 915 versus
1401 882 1605 915 occidentem
1641 882 1791 914 similiter

1050 946 1109 978 pro
1134 935 1265 978 propria
1290 935 1432 968 dioecesi
1460 940 1491 968 et
1507 934 1643 978 proprio
1667 935 1790 966 territo-

1051 988 1099 1021 rio
1126 988 1427 1031 archiepiscopatus
1452 987 1714 1031 Ulyssiponensis
1738 997 1790 1019 oc-

1050 1041 1219 1074 cidentalis
1245 1040 1443 1073 constituant
1468 1045 1499 1072 et
1532 1039 1721 1082 assignent,
1755 1049 1791 1071 ac

1050 1095 1192 1138 plantam
1208 1104 1279 1127 cum
1295 1093 1477 1127 confinibus
1493 1097 1524 1126 et
1541 1092 1788 1125 mensuratione

1050 1157 1109 1190 per
1133 1147 1252 1190 peritos
1279 1147 1480 1187 faciendam,
1508 1146 1593 1179 iuxta
1618 1145 1754 1178 formam
1773 1156 1790 1178 a

1050 1201 1145 1233 nobis
1172 1201 1314 1243 desuper
1339 1200 1584 1243 praescriptam,
1607 1204 1669 1232 tam
1689 1199 1790 1242 partis

1049 1254 1185 1286 civitatis
1210 1259 1242 1287 et
1266 1253 1426 1286 dioecesis
1455 1253 1720 1296 Ulyssiponensis
1758 1263 1791 1285 o-

1050 1308 1207 1347 rientalis,
1224 1318 1318 1351 quam
1330 1307 1430 1350 partis
1443 1307 1578 1340 civitatis
1591 1313 1622 1340 et
1633 1307 1789 1340 dioecesis

1049 1361 1309 1405 Ulyssiponensis
1333 1361 1544 1394 occidentalis
1574 1361 1758 1394 huiusmodi
1780 1389 1786 1401 ,

1048 1420 1111 1447 tam
1126 1414 1157 1447 in
1176 1415 1371 1448 cancellaria
1391 1425 1504 1447 eorum
1525 1414 1787 1457 episcopatuum,

1047 1479 1141 1511 quam
1179 1469 1210 1501 in
1250 1468 1450 1501 cancellariis
1486 1464 1787 1512 archiepiscopatus

1046 1521 1309 1565 Ulyssiponensis
1346 1521 1514 1555 orientalis
1549 1532 1584 1555 ac
1625 1522 1788 1564 archiepi-

1046 1580 1196 1617 scopatus
1221 1574 1486 1618 Ulyssiponensis
1503 1574 1726 1615 occidentalis,
1746 1575 1785 1607 ad

1045 1635 1237 1671 perpetuam
1262 1628 1308 1660 rei
1335 1628 1538 1667 memoriam,
1566 1638 1726 1670 reponere
1755 1634 1787 1660 et

1045 1691 1210 1714 asservare
1229 1681 1383 1720 debeant,
1410 1681 1575 1724 quodque,
1601 1682 1683 1713 ultra
1709 1680 1786 1713 divi-

1046 1734 1170 1767 sionem
1195 1734 1375 1777 praefatam
1401 1733 1446 1766 sic
1471 1738 1505 1766 111
1529 1733 1713 1777 praefertur
1745 1733 1786 1765 sa-

1045 1794 1128 1821 etam
1147 1815 1154 1828 ,
1182 1788 1290 1821 omnia
1315 1793 1346 1820 et
1371 1787 1497 1830 singula
1522 1786 1708 1830 supradicta
1745 1787 1784 1819 ab

1045 1842 1193 1874 omnibus
1224 1847 1255 1874 et
1287 1841 1443 1884 singulis,
1474 1840 1644 1884 perpetuis
1670 1841 1783 1872 suturis

1047 1895 1257 1938 temporibus,
1283 1905 1342 1939 per
1366 1905 1520 1927 censuras
1539 1900 1570 1927 et.
1590 1904 1713 1937 poenas
1733 1905 1783 1927 ec-

1045 1949 1239 1981 clesiasticas
1268 1959 1303 1981 ae
1328 1947 1390 1980 alia
1415 1952 1600 1991 opportuna
1633 1947 1710 1980 iuris
1737 1959 1785 1980 re-

1045 2001 1169 2040 media,
1195 2004 1226 2034 et
1256 2011 1461 2044 quacumque
1487 2000 1708 2043 appellatione
1734 2011 1783 2033 re-

1044 2056 1155 2094 mota,
1184 2053 1333 2087 invocato
1360 2054 1455 2086 etiam
1480 2054 1518 2086 ad
1546 2053 1608 2086 hoc
1628 2080 1635 2093 ,
1660 2054 1684 2086 si
1703 2064 1783 2096 opus

1044 2107 1162 2147 suerit,
1188 2107 1307 2140 auxilio
1332 2106 1457 2139 brachii
1484 2107 1666 2143 saecularis,
1688 2107 1783 2139 adim-

1043 2161 1124 2203 pleri
1151 2165 1182 2192 et
1206 2159 1441 2192 inviolabiliter
1461 2159 1628 2192 observari
1649 2160 1778 2192 saciant.

1085 2213 1100 2255 g
1129 2212 1182 2245 13.
1205 2212 1422 2246 Decernentes
1442 2219 1629 2256 propterea,
1651 2213 1977 2269 00511011]Νιὲιέιῐιῃεὲιὲεωηὲἱ

1041 2271 1229 2308 praesentes
1255 2266 1379 2298 litteras
1405 2276 1533 2307 semper
1559 2271 1591 2297 et
1621 2271 1780 2308 perpetuo
1791 2260 1938 2297 pascuales.

1041 2319 1162 2352 validas
1200 2325 1231 2352 01
1263 2318 1410 2351 efficaces
1440 2318 1577 2351 existere
1616 2324 1647 2351 et
1688 2319 1753 2352 sore
1774 2346 1781 2359 ,

1039 2382 1179 2415 suosque
1204 2372 1371 2415 plenarios
1409 2376 1439 2404 et
1473 2371 1616 2414 integros
1650 2371 1784 2405 effectus

1039 2425 1147 2458 sortiri
1184 2430 1215 2457 et
1251 2425 1401 2457 obtinere
1438 2424 1585 2463 debere,
1622 2434 1657 2456 ac
1690 2425 1781 2457 nullo

1038 2488 1180 2521 unquam
1207 2484 1355 2521 tempore
1381 2487 1417 2509 ex
1444 2486 1650 2520 quocumque
1676 2477 1781 2518 capite

1037 2531 1087 2563 vel
1114 2530 1262 2574 qualibet
1282 2532 1390 2570 causa,
1413 2529 1614 2572 quantumvis
1636 2528 1780 2570 legitima

1073 2594 1085 2620 1
1103 2591 1204 2621 Forsan
1225 2591 1353 2627 qualibet
1373 2590 1425 2627 leg.
1446 2598 1494 2626 pro
1511 2592 1655 2625 quatenus
1674 2589 1711 2624 (a.
1729 2588 1777 2624 1.).
