2269 3203
233 203 422 233 ammi-118
469 195 532 229 796

429 265 528 297 super
553 254 658 288 libero
693 255 848 289 exercitio
885 256 983 290 officii
1021 268 1076 290 seu
1103 268 1171 290 mu-

429 308 516 340 neris
553 308 742 342 huiusmodi
767 310 806 342 ab
833 310 949 343 eodem
980 310 1169 343 Innocentio

429 361 684 403 praedecessore
711 373 872 402 concessa,
893 363 987 396 etiam
1010 369 1170 406 perpetuo

431 414 546 447 barum
576 416 660 448 serie
697 416 915 459 approbamus
942 421 973 449 et
998 416 1170 449 confirma-

430 478 516 508 mus·‚
550 469 739 512 dictumque
765 469 972 502 Franciscum
999 470 1114 503 ducem
1139 474 1171 502 et

430 531 582 563 magnum
609 522 795 564 magistrum
822 533 876 555 seu
903 529 1097 565 perpetuum
1120 524 1192 557 {ld-¹

430 574 701 615 ministratorem,
728 575 862 618 eiusque
889 576 1028 608 familiae
1053 576 1170 610 Farne-

431 626 496 658 siae
524 627 761 660 descendentes
789 634 819 660 et
845 637 1049 662 successores
1075 640 1169 673 prae-

431 678 534 719 fatos,
562 680 593 712 in
621 680 771 712 omnibus
797 685 828 712 et
860 681 996 723 singulis
1029 681 1166 722 iuribus,

430 742 510 775 quae
537 732 621 765 dicto
647 733 756 766 Ioanni
784 733 941 775 Andreae,
967 735 1100 778 eiusque
1127 735 1170 768 sa-

430 785 537 819 miliae
563 786 705 829 Augelae
739 786 867 820 Flaviae
904 787 1108 828 Conmenae,
1142 789 1168 821 si

431 843 575 882 tempore
608 840 837 882 resignationis
874 841 913 873 ab
946 841 1017 884 ipso
1050 841 1167 875 Ioanne

430 892 559 925 Andrea
585 893 691 925 eidem
719 893 888 927 Francisco
915 894 987 927 duci
1014 900 1048 927 ut
1075 906 1169 939 prae-

430 944 531 977 fertur
557 945 667 985 sactae,
694 951 724 979 et
749 957 809 989 per
833 948 984 980 eumdem
1010 947 1167 981 Innocen-

430 998 506 1031 tium
522 999 807 1041 praedecessorem
823 1000 918 1033 etiam
937 1006 972 1033 ut
989 1002 1169 1044 praefertur

430 1052 641 1086 confirmatae
668 1058 699 1086 et
732 1054 943 1097 approbatae,
970 1055 1168 1099 extitissentf,

429 1106 467 1138 ad
495 1105 616 1138 dictum
654 1106 794 1139 officitim
820 1118 876 1140 seu
910 1118 1026 1141 munus
1059 1109 1167 1151 magni

428 1159 572 1201 magistri
612 1170 667 1192 seu
705 1161 856 1203 perpetui
893 1161 1168 1194 administratoris

428 1212 675 1255 quomodolibet
707 1213 937 1257 competebant
961 1225 1018 1247 seu
1043 1224 1169 1258 compc-

429 1270 497 1298 tere
521 1270 681 1309 poterant,
705 1273 744 1308 et,
766 1267 790 1300 si
818 1267 922 1301 dictus
947 1267 1085 1301 loannes
1112 1268 1169 1300 An-

428 1318 520 1351 dreas
538 1319 677 1352 officium
693 1330 747 1353 seu
763 1331 882 1353 munus
898 1320 1087 1353 huiusmodi
1104 1331 1168 1354 non

427 1371 651 1413 resignasset,
683 1373 851 1417 ipsiusque
889 1374 1009 1407 familia
1046 1374 1169 1417 Angela

428 1424 536 1458 Flavia
558 1425 722 1459 comnena
744 1427 911 1470 praedicta
937 1428 1078 1460 extincta
1103 1438 1167 1460 non

428 1477 560 1519 suisset,
598 1480 907 1524 quomodocumque
944 1485 1169 1524 competerent

429 1537 460 1564 et
480 1537 667 1575 competere
688 1540 830 1576 possent,
849 1534 988 1576 gratiose
1010 1545 1046 1567 ac
1063 1535 1168 1578 plena·

428 1584 473 1617 rie
499 1585 714 1628 subrogamus
741 1591 774 1619 et
798 1587 989 1630 subrogatos
1020 1597 1089 1620 esse
1114 1599 1168 1620 vo-

427 1639 534 1671 lumus
553 1644 584 1671 et
604 1640 829 1681 declaramus3
857 1651 1001 1681 necnon,
1024 1640 1168 1674 Militiam

428 1692 603 1725 Aureatam
640 1692 935 1727 Constantinianam
967 1694 1167 1737 praedictam

427 1745 467 1777 ab
493 1747 607 1779 eodem
625 1746 799 1780 Francisco
819 1748 900 1781 duce
919 1753 950 1781 et
966 1759 1084 1790 magno
1102 1759 1169 1781 ma-

427 1799 529 1840 gistro
562 1810 617 1832 seu
651 1806 811 1843 perpetuo
843 1800 1107 1834 administratore
1133 1806 1168 1833 ut

427 1853 610 1894 praefertur
634 1854 858 1896 instauratam,
877 1865 912 1887 ac
933 1855 998 1888 sere
1025 1855 1063 1888 de
1084 1866 1166 1888 novo

427 1912 567 1939 erectam
593 1912 625 1940 et
650 1907 852 1949 institutam,
880 1908 963 1953 dicta
990 1908 1168 1952 apostolica

426 1960 615 1993 auctoritate
633 1962 854 2004 approbantes
875 1967 907 1995 et
927 1961 1165 2002 confirmantes,

427 2013 643 2056 eumdemque
678 2013 885 2047 Franciscum
912 2015 1044 2055 ducem,
1072 2020 1103 2047 et
1127 2015 1165 2047 ab

426 2065 512 2098 illius
541 2067 662 2099 familia
687 2067 864 2100 Farnensia
890 2068 1164 2107 descendentem,

427 2118 482 2161 qui
501 2118 633 2152 Parmae
661 2123 691 2153 et
715 2120 898 2154 Placentiae
920 2121 981 2153 dux
1003 2132 1062 2164 pro
1088 2127 1168 2154 tem-

426 2182 506 2214 pore
525 2173 674 2212 extiterit,
698 2174 813 2206 ordine
839 2175 994 2217 praefato,
1014 2185 1166 2217 magnum

426 2225 615 2267 magistrum
634 2236 689 2258 seu
711 2232 905 2270 perpetuum
924 2228 1166 2262 administrato-

426 2288 493 2310 rem
520 2278 666 2311 eiusdem
693 2279 837 2321 Militiae,
857 2281 996 2324 perinde
1026 2292 1061 2314 ac
1083 2282 1107 2313 si
1126 2281 1165 2314 ab

426 2331 568 2374 ipsomet
593 2331 765 2366 Francisco
799 2334 879 2366 duce
904 2345 980 2367 vere
1015 2335 1054 2367 dc
1081 2345 1165 2367 novo

427 2389 535 2418 erecta
550 2390 580 2417 et
593 2385 738 2417 instituta
753 2386 871 2426 suisset,
886 2397 958 2420 cum
972 2387 1165 2427 honoribus,

426 2437 663 2480 praerogativis
689 2443 719 2470 et
744 2438 958 2480 facultatibus,
977 2440 1093 2482 quibus
1111 2440 1165 2473 alii

426 2491 562 2523 aliarum
589 2490 779 2523 militiarum
816 2492 1004 2525 huiusmodi
1030 2498 1162 2535 aposto-

424 2543 487 2576 lica
526 2543 718 2576 auctoritate
758 2543 1021 2577 confirmatarum
1057 2546 1165 2588 magni

423 2596 572 2641 magistri
607 2607 678 2630 cum
704 2597 770 2630 suis
796 2597 951 2631 militibus
984 2599 1165 2642 quomodo-

987 215 991 218 ·
1007 208 1188 232 BULLARIUM
1213 208 1369 232 ROMANUM

1959 211 2011 240 An.
2033 212 2063 240 C.
2080 213 2149 242 ¹718

1214 257 1295 289 libet
1307 261 1452 298 utuntur,
1469 257 1627 299 fruuntur,
1646 258 1816 302 potiuntur
1833 263 1864 292 et
1881 270 1955 303 gau-

1215 311 1301 350 dent,
1321 310 1443 354 absque
1461 311 1527 344 ullo
1553 322 1686 355 prorsus
1705 311 1902 353 discrimine,
1923 318 1954 346 et

1214 364 1283 395 sine
1309 364 1417 406 aliquo
1448 364 1657 407 antiquorum
1682 364 1801 398 iurium
1828 366 1954 409 praeiu-

1215 415 1310 456 dicio,
1333 417 1387 449 sed
1407 427 1490 449 nova
1508 417 1576 449 iura
1598 417 1738 460 antiquis
1758 419 1953 451 cumulando

1214 479 1315 512 eaque
1341 470 1574 511 conservando,
1600 476 1760 513 perpetuo
1786 471 1953 504 constitui-

1213 533 1283 555 mus
1309 528 1341 556 et
1366 524 1571 568 deputamus.

1257 576 1271 619 g
1289 575 1319 608 [4.
1341 577 1384 609 Ac
1402 576 1574 610 ecclesiam
1589 577 1623 609 B.
1639 576 1756 610 Mariae
1770 577 1858 610 della
1874 578 1953 611 Scec-
1976 591 2069 622 ⁴Erectio
2080 592 2150 613 oct-1·-

1213 632 1285 661 cata
1303 635 1507 672 nuncupatae
1534 628 1562 672 (¹
1582 630 1748 673 regiminis
1778 635 1809 663 et
1836 631 1953 673 guber·
1964 624 2009 665 {¹1³⁶
2034 618 2148 666 ῗέἶῗέζῖξῖιῗ

1213 682 1256 714 nii
1279 694 1296 716 a
1314 683 1571 726 Congregatione
1598 684 1770 727 praedicta,
1790 695 1807 717 a
1827 695 1897 727 qua,
1918 671 2035 718 utii‘igtim
2047 674 2150 721 ὃῑιὲῑῖριέἷ

1213 736 1407 779 praefertur,
1421 737 1489 779 regi
1508 742 1539 770 et
1554 737 1730 780 gubernari
1745 747 1847 780 usque
1866 748 1951 770 nunc
1963 730 2149 781 ἓῗῖῗπζῗιῗέἰᾛῗὲ

1213 789 1404 829 consuevit,
1440 789 1664 830 abdicatione,
1697 800 1734 823 ac
1765 777 2150 834 praedicto-{}¹c‘³i{'s¹i⁵a⁵r¹1¹2¹}='2'¹i¹÷i¹3

1214 852 1284 874 rum
1299 842 1560 886 vigintiquinque
1577 843 1769 876 clericorum
1788 854 1843 876 seu
1862 854 1951 887 pres·
1963 831 2148 879 &iiiii'aruiiifmm

1212 895 1398 939 byterorum
1428 897 1646 929 saecularium
1671 897 1905 940 praefatorum,
1935 908 1952 930 a

1213 948 1329 991 quibus
1355 949 1467 982 eadem
1494 950 1633 983 ecclesia
1658 946 1694 982 BL
1719 949 1834 983 Mariae
1864 949 1952 983 della

1213 1001 1356 1035 Sleccala
1381 1009 1585 1046 nuncupatae
1604 1013 1689 1036 nunc
1714 1009 1748 1035 ut
1772 1003 1953 1046 praefertur

1213 1055 1245 1087 in
1272 1055 1388 1088 divinis
1415 1056 1605 1097 deservitur,
1627 1057 1807 1100 amotione)
1829 1057 1862 1089 in
1885 1067 1953 1090 cer-

1214 1114 1278 1141 tam
1315 1110 1486 1143 ecclesiam
1501 1137 1508 1150 ,
1541 1116 1729 1153 certamque
1765 1110 1952 1153 praedictae

1214 1162 1343 1195 Militiae
1382 1163 1540 1197 Aureatae
1576 1163 1861 1197 Constantinianae
1895 1173 1949 1196 se-

1214 1215 1284 1248 dem
1300 1215 1503 1258 collegialem
1521 1226 1576 1249 seu
1591 1216 1848 1257 conventualem,
1870 1226 1952 1260 quae

1214 1274 1310 1312 caput
1339 1269 1475 1302 aliarum
1509 1270 1717 1303 ecclesiarum
1741 1269 1873 1303 Militiae
1899 1270 1953 1302 hu-

1213 1321 1349 1355 iusmodi
1375 1322 1407 1355 in
1433 1327 1602 1366 posterum
1635 1322 1864 1366 erigendarum
1889 1322 1953 1354 exi-

1212 1380 1283 1417 stat,
1309 1386 1345 1408 ac
1363 1376 1515 1409 omnibus
1542 1381 1573 1409 et
1589 1375 1726 1419 singulis
1755 1375 1951 1419 privilegiis,

1212 1428 1360 1469 indultis,
1394 1429 1578 1470 favoribus,
1612 1429 1890 1472 exemptionibus,
1915 1429 1954 1462 li-

1211 1482 1404 1523 bertatibus,
1432 1482 1733 1523 iurisdictionibus,
1758 1482 1953 1516 auctoritati-

1211 1537 1280 1577 bus,
1304 1537 1512 1570 sacultatibus
1533 1542 1565 1570 et
1589 1537 1711 1579 gratiis,
1731 1536 1848 1579 quibus
1869 1536 1952 1569 aliae

1212 1589 1335 1622 similes
1362 1589 1519 1623 ecclesiae
1538 1589 1727 1622 militiarum
1749 1589 1854 1633 capita
1872 1599 1952 1632 quo-

1211 1642 1396 1675 modolibet
1421 1642 1588 1685 gaudent,
1615 1647 1772 1682 utuntur,
1799 1642 1952 1675 fruuntur

1212 1700 1244 1727 et
1267 1695 1447 1738 potiuntur,
1472 1706 1528 1728 seu
1549 1695 1706 1738 gaudere,
1733 1696 1799 1735 uti,
1826 1695 1889 1728 frui
1920 1700 1951 1728 et

1212 1748 1309 1791 potiri
1328 1748 1457 1789 debent,
1476 1754 1638 1792 perpetuo
1664 1749 1812 1792 gaudeat,
1833 1753 1950 1789 utatur,

1213 1802 1358 1842 fruatur,
1391 1812 1427 1834 ac
1450 1801 1617 1845 potiatur,
1651 1812 1781 1835 necnon
1807 1813 1824 1835 a
1849 1802 1952 1845 vigin-

1213 1855 1382 1898 tiquinque
1416 1855 1545 1888 clericis
1576 1865 1633 1888 seu
1658 1855 1858 1898 presbyteris
1884 1855 1951 1888 ido-

1212 1908 1282 1941 neis
1312 1920 1330 1941 a
1359 1919 1445 1941 nunc
1477 1913 1507 1941 et
1528 1919 1587 1951 pro
1617 1913 1765 1952 tempore
1791 1908 1950 1942 existente

1212 1961 1317 1994 dictae
1336 1961 1467 1994 Militiae
1493 1972 1611 2005 magno
1636 1961 1789 2005 magistro
1808 1972 1863 1994 seu
1884 1972 1952 2005 per-

1211 2019 1310 2057 petuo
1333 2014 1600 2048 administratore
1618 2014 1777 2057 eligendis
1795 2019 1826 2047 et
1843 2015 1881 2047 ad
1902 2014 1951 2047 sui

1210 2067 1362 2110 placitum
1378 2068 1580 2108 amovendis,
1597 2067 1745 2111 aliisque,
1762 2068 1855 2101 toties
1873 2078 1952 2111 quo-

1211 2120 1271 2154 ties
1296 2132 1388 2154 casus
1414 2121 1569 2161 evenerit,
1594 2120 1826 2164 subrogandis,
1855 2126 1886 2154 et
1910 2121 1950 2153 ab

1211 2185 1249 2207 eo
1272 2174 1390 2217 insigni
1417 2174 1521 2207 crucis
1547 2175 1689 2208 eiusdem
1708 2173 1840 2207 Militiae
1862 2174 1951 2208 iuxta

1210 2227 1297 2260 illius
1332 2233 1450 2260 statuta
1481 2238 1538 2261 seu
1571 2227 1791 2260 stabilimenta
1829 2228 1951 2261 donan-

1211 2280 1274 2321 dis,
1295 2281 1348 2324 qui
1375 2281 1461 2324 apud
1488 2280 1605 2313 dictam
1632 2280 1803 2313 ecclesiam
1829 2280 1863 2313 B.
1886 2280 1950 2314 Ma-

1210 2333 1277 2366 riae
1302 2333 1389 2366 della
1414 2333 1555 2367 Sleccata
1571 2339 1780 2378 nuncupatae
1797 2344 1950 2378 persona-

1209 2385 1282 2418 liter
1307 2386 1453 2420 residere
1487 2392 1675 2427 teneantur,
1700 2397 1773 2419 cum
1805 2388 1950 2429 congrua

1208 2438 1297 2472 illius
1322 2440 1480 2473 menstrui
1501 2439 1619 2479 salarii,
1637 2441 1723 2483 quod
1742 2440 1950 2484 vigintiquin-

1210 2503 1272 2537 que
1291 2493 1418 2526 clericis
1432 2504 1488 2526 seu
1507 2494 1703 2537 presbyteris
1729 2494 1949 2527 saecularibus

1209 2550 1242 2577 ut
1259 2545 1441 2588 praefertur
1458 2546 1572 2579 amotis
1590 2551 1684 2579 autea
1698 2547 1854 2590 assignari
1873 2557 1950 2580 con-

1249 2609 1255 2634 l
1278 2607 1361 2634 Deest
1378 2615 1427 2635 vox
1443 2608 1567 2643 praeviat
1588 2608 1628 2636 vel
1640 2609 1773 2644 praeviis
1787 2610 1827 2645 (n.
1844 2610 1893 2646 T.).
