<?xml version="1.0" encoding="UTF-8"?>
<!DOCTYPE html PUBLIC "-//W3C//DTD XHTML 1.0 Transitional//EN"
    "http://www.w3.org/TR/xhtml1/DTD/xhtml1-transitional.dtd">
<html xmlns="http://www.w3.org/1999/xhtml" xml:lang="en" lang="en">
 <head>
  <title>
</title>
<meta http-equiv="Content-Type" content="text/html;charset=utf-8" />
  <meta name='ocr-system' content='tesseract 3.04.00' />
  <meta name='ocr-capabilities' content='ocr_page ocr_carea ocr_par ocr_line ocrx_word'/>
</head>
<body>
  <div class='ocr_page' id='page_1' title='image "./bullarumdiplomat21cath_0692.png"; bbox 0 0 2269 3203; ppageno 0'>
   <div class='ocr_carea' id='block_1_1' title="bbox 239 217 537 254">
    <p class='ocr_par' dir='ltr' id='par_1_1' title="bbox 239 217 537 254">
     <span class='ocr_line' id='line_1_1' title="bbox 239 217 537 254; baseline -0.013 0"><span class='ocrx_word' id='word_1_1' title='bbox 239 228 292 254; x_wconf 70' lang='lat' dir='ltr'>An.</span> <span class='ocrx_word' id='word_1_2' title='bbox 312 227 339 254; x_wconf 81' lang='lat' dir='ltr'>e.</span> <span class='ocrx_word' id='word_1_3' title='bbox 359 226 426 254; x_wconf 72' lang='lat'>1713</span> <span class='ocrx_word' id='word_1_4' title='bbox 472 217 537 252; x_wconf 68' lang='lat'>596</span> 
     </span>
    </p>
   </div>
   <div class='ocr_carea' id='block_1_2' title="bbox 240 500 427 709">
    <p class='ocr_par' dir='ltr' id='par_1_2' title="bbox 240 500 427 709">
     <span class='ocr_line' id='line_1_2' title="bbox 254 500 426 523; baseline -0.006 -1"><span class='ocrx_word' id='word_1_5' title='bbox 254 501 377 523; x_wconf 73' lang='lat' dir='ltr'>Rescrxatio</span> <span class='ocrx_word' id='word_1_6' title='bbox 389 500 426 521; x_wconf 85' lang='lat' dir='ltr'>ab·</span> 
     </span>
     <span class='ocr_line' id='line_1_3' title="bbox 241 529 426 549; baseline -0.011 0"><span class='ocrx_word' id='word_1_7' title='bbox 241 529 352 549; x_wconf 63' lang='lat' dir='ltr'>suiuuonis</span> <span class='ocrx_word' id='word_1_8' title='bbox 378 534 426 548; x_wconf 72' lang='lat' dir='ltr'>ceu-</span> 
     </span>
     <span class='ocr_line' id='line_1_4' title="bbox 241 562 356 579; baseline 0 -4"><span class='ocrx_word' id='word_1_9' title='bbox 241 562 336 576; x_wconf 56' lang='lat' dir='ltr'>surarnm</span> <span class='ocrx_word' id='word_1_10' title='bbox 353 571 356 579; x_wconf 84' lang='lat'>,</span> 
     </span>
     <span class='ocr_line' id='line_1_5' title="bbox 241 582 427 608; baseline -0.005 -7"><span class='ocrx_word' id='word_1_11' title='bbox 241 588 294 608; x_wconf 77' lang='lat' dir='ltr'>quas</span> <span class='ocrx_word' id='word_1_12' title='bbox 332 582 427 601; x_wconf 72' lang='lat' dir='ltr'>incurre-</span> 
     </span>
     <span class='ocr_line' id='line_1_6' title="bbox 240 608 426 633; baseline -0.011 -4"><span class='ocrx_word' id='word_1_13' title='bbox 240 611 289 629; x_wconf 83' lang='lat' dir='ltr'>runt</span> <span class='ocrx_word' id='word_1_14' title='bbox 306 608 426 633; x_wconf 63' lang='lat' dir='ltr'>expulsores</span> 
     </span>
     <span class='ocr_line' id='line_1_7' title="bbox 241 636 427 660; baseline -0.005 -6"><span class='ocrx_word' id='word_1_15' title='bbox 241 636 337 660; x_wconf 69' lang='lat' dir='ltr'>episcopi</span> <span class='ocrx_word' id='word_1_16' title='bbox 349 637 369 653; x_wconf 78' lang='lat' dir='ltr'>et</span> <span class='ocrx_word' id='word_1_17' title='bbox 380 640 427 659; x_wconf 76' lang='lat' dir='ltr'>par-</span> 
     </span>
     <span class='ocr_line' id='line_1_8' title="bbox 252 662 426 686; baseline 0 -6"><span class='ocrx_word' id='word_1_18' title='bbox 252 668 276 681; x_wconf 75' lang='lat' dir='ltr'>ici</span> <span class='ocrx_word' id='word_1_19' title='bbox 294 668 317 679; x_wconf 67' lang='lat' dir='ltr'>es</span> <span class='ocrx_word' id='word_1_20' title='bbox 331 662 350 680; x_wconf 85' lang='lat' dir='ltr'>in</span> <span class='ocrx_word' id='word_1_21' title='bbox 364 666 426 686; x_wconf 76' lang='lat' dir='ltr'>snpra</span> 
     </span>
     <span class='ocr_line' id='line_1_9' title="bbox 241 688 390 709; baseline -0.02 0"><span class='ocrx_word' id='word_1_22' title='bbox 241 688 315 709; x_wconf 63' lang='lat' dir='ltr'>relatis</span> <span class='ocrx_word' id='word_1_23' title='bbox 330 690 390 709; x_wconf 72' lang='lat' dir='ltr'>actis,</span> 
     </span>
    </p>
   </div>
   <div class='ocr_carea' id='block_1_3' title="bbox 407 275 1186 2654">
    <p class='ocr_par' dir='ltr' id='par_1_3' title="bbox 435 275 1175 480">
     <span class='ocr_line' id='line_1_10' title="bbox 435 275 1175 320; baseline 0 -13"><span class='ocrx_word' id='word_1_24' title='bbox 435 277 677 320; x_wconf 76' lang='lat' dir='ltr'>(praeterquam</span> <span class='ocrx_word' id='word_1_25' title='bbox 698 276 728 309; x_wconf 92' lang='lat' dir='ltr'>in</span> <span class='ocrx_word' id='word_1_26' title='bbox 748 277 861 309; x_wconf 89' lang='lat' dir='ltr'>mortis</span> <span class='ocrx_word' id='word_1_27' title='bbox 883 275 1032 316; x_wconf 86' lang='lat' dir='ltr'>articulo,</span> <span class='ocrx_word' id='word_1_28' title='bbox 1051 281 1082 308; x_wconf 89' lang='lat' dir='ltr'>et</span> <span class='ocrx_word' id='word_1_29' title='bbox 1100 280 1175 307; x_wconf 90' lang='lat' dir='ltr'>tunc</span> 
     </span>
     <span class='ocr_line' id='line_1_11' title="bbox 435 330 1175 369; baseline 0 -9"><span class='ocrx_word' id='word_1_30' title='bbox 435 341 505 362; x_wconf 77' lang='lat' dir='ltr'>eum</span> <span class='ocrx_word' id='word_1_31' title='bbox 525 330 739 364; x_wconf 67' lang='lat' dir='ltr'>reincidentizi</span> <span class='ocrx_word' id='word_1_32' title='bbox 758 330 788 363; x_wconf 93' lang='lat' dir='ltr'>in</span> <span class='ocrx_word' id='word_1_33' title='bbox 809 331 938 363; x_wconf 83' lang='lat' dir='ltr'>easdem</span> <span class='ocrx_word' id='word_1_34' title='bbox 954 339 1118 369; x_wconf 80' lang='lat' dir='ltr'>censuras,</span> <span class='ocrx_word' id='word_1_35' title='bbox 1138 338 1175 361; x_wconf 91' lang='lat' dir='ltr'>eo</span> 
     </span>
     <span class='ocr_line' id='line_1_12' title="bbox 435 381 1173 427; baseline -0.003 -12"><span class='ocrx_word' id='word_1_36' title='bbox 435 383 506 427; x_wconf 87' lang='lat' dir='ltr'>ipso</span> <span class='ocrx_word' id='word_1_37' title='bbox 523 394 584 426; x_wconf 89' lang='lat' dir='ltr'>quo</span> <span class='ocrx_word' id='word_1_38' title='bbox 600 383 840 427; x_wconf 86' lang='lat' dir='ltr'>convaluerint)</span> <span class='ocrx_word' id='word_1_39' title='bbox 856 383 979 416; x_wconf 80' lang='lat' dir='ltr'>absolvi</span> <span class='ocrx_word' id='word_1_40' title='bbox 996 388 1026 415; x_wconf 88' lang='lat' dir='ltr'>et</span> <span class='ocrx_word' id='word_1_41' title='bbox 1044 381 1173 414; x_wconf 87' lang='lat' dir='ltr'>liberari</span> 
     </span>
     <span class='ocr_line' id='line_1_13' title="bbox 436 435 1172 480; baseline -0.007 -10"><span class='ocrx_word' id='word_1_42' title='bbox 436 447 544 480; x_wconf 81' lang='lat' dir='ltr'>posse,</span> <span class='ocrx_word' id='word_1_43' title='bbox 564 437 677 470; x_wconf 90' lang='lat' dir='ltr'>barum</span> <span class='ocrx_word' id='word_1_44' title='bbox 704 437 788 470; x_wconf 82' lang='lat' dir='ltr'>serie</span> <span class='ocrx_word' id='word_1_45' title='bbox 815 436 966 469; x_wconf 87' lang='lat' dir='ltr'>similiter</span> <span class='ocrx_word' id='word_1_46' title='bbox 991 435 1172 468; x_wconf 84' lang='lat' dir='ltr'>statuimus.</span> 
     </span>
    </p>

    <p class='ocr_par' dir='ltr' id='par_1_4' title="bbox 407 487 1186 2654">
     <span class='ocr_line' id='line_1_14' title="bbox 481 487 1173 533; baseline -0.006 -10"><span class='ocrx_word' id='word_1_47' title='bbox 481 490 495 533; x_wconf 63' lang='grc' dir='ltr'><strong>ἓ</strong></span> <span class='ocrx_word' id='word_1_48' title='bbox 521 489 549 523; x_wconf 86' lang='grc'>8.</span> <span class='ocrx_word' id='word_1_49' title='bbox 576 489 742 529; x_wconf 87' lang='lat' dir='ltr'>Ceterum,</span> <span class='ocrx_word' id='word_1_50' title='bbox 769 500 838 521; x_wconf 89' lang='lat' dir='ltr'>cum</span> <span class='ocrx_word' id='word_1_51' title='bbox 865 488 984 522; x_wconf 91' lang='lat' dir='ltr'>notorii</span> <span class='ocrx_word' id='word_1_52' title='bbox 1012 488 1090 520; x_wconf 88' lang='lat' dir='ltr'>iuris</span> <span class='ocrx_word' id='word_1_53' title='bbox 1117 487 1173 527; x_wconf 87' lang='lat' dir='ltr'>sit,</span> 
     </span>
     <span class='ocr_line' id='line_1_15' title="bbox 407 541 1176 586; baseline -0.004 -10"><span class='ocrx_word' id='word_1_54' title='bbox 407 561 418 573; x_wconf 87' lang='lat'>..</span> <span class='ocrx_word' id='word_1_55' title='bbox 437 554 502 577; x_wconf 89' lang='lat' dir='ltr'>non</span> <span class='ocrx_word' id='word_1_56' title='bbox 529 548 591 576; x_wconf 89' lang='lat' dir='ltr'>tam</span> <span class='ocrx_word' id='word_1_57' title='bbox 618 553 683 579; x_wconf 78' lang='lat' dir='ltr'>eos,</span> <span class='ocrx_word' id='word_1_58' title='bbox 703 553 783 586; x_wconf 85' lang='lat' dir='ltr'>quos</span> <span class='ocrx_word' id='word_1_59' title='bbox 804 542 968 585; x_wconf 84' lang='lat' dir='ltr'>praefatus</span> <span class='ocrx_word' id='word_1_60' title='bbox 987 541 1176 574; x_wconf 80' lang='lat' dir='ltr'>Franciscus</span> 
     </span>
     <span class='ocr_line' id='line_1_16' title="bbox 438 594 1177 639; baseline -0.004 -11"><span class='ocrx_word' id='word_1_61' title='bbox 438 597 609 639; x_wconf 86' lang='lat' dir='ltr'>episeopus</span> <span class='ocrx_word' id='word_1_62' title='bbox 635 596 666 628; x_wconf 91' lang='lat' dir='ltr'>in</span> <span class='ocrx_word' id='word_1_63' title='bbox 694 600 762 628; x_wconf 85' lang='lat' dir='ltr'>actu</span> <span class='ocrx_word' id='word_1_64' title='bbox 790 606 868 628; x_wconf 87' lang='lat' dir='ltr'>suae</span> <span class='ocrx_word' id='word_1_65' title='bbox 900 594 1097 638; x_wconf 83' lang='lat' dir='ltr'>expulsionis</span> <span class='ocrx_word' id='word_1_66' title='bbox 1124 604 1177 626; x_wconf 84' lang='lat' dir='ltr'>ex-</span> 
     </span>
     <span class='ocr_line' id='line_1_17' title="bbox 438 647 1177 691; baseline -0.005 -9"><span class='ocrx_word' id='word_1_67' title='bbox 438 647 696 682; x_wconf 85' lang='lat' dir='ltr'>communicatos</span> <span class='ocrx_word' id='word_1_68' title='bbox 724 648 916 687; x_wconf 77' lang='lat' dir='ltr'>declaravit,</span> <span class='ocrx_word' id='word_1_69' title='bbox 944 658 1038 691; x_wconf 85' lang='lat' dir='ltr'>quam</span> <span class='ocrx_word' id='word_1_70' title='bbox 1065 657 1177 690; x_wconf 88' lang='lat' dir='ltr'>supra-</span> 
     </span>
     <span class='ocr_line' id='line_1_18' title="bbox 438 699 1173 743; baseline -0.004 -9"><span class='ocrx_word' id='word_1_71' title='bbox 438 702 541 735; x_wconf 88' lang='lat' dir='ltr'>dictos</span> <span class='ocrx_word' id='word_1_72' title='bbox 568 701 773 734; x_wconf 84' lang='lat' dir='ltr'>Franciscum</span> <span class='ocrx_word' id='word_1_73' title='bbox 800 701 943 733; x_wconf 84' lang='lat' dir='ltr'>Miranda</span> <span class='ocrx_word' id='word_1_74' title='bbox 969 706 1001 733; x_wconf 88' lang='lat' dir='ltr'>ct</span> <span class='ocrx_word' id='word_1_75' title='bbox 1025 699 1173 743; x_wconf 79' lang='lat' dir='ltr'>Gayarre‚</span> 
     </span>
     <span class='ocr_line' id='line_1_19' title="bbox 437 753 1178 795; baseline -0.003 -8"><span class='ocrx_word' id='word_1_76' title='bbox 437 755 597 795; x_wconf 69' lang='lat' dir='ltr'>Andrean]</span> <span class='ocrx_word' id='word_1_77' title='bbox 622 754 744 795; x_wconf 82' lang='lat' dir='ltr'>Ficani,</span> <span class='ocrx_word' id='word_1_78' title='bbox 772 754 932 787; x_wconf 86' lang='lat' dir='ltr'>Isidorum</span> <span class='ocrx_word' id='word_1_79' title='bbox 959 753 1120 793; x_wconf 86' lang='lat' dir='ltr'>Navarro,</span> <span class='ocrx_word' id='word_1_80' title='bbox 1147 758 1178 785; x_wconf 91' lang='lat' dir='ltr'>et</span> 
     </span>
     <span class='ocr_line' id='line_1_20' title="bbox 436 806 1175 853; baseline -0.004 -12"><span class='ocrx_word' id='word_1_81' title='bbox 436 808 610 853; x_wconf 85' lang='lat' dir='ltr'>Ioseplium</span> <span class='ocrx_word' id='word_1_82' title='bbox 638 807 821 847; x_wconf 79' lang='lat' dir='ltr'>Alexandri,</span> <span class='ocrx_word' id='word_1_83' title='bbox 841 818 877 841; x_wconf 88' lang='lat' dir='ltr'>ac</span> <span class='ocrx_word' id='word_1_84' title='bbox 898 806 1033 840; x_wconf 88' lang='lat' dir='ltr'>ulterius</span> <span class='ocrx_word' id='word_1_85' title='bbox 1058 806 1175 839; x_wconf 88' lang='lat' dir='ltr'>lulium</span> 
     </span>
     <span class='ocr_line' id='line_1_21' title="bbox 436 859 1175 906; baseline -0.005 -11"><span class='ocrx_word' id='word_1_86' title='bbox 436 862 587 896; x_wconf 80' lang='lat' dir='ltr'>Rotundo</span> <span class='ocrx_word' id='word_1_87' title='bbox 623 862 875 906; x_wconf 78' lang='lat' dir='ltr'>proniagistrum</span> <span class='ocrx_word' id='word_1_88' title='bbox 909 860 1090 899; x_wconf 86' lang='lat' dir='ltr'>notarium,</span> <span class='ocrx_word' id='word_1_89' title='bbox 1123 859 1175 903; x_wconf 91' lang='lat' dir='ltr'>qui</span> 
     </span>
     <span class='ocr_line' id='line_1_22' title="bbox 436 911 1176 959; baseline -0.005 -11"><span class='ocrx_word' id='word_1_90' title='bbox 436 916 648 959; x_wconf 69' lang='lat' dir='ltr'>praeinsertis</span> <span class='ocrx_word' id='word_1_91' title='bbox 679 914 794 948; x_wconf 86' lang='lat' dir='ltr'>litteris</span> <span class='ocrx_word' id='word_1_92' title='bbox 831 914 987 958; x_wconf 72' lang='lat' dir='ltr'>praedicti</span> <span class='ocrx_word' id='word_1_93' title='bbox 1014 911 1176 945; x_wconf 79' lang='lat' dir='ltr'>Francisci</span> 
     </span>
     <span class='ocr_line' id='line_1_23' title="bbox 436 966 1177 1012; baseline -0.005 -11"><span class='ocrx_word' id='word_1_94' title='bbox 436 969 580 1002; x_wconf 84' lang='lat' dir='ltr'>Miranda</span> <span class='ocrx_word' id='word_1_95' title='bbox 606 974 637 1001; x_wconf 88' lang='lat' dir='ltr'>et</span> <span class='ocrx_word' id='word_1_96' title='bbox 661 968 812 1012; x_wconf 67' lang='lat' dir='ltr'>Gay-ure,</span> <span class='ocrx_word' id='word_1_97' title='bbox 840 967 991 1001; x_wconf 84' lang='lat' dir='ltr'>clericum</span> <span class='ocrx_word' id='word_1_98' title='bbox 1019 966 1177 1009; x_wconf 75' lang='lat' dir='ltr'>Angelum</span> 
     </span>
     <span class='ocr_line' id='line_1_24' title="bbox 436 1019 1179 1065; baseline -0.005 -10"><span class='ocrx_word' id='word_1_99' title='bbox 436 1022 524 1055; x_wconf 83' lang='lat' dir='ltr'>Fano</span> <span class='ocrx_word' id='word_1_100' title='bbox 552 1021 739 1065; x_wconf 76' lang='lat' dir='ltr'>magistrum</span> <span class='ocrx_word' id='word_1_101' title='bbox 766 1021 940 1061; x_wconf 87' lang='lat' dir='ltr'>notarium,</span> <span class='ocrx_word' id='word_1_102' title='bbox 962 1019 1014 1063; x_wconf 85' lang='lat' dir='ltr'>qui</span> <span class='ocrx_word' id='word_1_103' title='bbox 1040 1019 1179 1062; x_wconf 87' lang='lat' dir='ltr'>promul—</span> 
     </span>
     <span class='ocr_line' id='line_1_25' title="bbox 437 1071 1177 1116; baseline -0.005 -9"><span class='ocrx_word' id='word_1_104' title='bbox 437 1074 559 1116; x_wconf 77' lang='lat' dir='ltr'>gationi</span> <span class='ocrx_word' id='word_1_105' title='bbox 586 1074 768 1107; x_wconf 86' lang='lat' dir='ltr'>litterarum</span> <span class='ocrx_word' id='word_1_106' title='bbox 783 1072 968 1105; x_wconf 86' lang='lat' dir='ltr'>huiusmodi</span> <span class='ocrx_word' id='word_1_107' title='bbox 984 1082 1042 1116; x_wconf 89' lang='lat' dir='ltr'>per</span> <span class='ocrx_word' id='word_1_108' title='bbox 1059 1071 1177 1104; x_wconf 90' lang='lat' dir='ltr'>dictum</span> 
     </span>
     <span class='ocr_line' id='line_1_26' title="bbox 437 1124 1179 1170; baseline -0.004 -10"><span class='ocrx_word' id='word_1_109' title='bbox 437 1127 609 1167; x_wconf 86' lang='lat' dir='ltr'>Isidorum,</span> <span class='ocrx_word' id='word_1_110' title='bbox 629 1132 664 1159; x_wconf 86' lang='lat' dir='ltr'>ut</span> <span class='ocrx_word' id='word_1_111' title='bbox 683 1126 877 1170; x_wconf 85' lang='lat' dir='ltr'>praefertur,</span> <span class='ocrx_word' id='word_1_112' title='bbox 898 1126 1007 1165; x_wconf 86' lang='lat' dir='ltr'>factae,</span> <span class='ocrx_word' id='word_1_113' title='bbox 1027 1135 1063 1157; x_wconf 87' lang='lat' dir='ltr'>ac</span> <span class='ocrx_word' id='word_1_114' title='bbox 1083 1124 1179 1157; x_wconf 88' lang='lat' dir='ltr'>Inno-</span> 
     </span>
     <span class='ocr_line' id='line_1_27' title="bbox 438 1178 1177 1221; baseline -0.005 -8"><span class='ocrx_word' id='word_1_115' title='bbox 438 1181 579 1214; x_wconf 88' lang='lat' dir='ltr'>centium</span> <span class='ocrx_word' id='word_1_116' title='bbox 617 1180 767 1213; x_wconf 87' lang='lat' dir='ltr'>Guerreri</span> <span class='ocrx_word' id='word_1_117' title='bbox 803 1179 955 1212; x_wconf 88' lang='lat' dir='ltr'>similiter</span> <span class='ocrx_word' id='word_1_118' title='bbox 991 1178 1177 1221; x_wconf 76' lang='lat' dir='ltr'>magistrum</span> 
     </span>
     <span class='ocr_line' id='line_1_28' title="bbox 437 1230 1179 1277; baseline -0.005 -11"><span class='ocrx_word' id='word_1_119' title='bbox 437 1234 620 1274; x_wconf 89' lang='lat' dir='ltr'>notarium,</span> <span class='ocrx_word' id='word_1_120' title='bbox 648 1233 703 1277; x_wconf 88' lang='lat' dir='ltr'>qui</span> <span class='ocrx_word' id='word_1_121' title='bbox 728 1232 929 1276; x_wconf 84' lang='lat' dir='ltr'>praeinserto</span> <span class='ocrx_word' id='word_1_122' title='bbox 962 1230 1068 1264; x_wconf 89' lang='lat' dir='ltr'>edicto</span> <span class='ocrx_word' id='word_1_123' title='bbox 1095 1230 1179 1263; x_wconf 88' lang='lat' dir='ltr'>eius-</span> 
     </span>
     <span class='ocr_line' id='line_1_29' title="bbox 439 1284 1177 1330; baseline -0.007 -10"><span class='ocrx_word' id='word_1_124' title='bbox 439 1288 510 1320; x_wconf 86' lang='lat' dir='ltr'>dem</span> <span class='ocrx_word' id='word_1_125' title='bbox 537 1287 649 1320; x_wconf 89' lang='lat' dir='ltr'>lsidori</span> <span class='ocrx_word' id='word_1_126' title='bbox 685 1286 862 1330; x_wconf 75' lang='lat' dir='ltr'>respective</span> <span class='ocrx_word' id='word_1_127' title='bbox 895 1284 1177 1328; x_wconf 88' lang='lat' dir='ltr'>subscripserunt,</span> 
     </span>
     <span class='ocr_line' id='line_1_30' title="bbox 439 1337 1178 1377; baseline -0.004 -5"><span class='ocrx_word' id='word_1_128' title='bbox 439 1351 566 1374; x_wconf 84' lang='lat' dir='ltr'>necnon</span> <span class='ocrx_word' id='word_1_129' title='bbox 595 1339 797 1373; x_wconf 87' lang='lat' dir='ltr'>Dominicum</span> <span class='ocrx_word' id='word_1_130' title='bbox 830 1338 1002 1377; x_wconf 83' lang='lat' dir='ltr'>Piecione,</span> <span class='ocrx_word' id='word_1_131' title='bbox 1028 1338 1065 1370; x_wconf 90' lang='lat' dir='ltr'>ad</span> <span class='ocrx_word' id='word_1_132' title='bbox 1092 1337 1178 1369; x_wconf 87' lang='lat' dir='ltr'>cuius</span> 
     </span>
     <span class='ocr_line' id='line_1_31' title="bbox 438 1386 1179 1435; baseline -0.005 -9"><span class='ocrx_word' id='word_1_133' title='bbox 438 1393 592 1426; x_wconf 91' lang='lat' dir='ltr'>nimirum</span> <span class='ocrx_word' id='word_1_134' title='bbox 618 1386 814 1433; x_wconf 73' lang='lat' dir='ltr'>instantiam,</span> <span class='ocrx_word' id='word_1_135' title='bbox 835 1392 880 1424; x_wconf 91' lang='lat' dir='ltr'>uti</span> <span class='ocrx_word' id='word_1_136' title='bbox 899 1390 1119 1435; x_wconf 77' lang='lat' dir='ltr'>procuratoris</span> <span class='ocrx_word' id='word_1_137' title='bbox 1146 1390 1179 1422; x_wconf 83' lang='grc' dir='ltr'>Γι-</span> 
     </span>
     <span class='ocr_line' id='line_1_32' title="bbox 439 1443 1179 1488; baseline -0.004 -10"><span class='ocrx_word' id='word_1_138' title='bbox 439 1447 534 1480; x_wconf 87' lang='lat' dir='ltr'>scalis</span> <span class='ocrx_word' id='word_1_139' title='bbox 564 1447 709 1479; x_wconf 89' lang='lat' dir='ltr'>eiusdem</span> <span class='ocrx_word' id='word_1_140' title='bbox 739 1445 905 1488; x_wconf 75' lang='lat' dir='ltr'>praetensi</span> <span class='ocrx_word' id='word_1_141' title='bbox 938 1443 1118 1483; x_wconf 81' lang='lat' dir='ltr'>tribunalis,</span> <span class='ocrx_word' id='word_1_142' title='bbox 1138 1443 1179 1476; x_wconf 89' lang='lat' dir='ltr'>di-</span> 
     </span>
     <span class='ocr_line' id='line_1_33' title="bbox 440 1497 1180 1541; baseline -0.004 -9"><span class='ocrx_word' id='word_1_143' title='bbox 440 1506 508 1532; x_wconf 81' lang='lat' dir='ltr'>ctus</span> <span class='ocrx_word' id='word_1_144' title='bbox 533 1500 674 1532; x_wconf 84' lang='lat' dir='ltr'>Isidorus</span> <span class='ocrx_word' id='word_1_145' title='bbox 701 1500 733 1532; x_wconf 92' lang='lat' dir='ltr'>in</span> <span class='ocrx_word' id='word_1_146' title='bbox 760 1509 817 1532; x_wconf 90' lang='lat' dir='ltr'>suo</span> <span class='ocrx_word' id='word_1_147' title='bbox 846 1498 1049 1541; x_wconf 86' lang='lat' dir='ltr'>praeinserto</span> <span class='ocrx_word' id='word_1_148' title='bbox 1075 1497 1180 1529; x_wconf 89' lang='lat' dir='ltr'>edicto</span> 
     </span>
     <span class='ocr_line' id='line_1_34' title="bbox 439 1551 1180 1596; baseline -0.004 -11"><span class='ocrx_word' id='word_1_149' title='bbox 439 1564 474 1585; x_wconf 86' lang='lat' dir='ltr'>se</span> <span class='ocrx_word' id='word_1_150' title='bbox 501 1553 697 1596; x_wconf 74' lang='lat' dir='ltr'>processisse</span> <span class='ocrx_word' id='word_1_151' title='bbox 724 1552 872 1592; x_wconf 84' lang='lat' dir='ltr'>asseruit,</span> <span class='ocrx_word' id='word_1_152' title='bbox 894 1551 1041 1594; x_wconf 88' lang='lat' dir='ltr'>aliosque</span> <span class='ocrx_word' id='word_1_153' title='bbox 1068 1560 1180 1583; x_wconf 87' lang='lat' dir='ltr'>omnes</span> 
     </span>
     <span class='ocr_line' id='line_1_35' title="bbox 440 1604 1178 1650; baseline -0.004 -12"><span class='ocrx_word' id='word_1_154' title='bbox 440 1613 471 1638; x_wconf 89' lang='lat' dir='ltr'>et</span> <span class='ocrx_word' id='word_1_155' title='bbox 489 1607 644 1650; x_wconf 50' lang='lat' dir='ltr'>singulos</span> <span class='ocrx_word' id='word_1_156' title='bbox 667 1606 896 1649; x_wconf 83' lang='lat' dir='ltr'>cuiuscumque</span> <span class='ocrx_word' id='word_1_157' title='bbox 915 1609 1028 1644; x_wconf 87' lang='lat' dir='ltr'>status,</span> <span class='ocrx_word' id='word_1_158' title='bbox 1049 1604 1178 1647; x_wconf 77' lang='lat' dir='ltr'>gradus,</span> 
     </span>
     <span class='ocr_line' id='line_1_36' title="bbox 441 1658 1182 1703; baseline -0.004 -11"><span class='ocrx_word' id='word_1_159' title='bbox 441 1660 578 1700; x_wconf 82' lang='lat' dir='ltr'>ordinis,</span> <span class='ocrx_word' id='word_1_160' title='bbox 597 1659 886 1703; x_wconf 80' lang='lat' dir='ltr'>praeeminentiae,</span> <span class='ocrx_word' id='word_1_161' title='bbox 901 1658 1067 1700; x_wconf 78' lang='lat' dir='ltr'>dignitatis</span> <span class='ocrx_word' id='word_1_162' title='bbox 1085 1668 1182 1700; x_wconf 87' lang='lat' dir='ltr'>quan-</span> 
     </span>
     <span class='ocr_line' id='line_1_37' title="bbox 441 1710 1179 1756; baseline -0.005 -11"><span class='ocrx_word' id='word_1_163' title='bbox 441 1719 646 1756; x_wconf 87' lang='lat' dir='ltr'>tumcumque</span> <span class='ocrx_word' id='word_1_164' title='bbox 666 1713 812 1745; x_wconf 78' lang='lat' dir='ltr'>excelsae</span> <span class='ocrx_word' id='word_1_165' title='bbox 831 1723 865 1744; x_wconf 87' lang='lat' dir='ltr'>ac</span> <span class='ocrx_word' id='word_1_166' title='bbox 886 1710 1032 1744; x_wconf 88' lang='lat' dir='ltr'>sublimis</span> <span class='ocrx_word' id='word_1_167' title='bbox 1052 1711 1179 1748; x_wconf 83' lang='lat' dir='ltr'>fuerint,</span> 
     </span>
     <span class='ocr_line' id='line_1_38' title="bbox 441 1763 1179 1810; baseline -0.005 -11"><span class='ocrx_word' id='word_1_168' title='bbox 441 1767 494 1810; x_wconf 85' lang='lat' dir='ltr'>qui</span> <span class='ocrx_word' id='word_1_169' title='bbox 514 1767 579 1799; x_wconf 84' lang='lat' dir='ltr'>sive</span> <span class='ocrx_word' id='word_1_170' title='bbox 607 1765 765 1798; x_wconf 84' lang='lat' dir='ltr'>Francisci</span> <span class='ocrx_word' id='word_1_171' title='bbox 792 1765 937 1808; x_wconf 82' lang='lat' dir='ltr'>episcopi</span> <span class='ocrx_word' id='word_1_172' title='bbox 956 1763 1179 1807; x_wconf 78' lang='lat' dir='ltr'>expulsionem</span> 
     </span>
     <span class='ocr_line' id='line_1_39' title="bbox 441 1817 1182 1861; baseline -0.007 -9"><span class='ocrx_word' id='word_1_173' title='bbox 441 1819 639 1857; x_wconf 84' lang='lat' dir='ltr'>huiusmodi,</span> <span class='ocrx_word' id='word_1_174' title='bbox 665 1819 729 1851; x_wconf 85' lang='lat' dir='ltr'>sive</span> <span class='ocrx_word' id='word_1_175' title='bbox 757 1823 846 1860; x_wconf 71' lang='lat' dir='ltr'>gesta</span> <span class='ocrx_word' id='word_1_176' title='bbox 871 1828 930 1861; x_wconf 87' lang='lat' dir='ltr'>per</span> <span class='ocrx_word' id='word_1_177' title='bbox 955 1817 1057 1850; x_wconf 78' lang='lat' dir='ltr'>dictos</span> <span class='ocrx_word' id='word_1_178' title='bbox 1085 1817 1182 1849; x_wconf 81' lang='lat' dir='ltr'>Fran-</span> 
     </span>
     <span class='ocr_line' id='line_1_40' title="bbox 441 1869 1179 1913; baseline -0.004 -9"><span class='ocrx_word' id='word_1_179' title='bbox 441 1872 562 1904; x_wconf 82' lang='lat' dir='ltr'>ciscum</span> <span class='ocrx_word' id='word_1_180' title='bbox 588 1871 731 1904; x_wconf 81' lang='lat' dir='ltr'>Mirauda</span> <span class='ocrx_word' id='word_1_181' title='bbox 758 1876 789 1903; x_wconf 88' lang='lat' dir='ltr'>et</span> <span class='ocrx_word' id='word_1_182' title='bbox 813 1870 970 1913; x_wconf 73' lang='lat' dir='ltr'>Gayarre,</span> <span class='ocrx_word' id='word_1_183' title='bbox 998 1869 1179 1908; x_wconf 79' lang='lat' dir='ltr'>Andream,</span> 
     </span>
     <span class='ocr_line' id='line_1_41' title="bbox 441 1922 1184 1967; baseline -0.004 -10"><span class='ocrx_word' id='word_1_184' title='bbox 441 1924 598 1957; x_wconf 82' lang='lat' dir='ltr'>Isidorum</span> <span class='ocrx_word' id='word_1_185' title='bbox 618 1929 649 1956; x_wconf 89' lang='lat' dir='ltr'>et</span> <span class='ocrx_word' id='word_1_186' title='bbox 663 1923 839 1967; x_wconf 89' lang='lat' dir='ltr'>losephum</span> <span class='ocrx_word' id='word_1_187' title='bbox 857 1923 970 1966; x_wconf 82' lang='lat' dir='ltr'>quovis</span> <span class='ocrx_word' id='word_1_188' title='bbox 987 1922 1082 1955; x_wconf 89' lang='lat' dir='ltr'>modo</span> <span class='ocrx_word' id='word_1_189' title='bbox 1097 1932 1184 1954; x_wconf 86' lang='lat' dir='ltr'>man-</span> 
     </span>
     <span class='ocr_line' id='line_1_42' title="bbox 443 1976 1182 2017; baseline -0.004 -7"><span class='ocrx_word' id='word_1_190' title='bbox 443 1979 562 2010; x_wconf 83' lang='lat' dir='ltr'>darunt</span> <span class='ocrx_word' id='word_1_191' title='bbox 580 1983 611 2010; x_wconf 89' lang='lat' dir='ltr'>et</span> <span class='ocrx_word' id='word_1_192' title='bbox 628 1977 830 2017; x_wconf 85' lang='lat' dir='ltr'>ordinarunt,</span> <span class='ocrx_word' id='word_1_193' title='bbox 849 1987 904 2009; x_wconf 87' lang='lat' dir='ltr'>seu</span> <span class='ocrx_word' id='word_1_194' title='bbox 923 1976 987 2009; x_wconf 80' lang='lat' dir='ltr'>illis</span> <span class='ocrx_word' id='word_1_195' title='bbox 1002 1976 1182 2017; x_wconf 81' lang='lat' dir='ltr'>consilium,</span> 
     </span>
     <span class='ocr_line' id='line_1_43' title="bbox 443 2029 1182 2073; baseline -0.005 -9"><span class='ocrx_word' id='word_1_196' title='bbox 443 2031 617 2071; x_wconf 74' lang='lat' dir='ltr'>auxilium,</span> <span class='ocrx_word' id='word_1_197' title='bbox 651 2031 815 2069; x_wconf 83' lang='lat' dir='ltr'>favorem,</span> <span class='ocrx_word' id='word_1_198' title='bbox 843 2031 890 2063; x_wconf 85' lang='lat' dir='ltr'>vel</span> <span class='ocrx_word' id='word_1_199' title='bbox 918 2029 1062 2073; x_wconf 71' lang='lat' dir='ltr'>quamvis</span> <span class='ocrx_word' id='word_1_200' title='bbox 1088 2029 1182 2062; x_wconf 87' lang='lat' dir='ltr'>aliam</span> 
     </span>
     <span class='ocr_line' id='line_1_44' title="bbox 444 2083 1185 2126; baseline -0.004 -10"><span class='ocrx_word' id='word_1_201' title='bbox 444 2084 663 2117; x_wconf 82' lang='lat' dir='ltr'>damnabilem</span> <span class='ocrx_word' id='word_1_202' title='bbox 690 2093 822 2126; x_wconf 85' lang='lat' dir='ltr'>operam</span> <span class='ocrx_word' id='word_1_203' title='bbox 849 2083 1100 2126; x_wconf 83' lang='lat' dir='ltr'>praestiterunt,</span> <span class='ocrx_word' id='word_1_204' title='bbox 1131 2088 1185 2114; x_wconf 90' lang='lat' dir='ltr'>aut</span> 
     </span>
     <span class='ocr_line' id='line_1_45' title="bbox 443 2136 1184 2180; baseline -0.001 -12"><span class='ocrx_word' id='word_1_205' title='bbox 443 2137 475 2170; x_wconf 92' lang='lat' dir='ltr'>in</span> <span class='ocrx_word' id='word_1_206' title='bbox 494 2147 607 2169; x_wconf 89' lang='lat' dir='ltr'>eorum</span> <span class='ocrx_word' id='word_1_207' title='bbox 633 2137 798 2180; x_wconf 82' lang='lat' dir='ltr'>sequelam</span> <span class='ocrx_word' id='word_1_208' title='bbox 824 2141 855 2168; x_wconf 88' lang='lat' dir='ltr'>et.</span> <span class='ocrx_word' id='word_1_209' title='bbox 880 2136 1104 2168; x_wconf 75' lang='lat' dir='ltr'>executionem</span> <span class='ocrx_word' id='word_1_210' title='bbox 1130 2146 1184 2178; x_wconf 78' lang='lat' dir='ltr'>ge-</span> 
     </span>
     <span class='ocr_line' id='line_1_46' title="bbox 443 2190 1183 2234; baseline -0.004 -11"><span class='ocrx_word' id='word_1_211' title='bbox 443 2196 491 2223; x_wconf 86' lang='lat' dir='ltr'>sta</span> <span class='ocrx_word' id='word_1_212' title='bbox 517 2190 739 2234; x_wconf 85' lang='lat' dir='ltr'>approbarunt</span> <span class='ocrx_word' id='word_1_213' title='bbox 763 2195 794 2222; x_wconf 93' lang='lat' dir='ltr'>et</span> <span class='ocrx_word' id='word_1_214' title='bbox 820 2194 886 2221; x_wconf 86' lang='lat' dir='ltr'>rata</span> <span class='ocrx_word' id='word_1_215' title='bbox 912 2190 1106 2227; x_wconf 88' lang='lat' dir='ltr'>babuerunt,</span> <span class='ocrx_word' id='word_1_216' title='bbox 1127 2199 1183 2221; x_wconf 87' lang='lat' dir='ltr'>seu</span> 
     </span>
     <span class='ocr_line' id='line_1_47' title="bbox 444 2242 1184 2286; baseline -0.003 -11"><span class='ocrx_word' id='word_1_217' title='bbox 444 2243 521 2276; x_wconf 76' lang='lat' dir='ltr'>alias</span> <span class='ocrx_word' id='word_1_218' title='bbox 540 2243 570 2275; x_wconf 90' lang='lat' dir='ltr'>in</span> <span class='ocrx_word' id='word_1_219' title='bbox 590 2243 635 2275; x_wconf 85' lang='lat' dir='ltr'>eis</span> <span class='ocrx_word' id='word_1_220' title='bbox 655 2243 903 2286; x_wconf 81' lang='lat' dir='ltr'>quomodolibet</span> <span class='ocrx_word' id='word_1_221' title='bbox 923 2242 1102 2285; x_wconf 82' lang='lat' dir='ltr'>culpabiles</span> <span class='ocrx_word' id='word_1_222' title='bbox 1123 2243 1184 2273; x_wconf 89' lang='lat' dir='ltr'>fue-</span> 
     </span>
     <span class='ocr_line' id='line_1_48' title="bbox 442 2296 1185 2339; baseline -0.001 -11"><span class='ocrx_word' id='word_1_223' title='bbox 442 2301 531 2335; x_wconf 84' lang='lat' dir='ltr'>runt,</span> <span class='ocrx_word' id='word_1_224' title='bbox 554 2306 708 2328; x_wconf 82' lang='lat' dir='ltr'>censuras</span> <span class='ocrx_word' id='word_1_225' title='bbox 736 2306 850 2327; x_wconf 88' lang='lat' dir='ltr'>omnes</span> <span class='ocrx_word' id='word_1_226' title='bbox 877 2300 908 2328; x_wconf 87' lang='lat' dir='ltr'>et</span> <span class='ocrx_word' id='word_1_227' title='bbox 932 2306 1054 2339; x_wconf 89' lang='lat' dir='ltr'>poenas</span> <span class='ocrx_word' id='word_1_228' title='bbox 1081 2296 1185 2327; x_wconf 83' lang='lat' dir='ltr'>eccle-</span> 
     </span>
     <span class='ocr_line' id='line_1_49' title="bbox 444 2348 1182 2390; baseline -0.003 -9"><span class='ocrx_word' id='word_1_229' title='bbox 444 2349 598 2389; x_wconf 86' lang='lat' dir='ltr'>siasticas,</span> <span class='ocrx_word' id='word_1_230' title='bbox 618 2359 634 2380; x_wconf 83' lang='lat' dir='ltr'>a</span> <span class='ocrx_word' id='word_1_231' title='bbox 652 2348 753 2381; x_wconf 83' lang='lat' dir='ltr'>sacris</span> <span class='ocrx_word' id='word_1_232' title='bbox 773 2349 960 2387; x_wconf 85' lang='lat' dir='ltr'>canonibus,</span> <span class='ocrx_word' id='word_1_233' title='bbox 984 2348 1182 2390; x_wconf 78' lang='lat' dir='ltr'>generalium</span> 
     </span>
     <span class='ocr_line' id='line_1_50' title="bbox 444 2400 1186 2443; baseline -0.004 -9"><span class='ocrx_word' id='word_1_234' title='bbox 444 2401 654 2435; x_wconf 87' lang='lat' dir='ltr'>conciliorum</span> <span class='ocrx_word' id='word_1_235' title='bbox 679 2402 830 2440; x_wconf 84' lang='lat' dir='ltr'>decretis,</span> <span class='ocrx_word' id='word_1_236' title='bbox 849 2406 880 2433; x_wconf 92' lang='lat' dir='ltr'>et</span> <span class='ocrx_word' id='word_1_237' title='bbox 901 2400 1087 2443; x_wconf 86' lang='lat' dir='ltr'>apostolicis</span> <span class='ocrx_word' id='word_1_238' title='bbox 1112 2410 1186 2432; x_wconf 88' lang='lat' dir='ltr'>con-</span> 
     </span>
     <span class='ocr_line' id='line_1_51' title="bbox 445 2453 1182 2497; baseline -0.005 -9"><span class='ocrx_word' id='word_1_239' title='bbox 445 2454 677 2493; x_wconf 83' lang='lat' dir='ltr'>stitutionibus,</span> <span class='ocrx_word' id='word_1_240' title='bbox 706 2465 740 2486; x_wconf 90' lang='lat' dir='ltr'>ac</span> <span class='ocrx_word' id='word_1_241' title='bbox 767 2453 963 2497; x_wconf 84' lang='lat' dir='ltr'>praesertim</span> <span class='ocrx_word' id='word_1_242' title='bbox 989 2453 1105 2486; x_wconf 84' lang='lat' dir='ltr'>litteris</span> <span class='ocrx_word' id='word_1_243' title='bbox 1131 2453 1182 2484; x_wconf 89' lang='lat' dir='ltr'>die</span> 
     </span>
     <span class='ocr_line' id='line_1_52' title="bbox 444 2506 1182 2549; baseline -0.003 -9"><span class='ocrx_word' id='word_1_244' title='bbox 444 2508 569 2541; x_wconf 86' lang='lat' dir='ltr'>Coenac</span> <span class='ocrx_word' id='word_1_245' title='bbox 599 2507 727 2540; x_wconf 87' lang='lat' dir='ltr'>Domini</span> <span class='ocrx_word' id='word_1_246' title='bbox 764 2507 899 2549; x_wconf 83' lang='lat' dir='ltr'>singulis</span> <span class='ocrx_word' id='word_1_247' title='bbox 935 2506 1027 2538; x_wconf 82' lang='lat' dir='ltr'>annis</span> <span class='ocrx_word' id='word_1_248' title='bbox 1063 2506 1125 2548; x_wconf 80' lang='lat' dir='ltr'>legi</span> <span class='ocrx_word' id='word_1_249' title='bbox 1153 2511 1182 2538; x_wconf 85' lang='lat' dir='ltr'>et</span> 
     </span>
     <span class='ocr_line' id='line_1_53' title="bbox 444 2560 1182 2605; baseline -0.004 -11"><span class='ocrx_word' id='word_1_250' title='bbox 444 2560 647 2605; x_wconf 81' lang='lat' dir='ltr'>promulgari</span> <span class='ocrx_word' id='word_1_251' title='bbox 676 2560 840 2592; x_wconf 82' lang='lat' dir='ltr'>consuetis</span> <span class='ocrx_word' id='word_1_252' title='bbox 870 2560 1019 2597; x_wconf 81' lang='lat' dir='ltr'>inflictas,</span> <span class='ocrx_word' id='word_1_253' title='bbox 1046 2570 1084 2591; x_wconf 91' lang='lat' dir='ltr'>eo</span> <span class='ocrx_word' id='word_1_254' title='bbox 1111 2560 1182 2602; x_wconf 86' lang='lat' dir='ltr'>ipso</span> 
     </span>
     <span class='ocr_line' id='line_1_54' title="bbox 446 2612 1183 2654; baseline -0.001 -8"><span class='ocrx_word' id='word_1_255' title='bbox 446 2613 640 2654; x_wconf 84' lang='lat' dir='ltr'>incurrisse;</span> <span class='ocrx_word' id='word_1_256' title='bbox 668 2613 819 2646; x_wconf 81' lang='lat' dir='ltr'>noverint</span> <span class='ocrx_word' id='word_1_257' title='bbox 844 2612 966 2645; x_wconf 84' lang='lat' dir='ltr'>idcireo</span> <span class='ocrx_word' id='word_1_258' title='bbox 992 2612 1038 2645; x_wconf 84' lang='lat' dir='ltr'>illi</span> <span class='ocrx_word' id='word_1_259' title='bbox 1058 2623 1183 2653; x_wconf 83' lang='lat' dir='ltr'>omnes,</span> 
     </span>
    </p>
   </div>
   <div class='ocr_carea' id='block_1_4' title="bbox 1017 224 1375 251">
    <p class='ocr_par' dir='ltr' id='par_1_5' title="bbox 1017 224 1375 251">
     <span class='ocr_line' id='line_1_55' title="bbox 1017 224 1375 251; baseline -0.006 1"><span class='ocrx_word' id='word_1_260' title='bbox 1017 225 1199 251; x_wconf 63' lang='lat' dir='ltr'>brumum</span> <span class='ocrx_word' id='word_1_261' title='bbox 1221 224 1375 251; x_wconf 71' lang='lat' dir='ltr'>Romnum</span> 
     </span>
    </p>
   </div>
   <div class='ocr_carea' id='block_1_5' title="bbox 1218 274 1964 1326">
    <p class='ocr_par' dir='ltr' id='par_1_6' title="bbox 1218 274 1964 1326">
     <span class='ocr_line' id='line_1_56' title="bbox 1219 274 1957 319; baseline 0.003 -12"><span class='ocrx_word' id='word_1_262' title='bbox 1219 275 1313 308; x_wconf 89' lang='lat' dir='ltr'>etiam</span> <span class='ocrx_word' id='word_1_263' title='bbox 1339 275 1571 319; x_wconf 78' lang='lat' dir='ltr'>specialissima</span> <span class='ocrx_word' id='word_1_264' title='bbox 1603 276 1768 309; x_wconf 85' lang='lat' dir='ltr'>mentione</span> <span class='ocrx_word' id='word_1_265' title='bbox 1803 274 1913 319; x_wconf 78' lang='lat' dir='ltr'>digni,</span> <span class='ocrx_word' id='word_1_266' title='bbox 1939 285 1957 309; x_wconf 85' lang='lat' dir='ltr'>a</span> 
     </span>
     <span class='ocr_line' id='line_1_57' title="bbox 1219 327 1957 372; baseline 0 -12"><span class='ocrx_word' id='word_1_267' title='bbox 1219 328 1362 361; x_wconf 80' lang='lat' dir='ltr'>censuris</span> <span class='ocrx_word' id='word_1_268' title='bbox 1388 334 1417 361; x_wconf 89' lang='lat' dir='ltr'>et</span> <span class='ocrx_word' id='word_1_269' title='bbox 1442 329 1558 372; x_wconf 86' lang='lat' dir='ltr'>poenis</span> <span class='ocrx_word' id='word_1_270' title='bbox 1583 328 1781 367; x_wconf 85' lang='lat' dir='ltr'>huiusmodi,</span> <span class='ocrx_word' id='word_1_271' title='bbox 1802 333 1878 372; x_wconf 88' lang='lat' dir='ltr'>post</span> <span class='ocrx_word' id='word_1_272' title='bbox 1901 327 1957 360; x_wconf 89' lang='lat' dir='ltr'>de-</span> 
     </span>
     <span class='ocr_line' id='line_1_58' title="bbox 1218 381 1958 424; baseline -0.001 -10"><span class='ocrx_word' id='word_1_273' title='bbox 1218 381 1317 414; x_wconf 85' lang='lat' dir='ltr'>bitam</span> <span class='ocrx_word' id='word_1_274' title='bbox 1343 387 1375 415; x_wconf 88' lang='lat' dir='ltr'>ct</span> <span class='ocrx_word' id='word_1_275' title='bbox 1406 382 1599 424; x_wconf 81' lang='lat' dir='ltr'>condignam</span> <span class='ocrx_word' id='word_1_276' title='bbox 1632 381 1793 415; x_wconf 85' lang='lat' dir='ltr'>Ecclesiae</span> <span class='ocrx_word' id='word_1_277' title='bbox 1825 381 1958 414; x_wconf 86' lang='lat' dir='ltr'>realiter</span> 
     </span>
     <span class='ocr_line' id='line_1_59' title="bbox 1219 434 1956 478; baseline -0.001 -11"><span class='ocrx_word' id='word_1_278' title='bbox 1219 439 1336 467; x_wconf 88' lang='lat' dir='ltr'>etcum</span> <span class='ocrx_word' id='word_1_279' title='bbox 1352 434 1466 468; x_wconf 75' lang='lat' dir='ltr'>effectu</span> <span class='ocrx_word' id='word_1_280' title='bbox 1486 435 1675 478; x_wconf 83' lang='lat' dir='ltr'>praestitam</span> <span class='ocrx_word' id='word_1_281' title='bbox 1695 434 1956 472; x_wconf 77' lang='lat' dir='ltr'>satisfactionem,</span> 
     </span>
     <span class='ocr_line' id='line_1_60' title="bbox 1220 486 1956 520; baseline 0.001 -1"><span class='ocrx_word' id='word_1_282' title='bbox 1220 487 1349 520; x_wconf 88' lang='lat' dir='ltr'>nonnisi</span> <span class='ocrx_word' id='word_1_283' title='bbox 1375 498 1391 519; x_wconf 91' lang='lat' dir='ltr'>a</span> <span class='ocrx_word' id='word_1_284' title='bbox 1417 487 1511 520; x_wconf 85' lang='lat' dir='ltr'>nobis</span> <span class='ocrx_word' id='word_1_285' title='bbox 1547 498 1602 520; x_wconf 84' lang='lat' dir='ltr'>seu</span> <span class='ocrx_word' id='word_1_286' title='bbox 1630 487 1776 520; x_wconf 85' lang='lat' dir='ltr'>Romano</span> <span class='ocrx_word' id='word_1_287' title='bbox 1800 486 1956 520; x_wconf 81' lang='lat' dir='ltr'>Pontifice</span> 
     </span>
     <span class='ocr_line' id='line_1_61' title="bbox 1219 540 1957 584; baseline 0.001 -12"><span class='ocrx_word' id='word_1_288' title='bbox 1219 551 1278 583; x_wconf 89' lang='lat' dir='ltr'>pro</span> <span class='ocrx_word' id='word_1_289' title='bbox 1299 545 1443 583; x_wconf 84' lang='lat' dir='ltr'>tempore</span> <span class='ocrx_word' id='word_1_290' title='bbox 1471 540 1629 573; x_wconf 72' lang='lat' dir='ltr'>existente</span> <span class='ocrx_word' id='word_1_291' title='bbox 1656 540 1904 584; x_wconf 85' lang='lat' dir='ltr'>(praeterquam</span> <span class='ocrx_word' id='word_1_292' title='bbox 1925 540 1957 573; x_wconf 92' lang='lat' dir='ltr'>in</span> 
     </span>
     <span class='ocr_line' id='line_1_62' title="bbox 1219 593 1957 634; baseline 0.003 -10"><span class='ocrx_word' id='word_1_293' title='bbox 1219 593 1329 625; x_wconf 86' lang='lat' dir='ltr'>mortis</span> <span class='ocrx_word' id='word_1_294' title='bbox 1343 594 1479 626; x_wconf 84' lang='lat' dir='ltr'>articulo</span> <span class='ocrx_word' id='word_1_295' title='bbox 1494 594 1673 631; x_wconf 85' lang='lat' dir='ltr'>constituti,</span> <span class='ocrx_word' id='word_1_296' title='bbox 1687 603 1748 627; x_wconf 87' lang='lat' dir='ltr'>nec</span> <span class='ocrx_word' id='word_1_297' title='bbox 1762 594 1957 634; x_wconf 84' lang='lat' dir='ltr'>etiamtunc,</span> 
     </span>
     <span class='ocr_line' id='line_1_63' title="bbox 1220 646 1960 681; baseline 0.004 -4"><span class='ocrx_word' id='word_1_298' title='bbox 1220 646 1280 678; x_wconf 84' lang='lat' dir='ltr'>nisi</span> <span class='ocrx_word' id='word_1_299' title='bbox 1308 646 1345 679; x_wconf 89' lang='lat' dir='ltr'>de</span> <span class='ocrx_word' id='word_1_300' title='bbox 1372 647 1485 679; x_wconf 88' lang='lat' dir='ltr'>stando</span> <span class='ocrx_word' id='word_1_301' title='bbox 1503 646 1665 680; x_wconf 77' lang='lat' dir='ltr'>Ecclesiae</span> <span class='ocrx_word' id='word_1_302' title='bbox 1692 647 1850 681; x_wconf 88' lang='lat' dir='ltr'>mandatis</span> <span class='ocrx_word' id='word_1_303' title='bbox 1867 652 1900 680; x_wconf 90' lang='lat' dir='ltr'>et</span> <span class='ocrx_word' id='word_1_304' title='bbox 1916 658 1960 680; x_wconf 85' lang='lat' dir='ltr'>sa·</span> 
     </span>
     <span class='ocr_line' id='line_1_64' title="bbox 1220 699 1959 744; baseline 0.004 -14"><span class='ocrx_word' id='word_1_305' title='bbox 1220 699 1412 732; x_wconf 83' lang='lat' dir='ltr'>tisfaciendo</span> <span class='ocrx_word' id='word_1_306' title='bbox 1446 700 1596 733; x_wconf 87' lang='lat' dir='ltr'>cautione</span> <span class='ocrx_word' id='word_1_307' title='bbox 1628 699 1802 744; x_wconf 79' lang='lat' dir='ltr'>praestita,</span> <span class='ocrx_word' id='word_1_308' title='bbox 1828 710 1863 733; x_wconf 88' lang='lat' dir='ltr'>ac</span> <span class='ocrx_word' id='word_1_309' title='bbox 1888 710 1959 734; x_wconf 88' lang='lat' dir='ltr'>cum</span> 
     </span>
     <span class='ocr_line' id='line_1_65' title="bbox 1221 752 1961 797; baseline 0.003 -13"><span class='ocrx_word' id='word_1_310' title='bbox 1221 752 1436 785; x_wconf 79' lang='lat' dir='ltr'>reincidentia</span> <span class='ocrx_word' id='word_1_311' title='bbox 1466 753 1610 796; x_wconf 75' lang='lat' dir='ltr'>praefata</span> <span class='ocrx_word' id='word_1_312' title='bbox 1635 764 1674 787; x_wconf 86' lang='lat' dir='ltr'>eo</span> <span class='ocrx_word' id='word_1_313' title='bbox 1701 753 1771 797; x_wconf 89' lang='lat' dir='ltr'>ipso</span> <span class='ocrx_word' id='word_1_314' title='bbox 1797 764 1859 797; x_wconf 89' lang='lat' dir='ltr'>quo</span> <span class='ocrx_word' id='word_1_315' title='bbox 1884 764 1961 787; x_wconf 85' lang='lat' dir='ltr'>con-</span> 
     </span>
     <span class='ocr_line' id='line_1_66' title="bbox 1220 805 1961 851; baseline 0.001 -14"><span class='ocrx_word' id='word_1_316' title='bbox 1220 805 1392 848; x_wconf 76' lang='lat' dir='ltr'>valuerint)</span> <span class='ocrx_word' id='word_1_317' title='bbox 1408 805 1528 839; x_wconf 78' lang='lat' dir='ltr'>absolvi</span> <span class='ocrx_word' id='word_1_318' title='bbox 1549 811 1581 838; x_wconf 91' lang='lat' dir='ltr'>et</span> <span class='ocrx_word' id='word_1_319' title='bbox 1601 805 1730 840; x_wconf 87' lang='lat' dir='ltr'>liberari</span> <span class='ocrx_word' id='word_1_320' title='bbox 1746 817 1850 850; x_wconf 89' lang='lat' dir='ltr'>posse,</span> <span class='ocrx_word' id='word_1_321' title='bbox 1865 812 1961 851; x_wconf 88' lang='lat' dir='ltr'>prout</span> 
     </span>
     <span class='ocr_line' id='line_1_67' title="bbox 1221 857 1961 893; baseline 0.004 -3"><span class='ocrx_word' id='word_1_322' title='bbox 1221 857 1337 891; x_wconf 86' lang='lat' dir='ltr'>barum</span> <span class='ocrx_word' id='word_1_323' title='bbox 1355 858 1439 891; x_wconf 85' lang='lat' dir='ltr'>serie</span> <span class='ocrx_word' id='word_1_324' title='bbox 1464 858 1612 892; x_wconf 88' lang='lat' dir='ltr'>similiter</span> <span class='ocrx_word' id='word_1_325' title='bbox 1638 859 1844 893; x_wconf 87' lang='lat' dir='ltr'>decernimus</span> <span class='ocrx_word' id='word_1_326' title='bbox 1860 865 1892 893; x_wconf 90' lang='lat' dir='ltr'>et</span> <span class='ocrx_word' id='word_1_327' title='bbox 1909 860 1961 893; x_wconf 89' lang='lat' dir='ltr'>dc-</span> 
     </span>
     <span class='ocr_line' id='line_1_68' title="bbox 1221 912 1960 957; baseline 0.004 -14"><span class='ocrx_word' id='word_1_328' title='bbox 1221 912 1402 951; x_wconf 70' lang='lat' dir='ltr'>claramus,</span> <span class='ocrx_word' id='word_1_329' title='bbox 1431 913 1614 945; x_wconf 81' lang='lat' dir='ltr'>facultatem</span> <span class='ocrx_word' id='word_1_330' title='bbox 1645 912 1780 955; x_wconf 88' lang='lat' dir='ltr'>insuper</span> <span class='ocrx_word' id='word_1_331' title='bbox 1814 913 1960 957; x_wconf 88' lang='lat' dir='ltr'>quando·</span> 
     </span>
     <span class='ocr_line' id='line_1_69' title="bbox 1221 965 1962 1007; baseline 0.005 -12"><span class='ocrx_word' id='word_1_332' title='bbox 1221 974 1358 1007; x_wconf 86' lang='lat' dir='ltr'>cumque</span> <span class='ocrx_word' id='word_1_333' title='bbox 1383 965 1581 1007; x_wconf 87' lang='lat' dir='ltr'>procedendi</span> <span class='ocrx_word' id='word_1_334' title='bbox 1601 965 1638 998; x_wconf 89' lang='lat' dir='ltr'>ad</span> <span class='ocrx_word' id='word_1_335' title='bbox 1658 966 1719 999; x_wconf 89' lang='lat' dir='ltr'>alia</span> <span class='ocrx_word' id='word_1_336' title='bbox 1737 966 1899 999; x_wconf 76' lang='lat' dir='ltr'>severiora</span> <span class='ocrx_word' id='word_1_337' title='bbox 1915 976 1962 999; x_wconf 88' lang='lat' dir='ltr'>re-</span> 
     </span>
     <span class='ocr_line' id='line_1_70' title="bbox 1221 1017 1961 1061; baseline 0.004 -12"><span class='ocrx_word' id='word_1_338' title='bbox 1221 1017 1338 1057; x_wconf 85' lang='lat' dir='ltr'>media,</span> <span class='ocrx_word' id='word_1_339' title='bbox 1358 1023 1518 1060; x_wconf 86' lang='lat' dir='ltr'>quatenus</span> <span class='ocrx_word' id='word_1_340' title='bbox 1538 1018 1693 1061; x_wconf 88' lang='lat' dir='ltr'>praedicti</span> <span class='ocrx_word' id='word_1_341' title='bbox 1721 1019 1961 1053; x_wconf 85' lang='lat' dir='ltr'>ecclesiasticae</span> 
     </span>
     <span class='ocr_line' id='line_1_71' title="bbox 1221 1070 1963 1111; baseline 0.003 -9"><span class='ocrx_word' id='word_1_342' title='bbox 1221 1070 1381 1104; x_wconf 82' lang='lat' dir='ltr'>libertatis</span> <span class='ocrx_word' id='word_1_343' title='bbox 1407 1071 1592 1111; x_wconf 82' lang='lat' dir='ltr'>violatores,</span> <span class='ocrx_word' id='word_1_344' title='bbox 1619 1072 1650 1104; x_wconf 91' lang='lat' dir='ltr'>in</span> <span class='ocrx_word' id='word_1_345' title='bbox 1677 1074 1735 1105; x_wconf 78' lang='lat' dir='ltr'>sua</span> <span class='ocrx_word' id='word_1_346' title='bbox 1760 1072 1963 1106; x_wconf 70' lang='lat' dir='ltr'>contumacia</span> 
     </span>
     <span class='ocr_line' id='line_1_72' title="bbox 1220 1123 1963 1168; baseline 0.003 -12"><span class='ocrx_word' id='word_1_347' title='bbox 1220 1123 1445 1166; x_wconf 80' lang='lat' dir='ltr'>persistentes,</span> <span class='ocrx_word' id='word_1_348' title='bbox 1467 1134 1620 1157; x_wconf 85' lang='lat' dir='ltr'>censuras</span> <span class='ocrx_word' id='word_1_349' title='bbox 1646 1130 1676 1158; x_wconf 92' lang='lat' dir='ltr'>et</span> <span class='ocrx_word' id='word_1_350' title='bbox 1701 1135 1823 1168; x_wconf 87' lang='lat' dir='ltr'>poenas</span> <span class='ocrx_word' id='word_1_351' title='bbox 1849 1125 1963 1158; x_wconf 83' lang='lat' dir='ltr'>liuius-</span> 
     </span>
     <span class='ocr_line' id='line_1_73' title="bbox 1221 1176 1964 1220; baseline 0.004 -12"><span class='ocrx_word' id='word_1_352' title='bbox 1221 1176 1307 1209; x_wconf 88' lang='lat' dir='ltr'>modi</span> <span class='ocrx_word' id='word_1_353' title='bbox 1333 1176 1449 1215; x_wconf 86' lang='lat' dir='ltr'>animo,</span> <span class='ocrx_word' id='word_1_354' title='bbox 1472 1177 1557 1220; x_wconf 88' lang='lat' dir='ltr'>quod</span> <span class='ocrx_word' id='word_1_355' title='bbox 1578 1178 1669 1217; x_wconf 87' lang='lat' dir='ltr'>absit,</span> <span class='ocrx_word' id='word_1_356' title='bbox 1689 1177 1900 1211; x_wconf 83' lang='lat' dir='ltr'>sustinuerint</span> <span class='ocrx_word' id='word_1_357' title='bbox 1918 1178 1964 1211; x_wconf 90' lang='lat' dir='ltr'>in-</span> 
     </span>
     <span class='ocr_line' id='line_1_74' title="bbox 1222 1229 1962 1275; baseline 0.005 -14"><span class='ocrx_word' id='word_1_358' title='bbox 1222 1229 1348 1270; x_wconf 84' lang='lat' dir='ltr'>durato,</span> <span class='ocrx_word' id='word_1_359' title='bbox 1372 1229 1470 1262; x_wconf 87' lang='lat' dir='ltr'>nobis</span> <span class='ocrx_word' id='word_1_360' title='bbox 1490 1236 1519 1263; x_wconf 89' lang='lat' dir='ltr'>et</span> <span class='ocrx_word' id='word_1_361' title='bbox 1537 1230 1642 1264; x_wconf 86' lang='lat' dir='ltr'>eidem</span> <span class='ocrx_word' id='word_1_362' title='bbox 1661 1231 1869 1275; x_wconf 84' lang='lat' dir='ltr'>Apostolicae</span> <span class='ocrx_word' id='word_1_363' title='bbox 1887 1231 1962 1265; x_wconf 82' lang='lat' dir='ltr'>Sedi</span> 
     </span>
     <span class='ocr_line' id='line_1_75' title="bbox 1223 1289 1619 1326; baseline 0.005 -11"><span class='ocrx_word' id='word_1_364' title='bbox 1223 1292 1377 1326; x_wconf 78' lang='lat' dir='ltr'>expresse</span> <span class='ocrx_word' id='word_1_365' title='bbox 1403 1289 1619 1317; x_wconf 67' lang='lat' dir='ltr'>reservantes</span> 
     </span>
    </p>
   </div>
   <div class='ocr_carea' id='block_1_6' title="bbox 1266 1335 2158 1382">
    <p class='ocr_par' dir='ltr' id='par_1_7' title="bbox 1266 1335 2158 1382">
     <span class='ocr_line' id='line_1_76' title="bbox 1266 1335 2158 1382; baseline 0.002 -14"><span class='ocrx_word' id='word_1_366' title='bbox 1266 1336 1280 1379; x_wconf 63' lang='grc' dir='ltr'><strong>ἓ</strong></span> <span class='ocrx_word' id='word_1_367' title='bbox 1298 1335 1328 1368; x_wconf 78' lang='grc'>9.</span> <span class='ocrx_word' id='word_1_368' title='bbox 1346 1336 1563 1369; x_wconf 86' lang='lat' dir='ltr'>Decernentes</span> <span class='ocrx_word' id='word_1_369' title='bbox 1577 1337 1708 1380; x_wconf 86' lang='lat' dir='ltr'>pariter,</span> <span class='ocrx_word' id='word_1_370' title='bbox 1728 1337 1858 1371; x_wconf 88' lang='lat' dir='ltr'>easdem</span> <span class='ocrx_word' id='word_1_371' title='bbox 1872 1348 1961 1382; x_wconf 86' lang='lat' dir='ltr'>prae·</span> <span class='ocrx_word' id='word_1_372' title='bbox 1991 1344 2158 1374; x_wconf 51' lang='lat' dir='ltr'>mammaeam·</span> 
     </span>
    </p>
   </div>
   <div class='ocr_carea' id='block_1_7' title="bbox 1972 1371 2086 1398">
    <p class='ocr_par' dir='ltr' id='par_1_8' title="bbox 1972 1371 2086 1398">
     <span class='ocr_line' id='line_1_77' title="bbox 1972 1371 2086 1398; baseline 0.009 -7"><span class='ocrx_word' id='word_1_373' title='bbox 1972 1371 2086 1398; x_wconf 71' lang='lat' dir='ltr'>piissimae.</span> 
     </span>
    </p>
   </div>
   <div class='ocr_carea' id='block_1_8' title="bbox 1222 1389 1967 2654">
    <p class='ocr_par' dir='ltr' id='par_1_9' title="bbox 1222 1389 1967 2654">
     <span class='ocr_line' id='line_1_78' title="bbox 1222 1389 1962 1434; baseline 0.005 -14"><span class='ocrx_word' id='word_1_374' title='bbox 1222 1393 1331 1421; x_wconf 88' lang='lat' dir='ltr'>sentes</span> <span class='ocrx_word' id='word_1_375' title='bbox 1357 1389 1480 1422; x_wconf 87' lang='lat' dir='ltr'>litteras</span> <span class='ocrx_word' id='word_1_376' title='bbox 1505 1395 1535 1422; x_wconf 90' lang='lat' dir='ltr'>et</span> <span class='ocrx_word' id='word_1_377' title='bbox 1560 1390 1593 1422; x_wconf 93' lang='lat' dir='ltr'>in</span> <span class='ocrx_word' id='word_1_378' title='bbox 1615 1389 1660 1423; x_wconf 90' lang='lat' dir='ltr'>eis</span> <span class='ocrx_word' id='word_1_379' title='bbox 1686 1395 1837 1424; x_wconf 87' lang='lat' dir='ltr'>contenta</span> <span class='ocrx_word' id='word_1_380' title='bbox 1862 1402 1962 1434; x_wconf 84' lang='lat' dir='ltr'>quae-</span> 
     </span>
     <span class='ocr_line' id='line_1_79' title="bbox 1223 1442 1963 1487; baseline 0.005 -13"><span class='ocrx_word' id='word_1_381' title='bbox 1223 1452 1371 1486; x_wconf 86' lang='lat' dir='ltr'>cumque,</span> <span class='ocrx_word' id='word_1_382' title='bbox 1393 1442 1488 1476; x_wconf 87' lang='lat' dir='ltr'>etiam</span> <span class='ocrx_word' id='word_1_383' title='bbox 1514 1454 1550 1476; x_wconf 84' lang='lat' dir='ltr'>ex</span> <span class='ocrx_word' id='word_1_384' title='bbox 1578 1454 1616 1476; x_wconf 91' lang='lat' dir='ltr'>eo</span> <span class='ocrx_word' id='word_1_385' title='bbox 1636 1443 1722 1487; x_wconf 90' lang='lat' dir='ltr'>quod</span> <span class='ocrx_word' id='word_1_386' title='bbox 1749 1443 1904 1487; x_wconf 87' lang='lat' dir='ltr'>praedicti</span> <span class='ocrx_word' id='word_1_387' title='bbox 1931 1448 1963 1478; x_wconf 88' lang='lat' dir='ltr'>et</span> 
     </span>
     <span class='ocr_line' id='line_1_80' title="bbox 1223 1494 1962 1540; baseline 0.003 -12"><span class='ocrx_word' id='word_1_388' title='bbox 1223 1496 1275 1529; x_wconf 87' lang='lat' dir='ltr'>alii</span> <span class='ocrx_word' id='word_1_389' title='bbox 1304 1494 1502 1540; x_wconf 82' lang='lat' dir='ltr'>quicumque</span> <span class='ocrx_word' id='word_1_390' title='bbox 1529 1496 1560 1528; x_wconf 91' lang='lat' dir='ltr'>in</span> <span class='ocrx_word' id='word_1_391' title='bbox 1586 1496 1770 1539; x_wconf 87' lang='lat' dir='ltr'>praemissis</span> <span class='ocrx_word' id='word_1_392' title='bbox 1804 1496 1962 1537; x_wconf 78' lang='lat' dir='ltr'>interesse</span> 
     </span>
     <span class='ocr_line' id='line_1_81' title="bbox 1224 1549 1965 1594; baseline 0.004 -13"><span class='ocrx_word' id='word_1_393' title='bbox 1224 1550 1383 1583; x_wconf 86' lang='lat' dir='ltr'>habentes</span> <span class='ocrx_word' id='word_1_394' title='bbox 1398 1559 1453 1581; x_wconf 86' lang='lat' dir='ltr'>seu</span> <span class='ocrx_word' id='word_1_395' title='bbox 1473 1549 1594 1582; x_wconf 85' lang='lat' dir='ltr'>babere</span> <span class='ocrx_word' id='word_1_396' title='bbox 1614 1549 1861 1592; x_wconf 86' lang='lat' dir='ltr'>quomodolibet</span> <span class='ocrx_word' id='word_1_397' title='bbox 1875 1561 1965 1594; x_wconf 87' lang='lat' dir='ltr'>prae-</span> 
     </span>
     <span class='ocr_line' id='line_1_82' title="bbox 1225 1602 1966 1644; baseline 0.001 -9"><span class='ocrx_word' id='word_1_398' title='bbox 1225 1602 1567 1642; x_wconf 83' lang='lat' dir='ltr'>tendentes,cuiusvis</span> <span class='ocrx_word' id='word_1_399' title='bbox 1592 1607 1702 1642; x_wconf 85' lang='lat' dir='ltr'>status,</span> <span class='ocrx_word' id='word_1_400' title='bbox 1731 1602 1859 1644; x_wconf 82' lang='lat' dir='ltr'>gradus,</span> <span class='ocrx_word' id='word_1_401' title='bbox 1881 1603 1966 1636; x_wconf 87' lang='lat' dir='ltr'>ordi-</span> 
     </span>
     <span class='ocr_line' id='line_1_83' title="bbox 1224 1655 1964 1699; baseline 0.003 -12"><span class='ocrx_word' id='word_1_402' title='bbox 1224 1655 1298 1695; x_wconf 87' lang='lat' dir='ltr'>nis,</span> <span class='ocrx_word' id='word_1_403' title='bbox 1325 1655 1602 1699; x_wconf 84' lang='lat' dir='ltr'>praeeminentiae</span> <span class='ocrx_word' id='word_1_404' title='bbox 1636 1660 1667 1687; x_wconf 92' lang='lat' dir='ltr'>et</span> <span class='ocrx_word' id='word_1_405' title='bbox 1701 1655 1866 1698; x_wconf 83' lang='lat' dir='ltr'>dignitatis</span> <span class='ocrx_word' id='word_1_406' title='bbox 1899 1656 1964 1689; x_wconf 80' lang='lat' dir='ltr'>exi—</span> 
     </span>
     <span class='ocr_line' id='line_1_84' title="bbox 1224 1706 1965 1751; baseline 0 -11"><span class='ocrx_word' id='word_1_407' title='bbox 1224 1714 1332 1748; x_wconf 90' lang='lat' dir='ltr'>stant,</span> <span class='ocrx_word' id='word_1_408' title='bbox 1360 1719 1413 1740; x_wconf 84' lang='lat' dir='ltr'>seu</span> <span class='ocrx_word' id='word_1_409' title='bbox 1448 1708 1526 1749; x_wconf 76' lang='lat' dir='ltr'>alias</span> <span class='ocrx_word' id='word_1_410' title='bbox 1558 1706 1711 1751; x_wconf 78' lang='lat' dir='ltr'>specifica</span> <span class='ocrx_word' id='word_1_411' title='bbox 1744 1713 1775 1740; x_wconf 91' lang='lat' dir='ltr'>et</span> <span class='ocrx_word' id='word_1_412' title='bbox 1799 1708 1965 1741; x_wconf 80' lang='lat' dir='ltr'>individua</span> 
     </span>
     <span class='ocr_line' id='line_1_85' title="bbox 1225 1756 1964 1804; baseline 0.001 -11"><span class='ocrx_word' id='word_1_413' title='bbox 1225 1762 1390 1794; x_wconf 86' lang='lat' dir='ltr'>mentione</span> <span class='ocrx_word' id='word_1_414' title='bbox 1409 1767 1438 1793; x_wconf 85' lang='lat' dir='ltr'>et</span> <span class='ocrx_word' id='word_1_415' title='bbox 1459 1760 1668 1803; x_wconf 81' lang='lat' dir='ltr'>expressione</span> <span class='ocrx_word' id='word_1_416' title='bbox 1688 1761 1790 1804; x_wconf 83' lang='lat' dir='ltr'>digni,</span> <span class='ocrx_word' id='word_1_417' title='bbox 1811 1756 1876 1794; x_wconf 82' lang='lat' dir='ltr'>illis</span> <span class='ocrx_word' id='word_1_418' title='bbox 1898 1771 1964 1794; x_wconf 89' lang='lat' dir='ltr'>non</span> 
     </span>
     <span class='ocr_line' id='line_1_86' title="bbox 1226 1814 1966 1854; baseline 0 -7"><span class='ocrx_word' id='word_1_419' title='bbox 1226 1815 1458 1854; x_wconf 84' lang='lat' dir='ltr'>consenserint,</span> <span class='ocrx_word' id='word_1_420' title='bbox 1478 1824 1538 1846; x_wconf 89' lang='lat' dir='ltr'>nec</span> <span class='ocrx_word' id='word_1_421' title='bbox 1563 1815 1600 1846; x_wconf 86' lang='lat' dir='ltr'>ad</span> <span class='ocrx_word' id='word_1_422' title='bbox 1629 1825 1665 1847; x_wconf 89' lang='lat' dir='ltr'>ea</span> <span class='ocrx_word' id='word_1_423' title='bbox 1690 1815 1804 1853; x_wconf 84' lang='lat' dir='ltr'>vocati,</span> <span class='ocrx_word' id='word_1_424' title='bbox 1826 1814 1912 1847; x_wconf 89' lang='lat' dir='ltr'>citati</span> <span class='ocrx_word' id='word_1_425' title='bbox 1934 1820 1966 1847; x_wconf 89' lang='lat' dir='ltr'>et</span> 
     </span>
     <span class='ocr_line' id='line_1_87' title="bbox 1225 1868 1966 1911; baseline 0 -11"><span class='ocrx_word' id='word_1_426' title='bbox 1225 1868 1334 1908; x_wconf 86' lang='lat' dir='ltr'>auditi,</span> <span class='ocrx_word' id='word_1_427' title='bbox 1355 1878 1546 1911; x_wconf 85' lang='lat' dir='ltr'>causaeque,</span> <span class='ocrx_word' id='word_1_428' title='bbox 1565 1873 1700 1910; x_wconf 84' lang='lat' dir='ltr'>propter</span> <span class='ocrx_word' id='word_1_429' title='bbox 1714 1878 1793 1910; x_wconf 92' lang='lat' dir='ltr'>quas</span> <span class='ocrx_word' id='word_1_430' title='bbox 1811 1877 1966 1911; x_wconf 89' lang='lat' dir='ltr'>praesen-</span> 
     </span>
     <span class='ocr_line' id='line_1_88' title="bbox 1225 1920 1965 1960; baseline -0.001 -6"><span class='ocrx_word' id='word_1_431' title='bbox 1225 1927 1272 1954; x_wconf 86' lang='lat' dir='ltr'>tes</span> <span class='ocrx_word' id='word_1_432' title='bbox 1299 1921 1479 1954; x_wconf 85' lang='lat' dir='ltr'>emanarint</span> <span class='ocrx_word' id='word_1_433' title='bbox 1503 1920 1703 1953; x_wconf 76' lang='lat' dir='ltr'>sufficienter</span> <span class='ocrx_word' id='word_1_434' title='bbox 1727 1920 1895 1960; x_wconf 86' lang='lat' dir='ltr'>adductae,</span> <span class='ocrx_word' id='word_1_435' title='bbox 1918 1930 1965 1954; x_wconf 85' lang='lat' dir='ltr'>ve-</span> 
     </span>
     <span class='ocr_line' id='line_1_89' title="bbox 1226 1973 1964 2015; baseline 0.001 -8"><span class='ocrx_word' id='word_1_436' title='bbox 1226 1975 1368 2008; x_wconf 76' lang='lat' dir='ltr'>rificatae</span> <span class='ocrx_word' id='word_1_437' title='bbox 1402 1979 1433 2007; x_wconf 87' lang='lat' dir='ltr'>ct</span> <span class='ocrx_word' id='word_1_438' title='bbox 1458 1973 1647 2006; x_wconf 81' lang='lat' dir='ltr'>iustificatae</span> <span class='ocrx_word' id='word_1_439' title='bbox 1685 1973 1823 2015; x_wconf 89' lang='lat' dir='ltr'>fuerint,</span> <span class='ocrx_word' id='word_1_440' title='bbox 1849 1979 1903 2007; x_wconf 87' lang='lat' dir='ltr'>aut</span> <span class='ocrx_word' id='word_1_441' title='bbox 1927 1985 1964 2008; x_wconf 89' lang='lat' dir='ltr'>ex</span> 
     </span>
     <span class='ocr_line' id='line_1_90' title="bbox 1226 2027 1966 2072; baseline 0 -11"><span class='ocrx_word' id='word_1_442' title='bbox 1226 2029 1288 2062; x_wconf 77' lang='lat' dir='ltr'>alia</span> <span class='ocrx_word' id='word_1_443' title='bbox 1307 2029 1453 2072; x_wconf 88' lang='lat' dir='ltr'>qualibet</span> <span class='ocrx_word' id='word_1_444' title='bbox 1482 2027 1576 2060; x_wconf 88' lang='lat' dir='ltr'>etiam</span> <span class='ocrx_word' id='word_1_445' title='bbox 1597 2027 1800 2070; x_wconf 85' lang='lat' dir='ltr'>quantumvis</span> <span class='ocrx_word' id='word_1_446' title='bbox 1826 2028 1966 2061; x_wconf 65' lang='lat' dir='ltr'>iuridica</span> 
     </span>
     <span class='ocr_line' id='line_1_91' title="bbox 1227 2082 1966 2126; baseline 0.003 -13"><span class='ocrx_word' id='word_1_447' title='bbox 1227 2088 1258 2115; x_wconf 86' lang='lat' dir='ltr'>et</span> <span class='ocrx_word' id='word_1_448' title='bbox 1280 2082 1480 2126; x_wconf 78' lang='lat' dir='ltr'>privilegiata</span> <span class='ocrx_word' id='word_1_449' title='bbox 1505 2083 1608 2121; x_wconf 75' lang='lat' dir='ltr'>eausa,</span> <span class='ocrx_word' id='word_1_450' title='bbox 1635 2082 1744 2114; x_wconf 88' lang='lat' dir='ltr'>colore</span> <span class='ocrx_word' id='word_1_451' title='bbox 1760 2108 1767 2122; x_wconf 92' lang='lat'>‚</span> <span class='ocrx_word' id='word_1_452' title='bbox 1795 2086 1966 2125; x_wconf 81' lang='lat' dir='ltr'>praetextu</span> 
     </span>
     <span class='ocr_line' id='line_1_92' title="bbox 1227 2134 1964 2179; baseline -0.001 -11"><span class='ocrx_word' id='word_1_453' title='bbox 1227 2141 1258 2168; x_wconf 86' lang='lat' dir='ltr'>et</span> <span class='ocrx_word' id='word_1_454' title='bbox 1282 2136 1397 2179; x_wconf 85' lang='lat' dir='ltr'>capite,</span> <span class='ocrx_word' id='word_1_455' title='bbox 1412 2135 1507 2168; x_wconf 89' lang='lat' dir='ltr'>etiam</span> <span class='ocrx_word' id='word_1_456' title='bbox 1525 2135 1556 2167; x_wconf 91' lang='lat' dir='ltr'>in</span> <span class='ocrx_word' id='word_1_457' title='bbox 1579 2145 1717 2178; x_wconf 81' lang='lat' dir='ltr'>corpore</span> <span class='ocrx_word' id='word_1_458' title='bbox 1743 2134 1821 2167; x_wconf 87' lang='lat' dir='ltr'>iuris</span> <span class='ocrx_word' id='word_1_459' title='bbox 1847 2135 1964 2175; x_wconf 85' lang='lat' dir='ltr'>clauso,</span> 
     </span>
     <span class='ocr_line' id='line_1_93' title="bbox 1227 2188 1964 2228; baseline -0.003 -6"><span class='ocrx_word' id='word_1_460' title='bbox 1227 2190 1322 2222; x_wconf 87' lang='lat' dir='ltr'>etiam</span> <span class='ocrx_word' id='word_1_461' title='bbox 1349 2188 1592 2221; x_wconf 86' lang='lat' dir='ltr'>enormissimae</span> <span class='ocrx_word' id='word_1_462' title='bbox 1618 2193 1649 2220; x_wconf 85' lang='lat' dir='ltr'>et</span> <span class='ocrx_word' id='word_1_463' title='bbox 1673 2188 1777 2220; x_wconf 87' lang='lat' dir='ltr'>totalis</span> <span class='ocrx_word' id='word_1_464' title='bbox 1802 2188 1964 2228; x_wconf 87' lang='lat' dir='ltr'>laesionis,</span> 
     </span>
     <span class='ocr_line' id='line_1_94' title="bbox 1227 2240 1964 2285; baseline -0.001 -10"><span class='ocrx_word' id='word_1_465' title='bbox 1227 2243 1316 2276; x_wconf 89' lang='lat' dir='ltr'>nullo</span> <span class='ocrx_word' id='word_1_466' title='bbox 1341 2252 1482 2285; x_wconf 74' lang='lat' dir='ltr'>unquam</span> <span class='ocrx_word' id='word_1_467' title='bbox 1508 2247 1654 2283; x_wconf 87' lang='lat' dir='ltr'>tempore</span> <span class='ocrx_word' id='word_1_468' title='bbox 1685 2242 1724 2273; x_wconf 89' lang='lat' dir='ltr'>de</span> <span class='ocrx_word' id='word_1_469' title='bbox 1745 2240 1964 2284; x_wconf 85' lang='lat' dir='ltr'>subreptionis</span> 
     </span>
     <span class='ocr_line' id='line_1_95' title="bbox 1226 2294 1966 2338; baseline -0.003 -9"><span class='ocrx_word' id='word_1_470' title='bbox 1226 2298 1275 2329; x_wconf 86' lang='lat' dir='ltr'>vel</span> <span class='ocrx_word' id='word_1_471' title='bbox 1294 2295 1498 2338; x_wconf 86' lang='lat' dir='ltr'>obreptionis</span> <span class='ocrx_word' id='word_1_472' title='bbox 1524 2300 1579 2327; x_wconf 86' lang='lat' dir='ltr'>aut</span> <span class='ocrx_word' id='word_1_473' title='bbox 1603 2294 1761 2327; x_wconf 88' lang='lat' dir='ltr'>nullitatis</span> <span class='ocrx_word' id='word_1_474' title='bbox 1786 2294 1863 2327; x_wconf 78' lang='lat' dir='ltr'>vitio</span> <span class='ocrx_word' id='word_1_475' title='bbox 1879 2322 1886 2335; x_wconf 89' lang='lat'><em>‚</em></span> <span class='ocrx_word' id='word_1_476' title='bbox 1909 2304 1966 2327; x_wconf 85' lang='lat' dir='ltr'>seu</span> 
     </span>
     <span class='ocr_line' id='line_1_96' title="bbox 1226 2347 1966 2386; baseline 0 -6"><span class='ocrx_word' id='word_1_477' title='bbox 1226 2348 1418 2380; x_wconf 87' lang='lat' dir='ltr'>intentionis</span> <span class='ocrx_word' id='word_1_478' title='bbox 1444 2354 1581 2386; x_wconf 86' lang='lat' dir='ltr'>nostrae,</span> <span class='ocrx_word' id='word_1_479' title='bbox 1600 2347 1649 2379; x_wconf 88' lang='lat' dir='ltr'>vel</span> <span class='ocrx_word' id='word_1_480' title='bbox 1669 2347 1828 2380; x_wconf 87' lang='lat' dir='ltr'>interesse</span> <span class='ocrx_word' id='word_1_481' title='bbox 1846 2347 1966 2380; x_wconf 85' lang='lat' dir='ltr'>haben-</span> 
     </span>
     <span class='ocr_line' id='line_1_97' title="bbox 1228 2399 1967 2443; baseline 0.001 -11"><span class='ocrx_word' id='word_1_482' title='bbox 1228 2401 1306 2433; x_wconf 89' lang='lat' dir='ltr'>tium</span> <span class='ocrx_word' id='word_1_483' title='bbox 1331 2401 1532 2439; x_wconf 77' lang='lat' dir='ltr'>consensus,</span> <span class='ocrx_word' id='word_1_484' title='bbox 1561 2399 1662 2432; x_wconf 87' lang='lat' dir='ltr'>aliove</span> <span class='ocrx_word' id='word_1_485' title='bbox 1698 2400 1844 2443; x_wconf 87' lang='lat' dir='ltr'>quolibet</span> <span class='ocrx_word' id='word_1_486' title='bbox 1870 2399 1967 2433; x_wconf 86' lang='lat' dir='ltr'>etiam</span> 
     </span>
     <span class='ocr_line' id='line_1_98' title="bbox 1226 2451 1966 2497; baseline -0.001 -12"><span class='ocrx_word' id='word_1_487' title='bbox 1226 2453 1430 2497; x_wconf 85' lang='lat' dir='ltr'>quantumvis</span> <span class='ocrx_word' id='word_1_488' title='bbox 1466 2462 1582 2493; x_wconf 73' lang='lat' dir='ltr'>magno</span> <span class='ocrx_word' id='word_1_489' title='bbox 1621 2458 1653 2484; x_wconf 90' lang='lat' dir='ltr'>et</span> <span class='ocrx_word' id='word_1_490' title='bbox 1692 2451 1896 2485; x_wconf 83' lang='lat' dir='ltr'>substantiali</span> <span class='ocrx_word' id='word_1_491' title='bbox 1929 2462 1966 2484; x_wconf 86' lang='lat' dir='ltr'>ac</span> 
     </span>
     <span class='ocr_line' id='line_1_99' title="bbox 1227 2503 1963 2548; baseline -0.003 -10"><span class='ocrx_word' id='word_1_492' title='bbox 1227 2505 1444 2547; x_wconf 79' lang='lat' dir='ltr'>inexcogitato</span> <span class='ocrx_word' id='word_1_493' title='bbox 1488 2510 1519 2537; x_wconf 83' lang='lat' dir='ltr'>et</span> <span class='ocrx_word' id='word_1_494' title='bbox 1559 2504 1802 2548; x_wconf 75' lang='lat' dir='ltr'>inexcogitabili</span> <span class='ocrx_word' id='word_1_495' title='bbox 1845 2503 1963 2537; x_wconf 86' lang='lat' dir='ltr'>indivi-</span> 
     </span>
     <span class='ocr_line' id='line_1_100' title="bbox 1227 2556 1966 2601; baseline -0.001 -11"><span class='ocrx_word' id='word_1_496' title='bbox 1227 2558 1388 2601; x_wconf 84' lang='lat' dir='ltr'>duamque</span> <span class='ocrx_word' id='word_1_497' title='bbox 1419 2557 1665 2600; x_wconf 84' lang='lat' dir='ltr'>expressionem</span> <span class='ocrx_word' id='word_1_498' title='bbox 1698 2557 1886 2601; x_wconf 85' lang='lat' dir='ltr'>requirente</span> <span class='ocrx_word' id='word_1_499' title='bbox 1911 2556 1966 2589; x_wconf 87' lang='lat' dir='ltr'>de-</span> 
     </span>
     <span class='ocr_line' id='line_1_101' title="bbox 1227 2608 1966 2654; baseline -0.003 -11"><span class='ocrx_word' id='word_1_500' title='bbox 1227 2612 1308 2645; x_wconf 86' lang='lat' dir='ltr'>fectu</span> <span class='ocrx_word' id='word_1_501' title='bbox 1335 2611 1452 2651; x_wconf 82' lang='lat' dir='ltr'>notari,</span> <span class='ocrx_word' id='word_1_502' title='bbox 1471 2610 1665 2654; x_wconf 75' lang='lat' dir='ltr'>impugnari,</span> <span class='ocrx_word' id='word_1_503' title='bbox 1684 2610 1829 2654; x_wconf 76' lang='lat' dir='ltr'>infringi,</span> <span class='ocrx_word' id='word_1_504' title='bbox 1851 2608 1966 2642; x_wconf 83' lang='lat' dir='ltr'>invali-</span> 
     </span>
    </p>
   </div>
   <div class='ocr_carea' id='block_1_9' title="bbox 1963 0 2269 256">
    <p class='ocr_par' dir='ltr' id='par_1_10' title="bbox 1963 0 2269 256">
     <span class='ocr_line' id='line_1_102' title="bbox 1963 0 2269 256; baseline 0.01 -3"><span class='ocrx_word' id='word_1_505' title='bbox 1963 225 2015 254; x_wconf 80' lang='lat' dir='ltr'>An.</span> <span class='ocrx_word' id='word_1_506' title='bbox 2032 224 2061 254; x_wconf 85' lang='lat' dir='ltr'>C.</span> <span class='ocrx_word' id='word_1_507' title='bbox 2079 225 2150 256; x_wconf 73' lang='lat'>¹713</span> <span class='ocrx_word' id='word_1_508' title='bbox 2252 0 2269 226; x_wconf 56' lang='grc'>1</span> 
     </span>
    </p>
   </div>
  </div>
 </body>
</html>
