2269 3203
107 209 158 236 An.
179 209 210 235 C.
230 208 296 236 ¹714

157 691 237 713 noim
270 694 290 712 et

104 724 179 744 preces
218 720 289 745 pelen>

105 747 163 766 uum.

174 2232 286 2254 Concessio

105 2258 213 2285 praedicta
228 2261 287 2279 [nini-

103 2288 146 2305 atro
157 2286 249 2311 generali
260 2286 288 2306 [Α-

103 2315 139 2332 cta
161 2312 200 2332 sub
225 2313 288 2333 certis

103 2338 267 2360 conditionibus.

931 204 1071 228 CLEnEx-‘s
1099 205 1129 227 XI
1156 205 1201 227 ΡΡ.

303 260 367 289 tate
409 256 586 300 apostolica
625 254 812 288 sustulimus
852 254 973 296 pariter
1013 257 1044 285 et

303 310 519 343 removimus:
539 314 571 343 et
586 309 674 348 alias
694 312 790 351 prout
808 307 839 339 in
858 305 978 339 nostris
997 305 1044 338 iti-

302 364 374 396 dem
400 362 432 396 in
457 363 554 396 simili
587 363 691 395 forma
723 360 833 394 Brevis
867 359 917 393 die
943 369 1043 393 xxviii

301 417 429 459 augusti
450 426 563 450 iinccn
582 414 741 459 expeditis
759 414 886 453 litteris,
909 424 1044 457 quarum

303 470 468 503 tenorem¹
488 467 717 513 praesentibus
736 478 797 511 pro
816 468 912 510 plene
931 472 962 499 et
979 466 1045 499 sus-

302 522 450 555 licienter
475 531 631 565 expresso
657 531 693 553 ac
719 520 757 553 de
783 520 882 552 verbo
908 519 948 552 ad
973 529 1044 552 ver-

300 575 377 608 bum
412 575 534 607 inserto
574 573 687 606 haberi
725 573 886 613 volumus,
910 572 1043 605 uberius

301 627 487 661 continetur

345 681 360 724 ἓ
380 680 412 713 2.
439 679 515 713 Cum
535 685 651 719 autem,
670 678 755 712 sicut
780 678 888 712 dilecti
916 677 972 712 tilii
994 678 1044 711 Mi-

301 733 532 776 chaelangelus
558 743 575 765 a
602 732 753 775 Ragusia,
778 731 926 765 minister
950 742 1044 774 gene-

300 786 388 826 ralis,
412 786 549 819 Ioannes
574 785 734 818 Antonius
760 795 777 817 a
803 783 983 823 Florentia,
1012 784 1043 816 in

299 839 445 872 Romana
463 838 557 872 Curia
580 843 776 882 procurator
800 842 832 870 et
857 837 1044 870 commissa-

299 892 366 925 rius
392 891 579 935 generalis,
604 891 794 925 Timotheus
831 902 848 924 a
876 890 986 924 Flexia
1012 895 1043 923 et

299 945 487 978 Timotheus
512 955 530 977 a
554 944 716 984 Rodenas,
732 943 921 977 definitores
947 953 1045 986 gene-

299 999 384 1031 rales
405 997 534 1031 Ordinis
559 997 728 1041 praedicti,
746 997 839 1030 nobis
864 1007 970 1040 nuper
994 1007 1044 1030 ex-

299 1051 375 1095 poni
401 1051 562 1091 fecerunt,
585 1050 623 1083 ab
643 1060 681 1083 eo
701 1056 846 1094 tempore
873 1050 1043 1093 experien-

300 1104 343 1137 tia
369 1109 572 1147 compertum
591 1103 699 1143 suerit,
715 1114 781 1136 non
800 1104 905 1136 solum
924 1103 1042 1137 damna

299 1162 331 1190 et
343 1156 550 1190 incommoda
564 1166 601 1189 ex
616 1156 808 1190 eorumdem
827 1155 1042 1189 discretorum

300 1209 460 1243 electione
496 1209 621 1242 sublata
651 1209 786 1242 minime
822 1209 944 1250 fuisse,
983 1210 1040 1243 sed

298 1264 420 1298 maiora
451 1263 484 1295 in
518 1264 647 1307 gravius
683 1262 857 1305 religiosae
889 1263 978 1306 pacis
1012 1269 1041 1297 et

298 1317 496 1351 concordiae
530 1327 660 1350 necnon
683 1315 842 1359 regularis
868 1316 1041 1349 observan-

300 1371 360 1405 tiae
385 1369 623 1414 praeiudicium
655 1369 751 1403 etiam
781 1380 853 1402 cum
887 1370 1039 1403 scandalo

298 1431 330 1459 et
358 1424 576 1458 saecularium
611 1423 830 1457 admiratione
867 1423 1039 1456 emersisse

298 1488 334 1511 ac
359 1478 392 1510 in
413 1477 482 1510 dies
508 1486 684 1519 emergere,
704 1487 740 1509 ac
765 1476 904 1520 proinde
925 1477 1039 1510 fratres

297 1530 485 1575 praedictae
520 1529 709 1573 provinciae
733 1529 1038 1573 Flandro-Belgicae

299 1594 411 1618 corum
437 1584 650 1617 discretorum
677 1583 880 1623 electionem,
899 1594 958 1626 pro
977 1594 1039 1627 qua

297 1637 420 1681 pluries
437 1637 559 1670 nedum
584 1636 808 1680 superioribus
834 1636 1038 1679 generalibus

298 1696 329 1724 et
354 1690 438 1723 dicto
463 1689 596 1723 Nicolao
630 1689 786 1733 episcopo
825 1690 982 1722 cardinali
1007 1695 1040 1723 et

297 1743 477 1788 protectori
503 1753 539 1776 ac
570 1742 665 1776 nobis
695 1742 887 1786 pracsertim
918 1743 950 1776 in
985 1754 1039 1776 co-

297 1796 396 1830 mitiis
433 1795 642 1839 generalibus
680 1795 731 1829 die
760 1806 816 1829 xm
842 1796 917 1829 maii
954 1807 1038 1830 anno

296 1858 430 1884 MDccxn
456 1848 489 1881 in
514 1848 598 1881 alma
622 1847 706 1881 Urbe
732 1850 841 1881 nostra
865 1848 1038 1882 celebratis

297 1903 576 1947 supplicaverant,
598 1902 730 1935 restitui
756 1912 964 1946 summopere
987 1903 1038 1936 de·

297 1957 464 1990 siderent:
484 1955 577 1989 nobis
604 1960 780 1999 propterea
805 1955 963 1998 praedicti
989 1966 1039 1989 ex-

296 2015 456 2055 ponentes
480 2009 650 2042 humiliter
681 2009 861 2052 supplicari
891 2010 1039 2043 fecerunt

297 2070 331 2098 ut
362 2064 395 2097 in
428 2063 615 2106 praemissis
652 2067 840 2106 opportune
865 2063 1038 2106 providere

296 2123 328 2151 et
361 2123 397 2151 ut
430 2117 514 2150 infra
550 2116 722 2159 indulgere
760 2116 799 2149 de
835 2116 1037 2160 benignitate

296 2170 475 2215 apostolica
499 2170 721 2213 dignaremur.

340 2224 355 2267 ξ
379 2223 411 2257 3.
430 2223 493 2258 Nos
510 2223 622 2266 igitur,
639 2223 728 2266 ipsos
747 2229 949 2267 exponentes
967 2234 1039 2268 spe·

298 2276 432 2311 cialibus
463 2276 628 2310 favoribus
660 2282 692 2310 et
731 2277 842 2320 gratiis
882 2278 1038 2322 prosequi

297 2331 453 2371 volentes,
479 2336 510 2364 et
534 2341 648 2364 eorum
672 2331 854 2374 singulares
879 2342 1038 2375 personas

297 2392 316 2415 a
339 2383 505 2426 quibusvis
525 2383 883 2425 excommunicationis,
900 2395 1038 2428 suspen-

297 2435 397 2469 sionis
421 2441 454 2469 et
476 2436 660 2477 interdicti,
679 2436 816 2481 aliisque
841 2438 1038 2472 ecclesiasti-

297 2488 342 2521 cis
359 2488 540 2528 sententiis,
561 2489 705 2522 censuris
724 2495 757 2523 et
772 2491 900 2534 poenis,
925 2501 943 2524 a
966 2491 1037 2525 iure

297 2541 348 2575 vel
384 2541 424 2573 ab
448 2540 602 2581 homine,
639 2542 752 2585 quavis
784 2543 956 2578 occasione
986 2545 1037 2577 vel

334 2605 345 2631 l
368 2601 438 2630 Edit.
459 2600 542 2628 Main.
563 2600 628 2636 legit
647 2605 760 2632 tenores
781 2605 821 2639 (n.
841 2606 889 2640 12).

384 2657 466 2686 Bull.
488 2656 573 2686 Rom.
590 2673 623 2677 -
643 2657 704 2686 Vol.
723 2657 798 2689 XXI.
950 2658 984 2687 78

1087 254 1183 285 causa
1200 250 1282 291 latis,
1300 251 1324 283 si
1343 252 1460 295 quibus
1477 252 1727 295 quomodolibet
1746 251 1834 284 inno-

1088 306 1181 338 datae
1207 305 1362 345 existunt,
1381 305 1421 338 ad
1440 305 1592 338 ellectum
1610 305 1833 347 praesentium

1087 360 1255 392 dumtaxat
1282 359 1573 402 consequendum,
1597 358 1713 390 harum
1748 359 1833 391 serie

1087 413 1296 445 absolventes
1327 417 1359 445 et
1377 412 1540 445 absolutas
1562 411 1629 444 sore
1648 415 1832 450 censentes,

1088 465 1276 499 huiusmodi
1293 465 1590 509 supplicationibus
1611 463 1770 504 inclinati,
1788 469 1833 496 at-

1088 521 1175 552 tento
1209 518 1305 551 etiam
1331 523 1404 550 voto
1430 517 1575 550 eiusdem
1601 515 1723 549 Nicolai
1757 516 1830 559 epi-

1087 571 1176 614 scopi
1196 569 1370 604 eardinalis
1390 575 1421 603 et
1438 569 1647 613 protectoris,
1665 568 1832 612 praedicto

1081 624 1345 671 ‚Micliaelangelo
1383 623 1532 656 ministro
1578 621 1746 665 generali,
1779 632 1833 655 au-

1087 677 1162 710 ditis
1189 677 1279 720 prius
1304 687 1340 710 ac
1365 676 1501 709 visitatis
1535 676 1686 709 omnibus
1712 680 1744 707 et
1769 675 1831 707 sin-

1087 730 1171 772 gulis
1199 729 1345 763 eiusdem
1380 729 1567 773 provinciae
1593 727 1828 761 Flandro-Bel-

1087 783 1180 826 gicae
1206 783 1372 823 fratribus,
1397 793 1432 815 ac
1458 793 1491 815 re
1518 781 1616 822 serio,
1650 780 1831 824 prudenter

1088 842 1120 870 et
1145 836 1529 879 diligenterexaminata,
1551 834 1748 868 electionem
1766 832 1830 866 dis-

1088 895 1250 922 cretorum
1276 888 1474 928 huiusmodi,
1497 887 1523 920 si
1549 887 1581 920 id
1612 886 1736 920 divinae
1762 886 1830 928 glo-

1087 943 1168 983 riae,
1188 941 1340 986 publicae
1362 939 1588 985 tranquillitati
1610 950 1645 973 ac
1667 938 1828 982 regularis

1087 995 1311 1028 observantiae
1338 994 1541 1027 incremento
1568 993 1599 1025 in
1613 991 1750 1025 Domino
1776 1001 1830 1024 ex-

1086 1048 1199 1091 pedire
1216 1040 1414 1088 iudicaverii,
1424 1046 1617 1080 restituendi
1632 1046 1828 1084 facultatem,

1086 1102 1172 1135 dicta
1207 1101 1414 1141 auctoritate,
1442 1106 1555 1133 tenore
1581 1098 1827 1143 praesentium,

1086 1154 1296 1188 concedimus
1321 1159 1353 1187 et
1378 1153 1598 1197 impartimur.

1129 1210 1143 1251 ξ
1165 1209 1196 1242 li.
1224 1208 1294 1242 Non
1320 1207 1524 1241 obstantibus
1550 1206 1707 1251 praedicti
1733 1206 1828 1239 Inno-

1085 1262 1181 1296 centii
1214 1261 1474 1306 praedecessoris
1510 1261 1649 1302 litteris,
1687 1261 1828 1304 aliisque

1084 1316 1375 1349 constitutionibus
1400 1321 1432 1348 et
1464 1314 1725 1348 ordinationibus
1750 1325 1829 1358 apo-

1083 1370 1222 1410 stolicis,
1257 1379 1385 1402 necnon
1422 1368 1607 1411 provinciae
1639 1373 1670 1401 et
1700 1367 1828 1401 Ordinis

1084 1423 1282 1463 huiusmodi,
1308 1422 1405 1456 etiam
1432 1423 1625 1462 iuramento,
1655 1421 1829 1455 confirma-

1085 1476 1172 1510 tione
1209 1477 1408 1520 apostolica,
1444 1477 1494 1510 vel
1527 1475 1638 1519 quavis
1674 1475 1827 1509 firmitate

1083 1531 1145 1563 alia
1168 1530 1350 1571 roboratis,
1375 1529 1503 1563 statutis
1530 1534 1562 1562 et
1590 1529 1829 1563 consuetudini·

1082 1583 1161 1624 bus,
1184 1582 1364 1626 privilegiis
1389 1593 1530 1627 quoque,
1557 1581 1690 1616 indultis
1718 1586 1748 1616 et
1776 1582 1829 1616 lit-

1083 1636 1160 1669 teris
1183 1636 1371 1679 apostolicis
1392 1635 1425 1668 in
1451 1635 1651 1669 contrarium
1670 1636 1828 1680 praemis·

1082 1700 1190 1723 sorum
1216 1689 1464 1733 quomodolibet
1493 1689 1680 1730 concessis,
1713 1689 1827 1723 confir-

1082 1743 1175 1776 matis
1202 1747 1234 1776 et
1257 1742 1436 1783 innovatis3
1468 1743 1588 1786 quibus
1613 1742 1761 1776 omnibus
1795 1748 1828 1776 et

1082 1796 1239 1839 singulis,
1266 1795 1395 1829 illorum
1433 1801 1564 1829 tenores
1594 1796 1825 1840 praesentibus

1081 1859 1142 1892 pro
1177 1850 1274 1893 plene
1304 1854 1336 1882 et
1366 1848 1565 1883 sufficienter
1600 1850 1762 1893 expressis
1791 1860 1827 1883 ac

1083 1903 1121 1936 de
1147 1903 1247 1936 verbo
1273 1903 1311 1936 ad
1338 1903 1474 1936 verbum
1492 1903 1625 1937 insertis
1653 1903 1824 1944 habentes,

1082 1955 1146 1989 illis
1164 1956 1243 1989 alias
1262 1956 1294 1988 in
1320 1966 1377 1988 suo
1395 1957 1511 1989 robore
1534 1956 1766 1999 permansuris,
1785 1957 1825 1990 ad

1082 2009 1333 2053 praemissorum
1353 2008 1517 2050 effectum,
1536 2010 1597 2043 hac
1614 2010 1682 2044 vice
1700 2010 1825 2043 dumta-

1083 2068 1142 2104 xat,
1164 2062 1353 2106 specialiter
1378 2068 1410 2096 et
1434 2073 1588 2107 expresse
1614 2064 1822 2107 derogamus,

1081 2117 1263 2161 ceterisque
1285 2117 1458 2151 contrariis
1483 2117 1754 2162 quibuscumque.

1125 2170 1240 2204 Datum
1266 2171 1396 2211 Romae,
1423 2171 1510 2215 apud
1538 2171 1570 2205 S.
1597 2171 1728 2205 Mariam
1760 2172 1824 2205 Ma-

1081 2224 1195 2265 iorem,
1213 2224 1271 2257 sub
1292 2225 1415 2258 annulo
1428 2224 1611 2266 piscatoris,
1625 2225 1677 2259 die
1697 2236 1755 2260 x111
1779 2225 1824 2258 iu-

1082 2277 1114 2311 lii
1136 2287 1290 2318 unccinv,
1306 2277 1515 2321 pontificatus
1534 2278 1637 2312 nostri
1656 2288 1741 2312 anno
1758 2288 1821 2313 xiv.

1116 2338 1177 2367 Dat.
1194 2339 1239 2367 die
1257 2338 1290 2366 13
1304 2338 1363 2366 iulii
1382 2339 1461 2372 1714,
1482 2339 1586 2374 pontif.
1608 2347 1681 2368 anno
1696 2347 1752 2367 xiv.

1413 2473 1495 2507 CCV.

1080 2544 1277 2578 Declaratur
1294 2544 1426 2578 mellum
1448 2544 1588 2578 edictum
1605 2543 1745 2588 deleqali
1763 2554 1823 2576 mo-

1124 2597 1280 2632 marchiae
1303 2597 1438 2632 Siciliae
1457 2608 1554 2642 super
1573 2597 1745 2631 interdicto
1770 2598 1824 2631 cui

1843 204 1891 230 An.
1911 203 1940 230 C.
1960 203 2027 229 1714

1909 1219 2024 1244 nerogauo

1839 1248 2001 1266 Contrariorum.
