2269 3203
103 199 153 226 An.
168 198 197 226 C.
219 198 286 226 1707

127 1163 184 1183 Nom
192 1165 272 1184 attenta
286 1164 291 1184 i

107 1195 198 1216 speciei.

919 193 1061 218 CLEMENS
1087 193 1119 216 xt
1144 193 1191 216 Pr.

299 251 331 281 et
354 257 372 280 a
396 247 581 280 divinorum
599 245 716 279 nedum
735 243 1034 284 administratione,

299 300 356 334 sed
383 301 478 334 ctiam
505 299 754 344 participatione
785 308 957 342 suspensus
992 302 1037 330 at-

299 364 360 397 que
383 355 565 387 submotus.
586 353 630 385 Ac
650 351 786 395 insuper
805 350 889 384 idem
907 355 1038 384 senatus

298 412 411 440 contra
435 410 681 450 procuratorem
705 403 857 437 Gamerae
875 403 1039 446 Apostoli-

298 470 374 500 cae,
409 460 486 493 licet
519 458 647 491 notorie
685 462 892 501 exemptum,
927 466 1040 499 proce-

299 513 375 546 dere
401 523 495 545 ansus
523 512 589 551 suit,
617 511 723 554 ipsum
750 509 883 543 citando
901 509 940 542 ad
959 519 1039 542 com-

298 565 489 608 parendum,
515 575 586 597 cum
622 564 822 606 subsequuta
847 562 1039 596 reductione

298 619 458 652 bonorum
497 623 560 651 tam
596 617 726 661 losephi
753 617 864 658 Ande,
893 617 1039 650 advocati

299 671 450 706 Gamerae
475 670 646 715 praedicti,
675 681 771 714 quam
807 669 954 703 canonici
988 680 1042 702 co-

301 726 478 770 gnominati
504 725 630 759 Torrini
651 752 658 765 ,
692 729 768 757 tunc
793 723 1040 757 subcollectoris

300 779 491 823 apostolici,
519 779 549 811 in
587 778 697 812 odium
733 783 859 810 actuum
892 777 931 810 ab
965 777 1042 821 ipsis

300 836 483 875 gestorum,
509 838 544 864 ut
568 831 704 875 proprio
731 830 858 864 muneri
885 829 1042 864 satisface-

300 892 424 918 cerent.
451 886 530 919 Dum
555 896 633 919 vero
671 890 874 929 opportunae
910 895 1042 928 repara-

302 939 379 972 tioni
412 950 470 982 per
509 945 582 972 tnnc
619 938 811 972 existentem
850 939 1041 982 episcopum

300 993 492 1032 Niciensem,
510 993 540 1025 in
551 992 777 1026 executionem
789 992 910 1025 decreti
923 1003 1041 1025 memo-

302 1052 391 1079 ratae
415 1045 684 1090 Congrcgationis
708 1045 920 1078 cardinalium
943 1055 1042 1088 opera

303 1100 449 1139 dabatur,
476 1110 557 1133 nova
583 1100 716 1133 emersit
735 1099 881 1132 attentati
898 1099 1039 1142 specics.

302 1152 380 1185 Nam
411 1153 608 1186 venerabilis
642 1153 741 1185 frater
776 1152 1043 1195 archiepiscopus

302 1206 557 1246 Ebredunensis,
584 1211 745 1249 tamquam
759 1205 1042 1248 metropolitanus,

302 1271 338 1292 ex
365 1260 503 1303 abrupto
522 1288 529 1298 ,
556 1261 712 1303 nullaque
737 1259 904 1291 iudiciaria
941 1259 1043 1291 forma

300 1316 434 1354 servata,
460 1313 588 1357 sibique
614 1313 748 1347 omnino
767 1312 1044 1355 incompetentem

301 1367 524 1401 auctoritatem
539 1366 756 1410 cognoscendi
773 1366 812 1399 de
831 1365 954 1398 iuribus
968 1365 1045 1398 San-

303 1427 373 1454 ctae
399 1421 491 1455 Sedis
519 1426 547 1454 et
576 1421 615 1453 de
642 1420 741 1463 gestis
768 1430 827 1463 per
852 1419 938 1452 illius
963 1430 1045 1464 nun-

303 1475 400 1515 cium,
427 1475 549 1518 absque
577 1473 676 1507 dubio
702 1473 905 1517 superiorem
932 1483 1042 1513 situm,

304 1529 509 1568 assumendo,
536 1533 577 1569 et,
599 1528 686 1571 quod
712 1527 814 1571 magis
835 1527 1043 1560 intolerabile

305 1588 373 1622 est,
400 1593 470 1615 sese
496 1592 594 1625 supra
619 1582 722 1625 ipsum
753 1580 966 1620 extollendo,
1005 1580 1043 1613 ad

305 1635 495 1678 petitionem
521 1635 657 1677 praefati
683 1634 825 1667 Caietani
842 1661 849 1674 ,
876 1634 950 1666 licet
970 1638 1044 1666 ante

305 1688 458 1721 reiectam
477 1716 484 1728 ,
511 1691 540 1720 et
565 1688 605 1720 ad
631 1697 711 1730 quos
738 1687 776 1720 de
814 1686 881 1720 iure
915 1697 932 1719 a
969 1692 1045 1719 tunc

306 1742 462 1774 existente
489 1741 642 1784 episcopo
668 1740 880 1773 Glandexcnsi
907 1751 965 1773 suo
982 1740 1046 1773 Or—

306 1795 456 1835 dinario,
483 1794 567 1838 apud
594 1804 691 1837 quem
717 1793 772 1826 ille
799 1794 888 1836 prius
913 1793 1046 1826 instete-

305 1854 376 1887 rat,
401 1848 588 1887 remissam,
616 1853 738 1880 temere
766 1847 941 1879 declaravit
967 1857 1046 1879 nun-

306 1912 401 1945 quam
422 1901 453 1933 in
469 1900 609 1934 dioecesi
628 1899 841 1933 Glandexonsi
865 1899 1043 1942 spoliorum

306 1955 355 1987 ius
379 1965 436 1988 usu
463 1954 559 1987 fuisse
575 1959 753 1997 receptum,
773 1953 877 1986 eidem
893 1952 1045 1986 Caietano

306 2007 445 2051 aliisque
464 2007 618 2040 omnibns
638 2006 865 2040 ecclesiasticis
883 2017 959 2039 suae
982 2017 1046 2038 me-

306 2061 522 2104 tropolitanae
549 2059 763 2093 iurisdictioni
789 2059 942 2092 subiectis
968 2070 1045 2102 pro-

306 2120 418 2158 pterea
443 2114 625 2147 inhibendo
665 2124 706 2146 ne
745 2113 863 2145 dictum
890 2112 938 2145 ius
973 2122 1047 2155 spo-

306 2168 425 2201 liorum
463 2168 587 2201 directe
620 2168 669 2200 vel
707 2166 865 2199 indirecte
902 2176 1045 2208 unquam

305 2226 604 2264 recognoscerent,
631 2226 800 2264 praeterea
826 2220 948 2252 nullam
975 2229 1045 2251 esse

306 2276 534 2318 pronunciavit
557 2274 750 2308 sententiam
786 2273 1043 2307 excommunica-

307 2328 405 2362 tionis
429 2334 540 2362 contra
562 2328 681 2361 dictum
707 2327 891 2361 Caietanum
913 2328 1009 2360 latam
1031 2337 1047 2358 a

307 2382 460 2415 tribunali
483 2382 712 2421 Nunciatnrae,
739 2381 976 2415 absolutionem
1003 2381 1047 2414 ei-

308 2434 381 2467 dem
406 2435 444 2468 ad
466 2436 625 2468 cautelam
646 2435 835 2474 tribuendo,
855 2434 1045 2477 licitumque

308 2488 340 2520 in
367 2487 449 2520 dicta
465 2488 632 2531 provincia
650 2499 819 2521 recursum
837 2488 876 2520 ad
898 2493 1046 2520 senatum

308 2540 341 2573 in
367 2541 498 2573 materia
524 2541 702 2584 spoliorum
740 2541 786 2574 uti
821 2551 951 2584 semper
976 2541 1043 2572 usi-

309 2599 409 2630 tatum
442 2593 589 2628 asseruit.
628 2593 722 2628 Cuius
760 2604 838 2628 sane
869 2593 1046 2628 ordinatio-

1722 182 1786 216 275

1081 241 1129 273 nis
1149 268 1156 282 ,
1181 246 1333 285 tanquam
1359 241 1490 273 notoria
1514 240 1663 273 nullitate
1691 241 1731 273 ob
1769 240 1821 274 de—

1083 294 1199 327 sectum
1225 293 1460 327 iurisdictionis
1486 293 1516 326 in
1543 293 1676 326 materia
1702 293 1739 326 dc
1759 304 1822 336 qua

1083 349 1239 392 agebatur
1276 347 1440 388 infectae,
1478 358 1538 380 nec
1575 347 1682 379 minus
1721 347 1822 379 eccle-

1083 401 1231 435 siasticae
1257 401 1450 434 immunitati
1478 400 1697 440 adversantis,
1729 411 1822 443 quam

1083 455 1198 488 iurium
1237 455 1333 488 liuius
1365 455 1498 487 Sanctae
1531 453 1624 487 Sedis
1653 453 1822 486 manifeste

1084 509 1233 549 lacsivae,
1259 508 1455 543 demandata
1482 508 1540 541 suit
1565 507 1715 545 cassatio,
1735 517 1825 540 revo-

1084 562 1166 595 catio
1191 569 1221 595 et
1239 562 1418 595 annullatio
1438 566 1512 594 tunc
1530 560 1741 594 existentibus
1760 566 1823 592 tam

1084 616 1203 649 nuncio
1229 615 1419 648 Tanrinensi
1453 625 1548 658 quam
1575 615 1747 657 prolegato
1778 615 1824 646 Λ-

1085 669 1295 708 venionensi,
1322 673 1418 712 prout
1442 667 1536 700 ambo
1562 668 1649 700 illam
1668 677 1739 699 cum
1762 677 1826 700 om-

1085 722 1213 755 mnibus
1240 722 1315 754 inde
1340 721 1460 754 secutis
1486 726 1671 761 cassarunt,
1696 731 1826 753 revoca-

1086 781 1161 809 runt
1186 783 1217 810 et
1248 776 1471 809 annullarunt.
1506 775 1579 815 Sed,
1606 785 1677 807 cum
1720 775 1825 808 dictus

1085 831 1275 875 prolegatus
1300 829 1385 872 affigi
1412 829 1561 861 iussisset
1587 828 1683 862 valvis
1720 829 1826 862 eccle-

1085 885 1149 918 siae
1173 884 1249 918 dicti
1275 884 1336 918 loci
1370 883 1598 917 Rocasterouis
1635 883 1826 916 declaratio-

1086 950 1158 973 nem
1187 938 1329 981 desuper
1353 937 1393 970 ab
1419 948 1457 971 eo
1483 936 1624 977 editam,
1663 936 1722 969 suit
1758 947 1826 970 car-

1086 993 1214 1025 ceribus
1236 990 1438 1034 mancipatus
1464 1001 1580 1023 cursor
1604 990 1643 1023 ad
1669 990 1700 1023 id
1734 1001 1827 1033 pera-

1087 1046 1227 1089 gendum
1254 1045 1475 1084 transmissus,
1503 1049 1534 1076 et
1555 1043 1586 1076 in
1604 1043 1667 1077 illis
1685 1044 1826 1087 plurium

1087 1098 1245 1131 mensium
1260 1097 1363 1141 spatio
1382 1097 1548 1137 detentus,
1565 1107 1734 1140 quousque
1753 1097 1827 1139 suga

1087 1151 1147 1184 sibi
1166 1150 1341 1183 consuluit.
1357 1149 1516 1182 Similiter
1533 1160 1592 1181 nec
1611 1149 1718 1192 potuit
1735 1160 1828 1192 prae-

1088 1204 1191 1237 dictus
1216 1204 1388 1247 episcopus
1414 1202 1572 1235 Niciensis
1599 1203 1712 1246 exequi
1738 1214 1828 1235 man-

1088 1259 1159 1290 data
1186 1258 1288 1290 dictae
1314 1256 1582 1299 Congregationis
1615 1256 1827 1289 cardinalium

1088 1311 1313 1355 procedendi,
1340 1315 1435 1354 prout
1461 1310 1499 1342 de
1527 1310 1620 1349 iure,
1646 1315 1757 1343 contra
1783 1320 1829 1343 se-

1088 1371 1213 1404 natum,
1243 1375 1305 1397 non
1332 1363 1482 1407 repertis,
1509 1364 1549 1395 ob
1576 1363 1664 1395 illius
1690 1363 1829 1406 perbor-

1089 1420 1292 1460 vescentium,
1308 1419 1465 1451 ministris
1483 1418 1531 1451 vel
1550 1418 1755 1457 officialibus,
1774 1418 1828 1461 qui

1088 1474 1192 1507 eidem
1218 1483 1332 1517 parere
1358 1471 1535 1511 voluerint,
1558 1476 1593 1503 ut
1617 1470 1685 1514 ipse
1721 1471 1827 1504 cidem

1089 1525 1339 1570 Congrcgationi
1365 1525 1543 1568 rescripsit.

1134 1580 1204 1624 53.
1234 1579 1297 1612 Nec
1332 1579 1440 1611 minus
1477 1578 1686 1611 temerarium
1724 1577 1829 1610 extitit

1090 1635 1177 1678 quod
1204 1634 1243 1665 ab
1269 1633 1386 1666 eodem
1411 1631 1552 1664 Niciensi
1577 1637 1689 1664 senatu
1722 1636 1828 1664 atten-

1091 1693 1190 1720 tatum
1207 1686 1265 1718 suit
1282 1685 1454 1718 occasione
1472 1684 1724 1728 praetensionis,
1740 1683 1828 1726 quod

1091 1740 1208 1773 subditi
1237 1739 1349 1772 ditioni
1378 1738 1548 1781 temporali
1575 1738 1745 1770 comitatus
1778 1737 1830 1769 Ni-

1090 1793 1226 1832 ciensis,
1251 1790 1504 1825 Yentimiliensis
1531 1790 1700 1829 dioecesis,
1720 1791 1830 1833 vigore

1090 1851 1285 1879 assertorum
1301 1844 1557 1888 privilegiorinn,
1577 1843 1661 1876 tralii
1681 1854 1745 1875 non
1761 1853 1832 1886 pos-

1090 1906 1161 1933 sent
1177 1903 1264 1933 extra
1281 1898 1458 1941 temporale
1476 1897 1656 1929 dominium
1683 1896 1828 1929 eiusdem

1090 1953 1259 1986 comitatus
1285 1961 1343 1995 pro
1369 1951 1555 1993 cognitione
1588 1960 1759 1982 causarum
1799 1950 1830 1982 in

1092 2006 1192 2049 primii
1218 2005 1371 2038 instanti-:1
1398 2015 1505 2037 coram
1545 2004 1700 2047 episcopo
1737 2014 1831 2047 pera-

1092 2060 1208 2103 genda.
1238 2059 1282 2092 Ad
1315 2059 1399 2091 lianc
1435 2058 1595 2101 siquidem
1628 2058 1832 2101 praetensio-

1091 2123 1164 2146 nem
1190 2112 1449 2151 confovendam,
1476 2112 1646 2144 immemor
1671 2111 1757 2144 idem
1782 2122 1831 2144 se‘

1091 2172 1210 2206 natus,
1239 2166 1324 2209 quod
1352 2175 1417 2198 non
1444 2165 1518 2198 licet
1542 2165 1648 2198 laicali
1673 2165 1830 2208 potestati

1091 2221 1122 2253 in
1149 2219 1379 2253 concernentia
1404 2229 1575 2252 causarum
1608 2218 1830 2262 spiritualium

1091 2274 1313 2317 cognitionem
1340 2283 1410 2306 sese
1447 2273 1619 2315 ingerere,
1657 2283 1693 2304 ac
1727 2273 1830 2304 multo

1091 2327 1196 2360 minus
1221 2326 1319 2359 iudici
1341 2325 1561 2358 ecclesiastico
1580 2325 1663 2358 circa
1678 2325 1831 2368 propriae

1092 2379 1326 2412 iurisdictionis
1361 2378 1548 2412 exercitium
1587 2378 1692 2420 legem
1730 2377 1832 2421 impo-

1091 2444 1192 2473 nere,
1219 2433 1289 2465 loco
1315 2432 1528 2470 recurrendi,
1555 2436 1587 2462 nt
1615 2431 1692 2463 alias
1718 2440 1832 2473 perac-

1094 2492 1158 2519 tum
1175 2486 1288 2526 suerat,
1308 2485 1345 2518 ad
1364 2485 1480 2518 Sedem
1497 2484 1716 2527 Apostolicam
1736 2494 1832 2526 prae-

1093 2540 1209 2572 dictam
1231 2566 1238 2579 ,
1266 2538 1305 2571 ad
1331 2549 1428 2581 qnam
1453 2538 1547 2570 unice
1570 2537 1767 2570 ,eorumdem
1783 2546 1832 2568 as-

1093 2597 1253 2626 sertorum
1279 2591 1524 2636 privilegiorum
1551 2590 1727 2623 declaratio
1761 2598 1833 2634 spe-

1832 191 1880 217 An.
1897 189 1926 217 C.
1948 190 2014 217 ¹707

1875 1585 1970 1605 Edictum
1994 1591 2026 1605 se-

1840 1615 1900 1632 natu<
1917 1612 2032 1636 Nummus,

1841 1642 1860 1659 et
1886 1639 1932 1659 inde
1958 1642 2024 1658 emi-ti

1849 1665 2017 1685 inrisilictionum

1842 1693 1959 1713 conflictus.
