2269 3203
235 276 283 302 Αη.
300 274 328 302 e.
352 274 420 301 ¹715
466 265 529 299 656

317 2437 407 2460 Damam*
414 2437 432 2457 io

249 2465 411 2484 contrariorum.

426 328 481 356 aut
498 323 685 366 impetrato,
704 333 759 355 seu
781 323 879 356 etiam
907 325 1007 361 motu,
1032 319 1167 352 scientia

427 382 458 409 et
487 375 655 419 potestatis
689 375 893 418 plenitudine
926 373 1058 417 paribus
1090 382 1168 404 con-

428 440 520 462 cesso
546 430 594 462 vel
614 433 773 467 einanato,
794 426 978 470 quempiam
996 426 1028 458 in
1047 424 1166 457 iudicio

428 482 477 514 vel
504 486 594 514 extra
625 480 704 513 illud
730 479 775 511 uti
802 489 859 511 seu
893 488 925 510 se
955 477 1064 509 iuvare
1098 476 1167 508 ullo

429 534 527 567 modo
546 543 656 576 posse;
679 533 734 565 sed
755 531 841 574 ipsas
867 534 1055 572 praesentes
1081 528 1168 561 litte-

430 597 480 618 ras
506 595 633 628 semper
663 584 784 623 firmas,
814 582 934 615 validas
964 586 996 614 ct
1020 581 1167 613 efficaces

430 639 572 671 existere
593 642 624 670 et
645 637 727 676 sore,
747 646 793 675 ac,
814 634 1071 678 quibuscumque
1089 633 1167 664 iuris

430 701 485 723 seu
511 691 583 723 facti
610 690 812 728 defectibus,
840 688 893 731 qui
919 688 1072 720 adversus
1097 686 1168 718 illas

431 754 448 775 a
470 742 629 774 saeculari
670 741 871 784 potissimum
914 743 1071 782 potestate
1112 747 1168 770 scu

431 794 599 837 praedicto
618 793 739 826 abolito
758 797 789 826 et
807 793 945 826 extincto
959 790 1168 824 monarchiae

432 846 562 879 Siciliae
598 845 748 878 tribunali
781 845 978 887 illorumque
1014 842 1170 875 ministris

433 899 645 942 quibuslibet,
670 899 708 931 ad
730 898 878 931 effectum
897 896 1095 940 impediendi
1113 906 1170 928 scu

433 951 617 984 retardandi
655 961 762 984 earum
798 950 1030 989 executionem,
1057 947 1170 991 quovis

431 1005 529 1037 modo
554 1014 608 1036 seu
634 1014 670 1036 ex
695 1003 806 1047 quavis
831 1004 926 1036 ceusu
957 1000 1077 1044 opponi
1115 1011 1171 1033 seu

432 1055 530 1089 obiici
554 1061 712 1098 possent,
739 1055 870 1088 minime
907 1052 1145 1096 refragantibus
1162 1079 1170 1092 ,

433 1119 507 1141 suos
523 1108 688 1151 plenarios
703 1114 734 1141 et
746 1108 893 1150 integros
909 1106 1043 1140 effeetus
1063 1105 1171 1138 sortiri

434 1167 466 1195 et
489 1162 649 1202 obtinere,
677 1171 796 1204 easque
815 1164 1002 1203 propterea,
1022 1158 1172 1191 omnibus

434 1220 466 1248 et
489 1214 624 1257 singulis
649 1224 708 1256 per
733 1213 879 1247 eamdem
897 1212 1098 1244 saecularem
1116 1221 1173 1253 po-

435 1271 583 1300 testatem
608 1267 673 1299 sive
699 1276 758 1309 per
778 1266 863 1298 idem
892 1264 1047 1298 abolitum
1067 1274 1103 1296 ae
1121 1274 1174 1295 ex-

435 1322 571 1354 tinctum
609 1320 749 1352 tribunal
791 1328 968 1361 eorumque
1009 1317 1173 1349 ministros

436 1384 659 1417 quoscumque
697 1372 946 1415 quomodolibet
981 1370 1084 1402 allatis
1116 1379 1185 1401 seua

435 1426 606 1459 afferendis
632 1425 874 1468 impedimentis
895 1423 1024 1467 penitus
1057 1427 1089 1455 et
1107 1432 1175 1454 om-

435 1480 513 1511 nino
548 1478 679 1511 reiectis
712 1488 748 1510 ac
779 1486 984 1520 nequaquam
1018 1474 1173 1513 attentis,

437 1533 477 1565 ab
509 1531 576 1565 illis
592 1559 599 1572 ,
625 1532 664 1564 ad
690 1541 773 1575 quos
797 1536 924 1573 spectat
948 1534 980 1562 et
1010 1539 1071 1571 pro
1095 1532 1175 1560 tem-

436 1596 516 1628 pore
541 1584 814 1628 quandocumque
840 1582 1013 1626 spectabit,
1038 1580 1176 1613 inviola-

435 1637 548 1670 biliter
572 1642 604 1670 et
628 1637 818 1669 inconcusse
843 1635 1009 1668 observari
1029 1660 1036 1673 ‚
1061 1633 1175 1676 sicque

438 1696 469 1723 et
493 1700 560 1723 non
585 1689 679 1722 aliter
703 1689 735 1721 in
768 1687 955 1731 praemissis
988 1696 1049 1729 per
1079 1695 1176 1729 quos-

438 1754 580 1786 cumque
604 1743 730 1776 iudices
751 1741 935 1775 ordinarios
952 1741 1176 1783 etdelegatOS,

438 1797 537 1830 etiam
562 1806 731 1829 causarum
752 1795 864 1838 palatii
889 1794 1063 1837 apostolici
1087 1794 1177 1826 audi-

439 1855 536 1889 tores,
555 1859 591 1881 ac
616 1849 760 1881 eiusdem
779 1853 908 1880 sanctae
931 1847 1096 1879 Romanae
1118 1846 1176 1878 Ec-

439 1901 558 1935 clesiae
575 1901 767 1939 cardinales,
782 1899 876 1933 etiam
888 1900 927 1931 de
938 1900 1039 1931 latere
1051 1900 1176 1941 legatos

440 1959 470 1987 et
485 1955 649 1998 praefatae
662 1953 966 1995 SedisApostolicae
984 1951 1129 1990 nuncios,
1148 1961 1178 1983 a-

440 2009 540 2041 liosve
556 2007 722 2051 quoslibet
740 2015 943 2050 quacumque
958 2005 1177 2048 praeeminen-

442 2061 483 2092 tia
502 2065 533 2093 et
558 2064 716 2103 potestate
743 2058 915 2100 fungentes
939 2063 970 2090 et
988 2057 1152 2090 suncturos
1168 2084 1175 2097 ‚

441 2113 567 2145 sublata
602 2112 647 2145 eis
680 2116 711 2144 et
748 2120 860 2144 eorum
896 2110 1031 2143 cuilibet
1067 2109 1178 2152 quavis

441 2165 534 2198 aliter
548 2164 711 2197 iudicandi
730 2169 761 2197 et
775 2162 1010 2206 interpretandi
1025 2162 1177 2195 facultate

442 2222 473 2250 et
486 2217 686 2256 auctoritate,
702 2216 842 2249 iudicari
857 2221 887 2248 et
901 2215 1028 2248 deliniri
1043 2215 1176 2255 debere,

443 2280 479 2302 ao
503 2269 629 2301 irritum
656 2274 688 2301 et
712 2269 807 2301 inane
834 2268 860 2300 si
886 2278 979 2300 secus
1004 2278 1103 2310 super
1128 2267 1178 2299 his

443 2333 460 2354 a
478 2332 653 2365 quoquam,
676 2320 788 2364 quavis
814 2320 1015 2359 auctoritate,
1038 2319 1180 2352 scienter

443 2375 494 2407 vel
520 2375 719 2416 ignoranter,
744 2374 920 2415 eontigerit
944 2373 1106 2405 attentari.

488 2430 502 2471 ἓ
526 2428 558 2460 6.
585 2426 655 2460 Non
681 2426 883 2459 obstantibus
908 2425 1109 2468 praemissis,
1135 2430 1177 2463 et,

444 2486 604 2525 quatenus
634 2490 716 2523 opus
745 2480 796 2519 sit,
822 2481 935 2511 nostra
960 2484 992 2511 et
1016 2477 1181 2511 Cancella-

444 2535 510 2567 riae
536 2532 734 2577 apostolicae
756 2532 868 2573 regula
886 2531 925 2563 de
943 2531 1011 2563 iure
1031 2531 1179 2573 quaesito

443 2597 508 2620 non
532 2585 691 2625 tollendo,
712 2583 847 2628 aliisque
872 2583 1071 2626 apostolicis,
1089 2593 1125 2615 ac
1149 2582 1181 2615 in
1215 2594 1217 2597 ⁴

1007 272 1187 296 BL‘LLAerltt

1213 271 1368 296 ROMANUM

1212 319 1338 352 dalibus
1362 318 1509 352 conciliis
1532 318 1640 358 editis,
1665 317 1873 360 generalibus
1899 317 1947 349 vel

1211 372 1422 414 specialibus,
1448 370 1737 404 constitutionibus
1762 375 1793 403 et
1818 369 1948 403 ordina-

1212 425 1374 465 tionibus,
1399 435 1528 458 necnon
1554 423 1720 467 quibusvis
1738 450 1746 463 ,
1779 423 1875 456 etiam
1901 423 1948 455 iu-

1212 483 1369 516 ramento,
1399 476 1647 509 confirmatione
1680 475 1871 519 apostolica,
1898 475 1947 507 vel

1212 530 1322 572 quavis
1347 529 1498 562 firmitate
1527 530 1589 562 alia
1619 529 1793 568 roboratis,
1822 528 1948 561 statutis

1212 587 1242 614 et
1256 581 1549 614 consuetudinibus
1571 592 1607 614 ac
1627 581 1948 624 praescriptionibus,

1212 634 1417 676 quantumvis
1443 633 1640 676 longissimis
1673 639 1705 666 et
1741 633 1949 665 immemora-

1213 686 1343 725 bilibus,
1368 685 1549 728 privilegiis
1575 695 1707 728 quoque
1724 712 1731 725 ,
1758 684 1894 717 indultis
1918 689 1950 717 et

1213 738 1329 770 litteris
1344 738 1544 781 apostolicis
1556 738 1813 781 quibuscumque
1829 736 1948 779 regnis,

1213 790 1388 833 provinciis
1413 801 1448 822 ac
1473 790 1634 833 personis,
1661 789 1756 822 etiam
1778 788 1950 831 imperiali,

1214 843 1309 884 regia,
1332 843 1431 875 aliave
1449 842 1592 885 qualibet
1609 842 1772 874 mundana
1784 851 1837 874 seu
1853 840 1950 873 etiam

1215 894 1436 928 ecclesiastica
1468 894 1622 936 dignitate
1655 892 1869 936 fulgentibus,
1894 903 1951 925 seu

1215 948 1293 980 alias
1319 945 1468 990 specifica
1486 951 1517 978 et
1533 946 1701 978 individua
1718 945 1883 978 mentione
1905 944 1951 977 di-

1216 1000 1303 1042 gnis,
1329 1009 1346 1031 a
1376 998 1457 1031 Sede
1483 998 1657 1041 praedicta,
1685 1009 1722 1031 ex
1748 1007 1951 1041 quacumque

1216 1055 1319 1093 causa,
1346 1052 1443 1085 etiam
1469 1062 1527 1094 per
1552 1051 1635 1084 viam
1658 1055 1842 1084 contractus
1860 1054 1891 1082 et
1904 1060 1953 1082 re-

1216 1105 1453 1139 munerationis
1473 1132 1480 1144 ‚
1507 1105 1566 1137 sub
1593 1104 1853 1147 quibuscumque
1883 1113 1953 1135 ver-

1216 1159 1331 1191 borum
1369 1157 1537 1190 tenoribus
1574 1163 1605 1189 et
1639 1156 1773 1196 formis,
1811 1166 1847 1188 ac
1879 1165 1952 1188 cum

1217 1211 1386 1254 quibusvis
1408 1211 1504 1243 etiam
1524 1209 1805 1251 derogatoriarurn
1819 1208 1955 1250 deroga-

1217 1263 1318 1301 torus,
1337 1262 1475 1304 aliisque
1498 1260 1748 1300 efficacioribus,
1774 1259 1955 1292 efficacissi-

1218 1315 1278 1347 mis
1300 1320 1331 1348 et
1355 1314 1495 1347 insolitis
1512 1313 1666 1346 clausulis
1686 1313 1955 1355 irritantibusque

1218 1375 1249 1402 et
1273 1369 1344 1402 aliis
1369 1368 1516 1407 decretis,
1542 1367 1638 1400 etiam
1656 1371 1755 1405 motu,
1774 1365 1908 1398 scientia
1925 1370 1957 1398 et

1219 1420 1386 1464 potestatis
1412 1419 1614 1463 plenitudine
1641 1418 1785 1462 paribus,
1813 1428 1848 1450 ac
1873 1428 1953 1450 con-

1219 1474 1433 1513 sistorialiter,
1456 1483 1513 1505 seu
1538 1471 1617 1505 alias
1643 1470 1899 1514 quomodolibet,
1923 1471 1954 1503 in

1219 1536 1337 1569 genere
1376 1527 1423 1558 vel
1462 1525 1492 1557 in
1527 1524 1659 1568 specie,
1692 1524 1724 1556 in
1757 1523 1956 1556 contrarium

1219 1579 1473 1622 praemissorum
1492 1576 1666 1616 concessis,
1685 1575 1788 1618 editis,
1807 1575 1906 1615 sactis,
1921 1586 1957 1609 ac

1220 1632 1343 1676 pluries
1356 1631 1491 1671 iteratis,
1504 1641 1539 1662 ac
1549 1630 1818 1673 quantiscumque
1832 1628 1956 1662 vicibus

1220 1684 1417 1717 confirmatis
1454 1688 1486 1716 et
1521 1682 1683 1715 innovatis
1702 1709 1709 1722 ‚
1736 1682 1830 1714 etiam
1855 1681 1957 1715 conti-

1220 1737 1384 1776 nentibus,
1411 1736 1497 1779 quod
1517 1734 1787 1768 excommunicari
1803 1744 1868 1767 non
1883 1744 1957 1778 pos·

1221 1789 1356 1832 sintper
1370 1789 1493 1822 litteras
1512 1787 1705 1831 apostolicas
1719 1797 1782 1820 non
1801 1786 1956 1820 facientes

1221 1843 1349 1884 plenam
1374 1846 1407 1874 et
1431 1851 1620 1884 expressam
1655 1850 1691 1872 ac
1719 1840 1759 1872 de
1784 1839 1884 1872 verbo
1918 1840 1957 1872 ad

1221 1896 1353 1928 verbum
1386 1895 1424 1927 de
1449 1893 1628 1937 privilegiis
1647 1898 1679 1925 et
1696 1891 1829 1924 indultis
1847 1891 1959 1924 huius-

1222 1948 1308 1980 modi
1344 1946 1562 1985 mentionem,
1597 1945 1713 1988 quibus
1747 1944 1897 1977 omnibus
1927 1949 1959 1977 et

1222 2006 1253 2034 et
1284 1999 1431 2042 singulis,
1466 1998 1590 2031 etiamsi
1623 2008 1682 2040 pro
1707 1996 1837 2030 illorum
1871 1996 1958 2029 suffi-

1221 2053 1317 2087 cienti
1334 2052 1547 2095 derogatione
1559 2050 1597 2083 de
1612 2050 1676 2083 illis
1690 2059 1869 2093 eorumque
1884 2049 1959 2082 totis

1223 2106 1388 2140 tenoribus
1405 2104 1566 2148 specialis,
1583 2102 1745 2147 specifica,
1765 2112 1915 2145 expressa
1929 2107 1960 2135 et

1222 2159 1386 2193 individua
1402 2185 1409 2199 ,
1434 2168 1470 2190 ac
1495 2156 1520 2189 si
1547 2156 1586 2189 de
1612 2156 1712 2189 verbo
1737 2155 1777 2188 ad
1801 2154 1957 2195 verbum,

1222 2225 1286 2248 non
1304 2219 1410 2247 autem
1430 2222 1488 2255 per
1505 2211 1668 2245 clausulas
1685 2209 1854 2253 generales
1870 2208 1958 2241 idem

1222 2268 1435 2309 importantcs
1454 2290 1461 2304 ,
1492 2263 1614 2296 mentio
1639 2272 1698 2295 seu
1731 2260 1863 2304 quaevis
1896 2260 1959 2294 alia

1223 2318 1389 2362 expressio
1423 2316 1585 2355 habenda,
1611 2320 1664 2347 aut
1687 2314 1796 2357 aliqua
1820 2313 1885 2346 alia
1908 2324 1960 2347 ex-

1223 2371 1340 2414 quisita
1364 2370 1466 2403 fornia
1497 2369 1536 2401 ad
1568 2368 1632 2400 hoc
1664 2366 1823 2399 servanda
1850 2366 1958 2407 soret,

1224 2430 1354 2456 tenores
1379 2420 1587 2460 huiusmodi,
1613 2429 1649 2452 ac
1677 2419 1701 2452 si
1730 2419 1768 2452 de
1797 2418 1898 2452 verbo
1919 2419 1959 2452 ad

1224 2476 1364 2514 verbum,
1390 2474 1473 2507 nihil
1499 2472 1627 2514 penitus
1652 2471 1774 2505 omisso
1799 2476 1831 2505 et
1855 2471 1961 2505 forma

1224 2528 1255 2560 in
1280 2527 1345 2560 illis
1372 2526 1487 2559 tradita
1518 2526 1705 2563 observata,
1739 2524 1962 2568 exprimeren-

1225 2586 1277 2613 tur
1302 2585 1333 2613 et
1361 2579 1608 2618 insererentur,
1642 2577 1867 2621 praesentibus
1899 2586 1959 2620 pro

444 2638 681 2673 universalibus
699 2636 1020 2681 provincialibusque
1040 2640 1071 2668 et
1088 2645 1182 2678 syno-
1223 2634 1321 2678 plene
1340 2637 1371 2666 et
1390 2631 1586 2666 sufficienter
1606 2630 1764 2674 expressis
1783 2635 1814 2663 et
1829 2628 1961 2663 insertis

1955 267 2049 295 Amo.
2072 267 2141 296 ¹7¹5
