2269 3203
265 275 316 301 An.
334 274 362 300 c.
386 272 447 299 1721
499 263 563 297 894

292 1767 411 1789 Exordium.

459 333 543 363 rem,
567 322 627 355 sub
655 323 776 356 annulo
802 322 1004 363 piscatoris,
1039 322 1090 355 die
1124 332 1197 355 xvul

459 374 645 408 novembris
669 385 829 416 uocem,
852 374 1062 419 pontificatus
1094 374 1198 407 nostri

459 437 543 461 anno
573 438 592 461 1.

494 488 552 516 Dat.
567 489 609 516 die
630 492 661 518 18
677 490 831 518 novembris
847 490 926 523 172¹,
949 489 1043 525 pontif.
1065 497 1136 516 anno
1153 497 1170 516 1.

798 623 875 656 XVI.

459 694 680 737 Confirmatur
712 694 928 726 consimilatio
967 692 1089 726 Urbani
1118 692 1203 726 VIII

499 757 558 790 pro
582 746 825 780 necessitalibus
844 747 987 779 locorum
1013 746 1200 779 Terraesan-

502 799 605 833 cme'.

630 871 828 898 Innocentius
851 871 930 904 Papa
951 869 1029 902 XIII,

600 915 636 941 ad
656 914 791 941 futuram
813 914 857 941 rei
877 914 1056 941 memoriam.

502 975 675 1009 Salvatoris
701 982 733 1008 et
757 975 883 1009 Domini
909 974 1023 1015 nostri,
1050 973 1134 1007 ete.²

502 1029 616 1062 Datum
640 1030 772 1069 Romae,
804 1030 891 1072 apud
924 1030 955 1061 S.
987 1028 1117 1060 Mariam
1138 1027 1201 1060 Ma-

459 1084 580 1124 iorem,
610 1084 668 1116 sub
698 1084 818 1116 annulo
853 1082 1046 1122 piscatoris,
1077 1082 1128 1114 die
1156 1091 1200 1114 xu

457 1136 645 1169 novembris
676 1145 832 1177 Moccxxl,
861 1134 1074 1178 pontificatus
1098 1132 1200 1167 nostri

457 1199 543 1222 anno
561 1199 584 1222 1.

492 1251 549 1279 Dat.
568 1251 613 1277 die
632 1251 664 1277 19.
679 1250 835 1278 novembris
854 1250 931 1283 1721,
952 1249 1052 1284 pontif.
1071 1257 1143 1276 anno
1164 1256 1181 1275 1.

787 1392 877 1425 XVII.

460 1464 682 1507 Confirmatur
707 1464 887 1507 assignatio
920 1463 981 1495 loci
1006 1473 1025 1495 α
1054 1462 1200 1495 Clemen-

504 1523 532 1550 ce
555 1518 608 1551 XI
628 1519 715 1560 sacta
739 1518 773 1549 in
798 1517 881 1550 Rotci
905 1515 1118 1548 Macerulensi
1142 1514 1201 1547 uni

503 1581 542 1603 ew
566 1571 691 1604 civibus
716 1570 858 1603 civitatis
886 1568 1036 1602 Urbini³.

628 1641 826 1668 Innocentius
847 1640 928 1673 Papa
947 1640 1028 1673 XIII,

583 1687 618 1714 ad
637 1690 815 1720 perpetuam
834 1686 879 1713 rei
895 1685 1076 1712 memoriam.

506 1750 653 1793 Aequum
672 1748 868 1781 arbitramur
890 1753 920 1780 et
945 1757 1146 1790 congruum,
1166 1751 1202 1778 ut

461 1814 510 1844 ea,
531 1814 612 1846 quae
631 1803 670 1835 de
688 1802 824 1835 Romani
844 1802 984 1834 Ponticis
1010 1801 1113 1843 gratia
1131 1811 1202 1844 pro-

461 1862 645 1896 cesserunt,
663 1857 738 1889 licet
754 1856 823 1889 eius
843 1854 1094 1899 superveniente
1111 1855 1202 1887 obitu

461 1910 589 1943 litterae
614 1910 756 1952 desuper
782 1909 949 1942 confectae
976 1908 1108 1941 minime
1134 1908 1203 1940 sue-

461 1964 546 2004 rint,
568 1974 661 1996 sunm
681 1963 825 1996 debitum
844 1962 1021 1995 sortiantur
1039 1962 1198 1995 effectum.

496 2043 508 2069 1
532 2042 589 2069 Alia
609 2041 688 2069 huius
709 2046 796 2069 const.
818 2041 986 2069 confirmatio
1007 2045 1078 2068 extat
1098 2041 1122 2067 in
1143 2041 1204 2068 Cle-

462 2087 559 2114 mentis
579 2087 611 2114 xl
632 2091 719 2114 const.
742 2086 785 2114 ed.
810 2093 901 2120 MDCCl,
922 2086 964 2113 die
986 2086 1018 2113 18
1038 2085 1202 2119 novembris,

461 2132 556 2168 pontif.
573 2138 595 2165 ις
616 2135 642 2159 et
657 2131 793 2159 Benedicti
807 2131 868 2158 xllt
886 2134 972 2158 const.
990 2130 1033 2157 ed.
1049 2136 1203 2163 imecxxvu,

461 2177 505 2204 die
522 2178 550 2204 11
569 2177 666 2209 martii,
682 2177 777 2212 pontif.
795 2183 831 2209 lv,
852 2177 1048 2203 confirmantur
1067 2175 1205 2210 privilegia

461 2227 488 2249 et
502 2222 684 2257 indulgentiae
695 2229 824 2248 concessa
840 2221 965 2256 personis
981 2221 1202 2246 Terraesanctae.

496 2268 512 2293 2
527 2267 687 2294 Constitutio
698 2266 793 2293 eadem
806 2270 847 2293 est
858 2274 889 2292 ac
899 2266 946 2292 illa
956 2265 1029 2292 edita
1040 2266 1065 2291 in
1079 2269 1144 2291 tom.
1158 2272 1202 2299 xx,

462 2320 523 2347 pag.
550 2312 617 2344 745,
643 2311 699 2338 solo
726 2314 828 2338 mutato
849 2311 956 2338 nomine
976 2318 1047 2336 nunc
1068 2310 1202 2345 petenti-5,

461 2355 666 2384 Emmanuelis
686 2355 855 2382 Fet-nandez
875 2356 920 2381 del
940 2355 994 2382 R'z'o
1013 2376 1018 2381 .
1038 2375 1042 2380 .
1062 2375 1068 2381 .
1091 2355 1204 2382 lectoris

462 2402 580 2430 iubilaci
599 2410 632 2428 ac
656 2402 818 2429 eaeciestodis
839 2401 1007 2436 provinciae
1028 2400 1203 2434 Bur-yemis,

462 2456 573 2475 necnon
600 2448 687 2476 totius
715 2456 813 2476 sacrae
839 2448 983 2475 custodiae
1008 2456 1041 2473 ac
1070 2446 1204 2481 familiae

466 2494 686 2521 Tei-raesanccae
702 2493 733 2518 in
752 2493 887 2519 Romana
905 2492 993 2519 Curia
1008 2490 1204 2518 commissarii

464 2540 490 2565 et
507 2537 709 2572 procuratoris
728 2536 872 2571 yeneralz's
890 2537 929 2569 (n.
952 2535 1001 2569 r).

500 2582 516 2608 3
532 2581 691 2608 Huiusmodi
703 2579 847 2615 assignatio
856 2579 926 2606 facia
937 2579 987 2606 suit
998 2587 1012 2606 a
1024 2578 1161 2606 Clemente
1173 2577 1202 2605 XI

465 2633 536 2653 anno
552 2632 653 2656 nocer,
668 2625 712 2651 die
729 2624 760 2651 18
777 2623 892 2658 augusti,
905 2623 1000 2658 pontis.
1019 2631 1051 2658 v3
1073 2627 1099 2650 et
1114 2627 1202 2650 const.

466 2669 509 2698 ed.
527 2676 633 2703 uocem,
650 2669 693 2695 die
709 2668 742 2694 30
756 2667 881 2702 ianuarii,
895 2667 991 2702 pontif.
1009 2673 1044 2702 vi>
1058 2675 1203 2694 concessus
1224 2690 1225 2693 ,

1060 271 1240 297 BULLARIUM
1264 272 1419 297 ROMANUM

1286 322 1300 365 ἓ
1325 322 1355 354 1.
1374 321 1460 355 Alias
1478 321 1636 365 siquidem
1656 320 1758 355 felicis
1783 320 1980 355 recordatio-

1245 374 1293 407 nis
1317 374 1464 408 Clemens
1489 375 1574 418 Papa
1598 374 1637 408 XI
1662 374 1899 418 praedecessor
1923 384 1979 407 no-

1243 433 1319 468 ster,
1348 430 1469 471 quanta
1493 428 1570 461 olim
1596 428 1776 461 studiorum
1803 432 1834 461 et
1858 427 1980 461 libera-

1244 479 1320 513 lium
1346 481 1460 514 artium
1487 481 1582 514 laude
1608 487 1639 514 et
1663 481 1778 524 quihus
1803 480 1978 523 insignium

1243 532 1386 566 virorum
1420 534 1559 577 ingeniis
1594 537 1624 567 et
1654 534 1760 576 gloria
1785 533 1895 566 civitas
1921 543 1980 566 no-

1243 590 1318 625 stra,
1346 591 1420 618 tunc
1444 597 1510 626 sua,
1536 586 1760 619 Urbinatensis
1785 586 1891 629 patria
1912 586 1980 618 eius

1243 637 1454 671 dilectissima
1478 639 1608 679 floruit,
1635 641 1757 672 summa
1786 649 1856 672 cnm
1882 638 1979 672 animi

1243 690 1290 723 sui
1316 691 1515 725 iucunditate
1540 693 1701 732 recolens,
1720 694 1758 725 ea
1781 691 1982 725 recordatio-

1242 754 1281 777 ne
1303 755 1339 777 ac
1365 745 1510 777 sincerae
1545 745 1618 778 fidei
1642 751 1674 778 et
1699 745 1881 778 devotionis
1905 744 1979 778 affe-

1242 802 1318 837 ctu,
1346 808 1440 841 quem
1474 798 1583 831 dilecti
1623 798 1679 832 mii
1711 798 1923 832 communitas
1949 803 1980 832 et

1243 850 1394 884 homines
1419 851 1524 884 dictae
1558 851 1694 884 civitatis
1729 862 1805 894 erga
1830 852 1979 885 eumdem

1243 903 1442 936 Clementem
1477 904 1761 947 praedecessorem
1798 909 1830 937 et
1862 904 1979 937 Sedem

1244 956 1465 999 Apostolicam
1491 966 1604 999 gerere
1630 956 1892 1000 comprobantur,
1913 967 1980 990 me-

1245 1009 1305 1042 rito
1342 1009 1490 1042 inductus
1526 1009 1585 1042 suit
1605 1037 1612 1050 ,
1639 1015 1684 1050 ut,
1709 1010 1981 1053 quemadmodum

1244 1062 1386 1105 agricola
1412 1062 1441 1096 ei
1467 1063 1547 1103 solo,
1567 1062 1657 1096 cuius
1682 1063 1864 1096 ubertatem
1881 1073 1981 1106 agno-

1244 1116 1313 1155 scit,
1341 1116 1499 1149 culturam
1527 1121 1558 1149 et
1591 1125 1704 1149 semen
1729 1116 1912 1160 impendit,
1939 1117 1982 1149 ita

1245 1169 1329 1202 idem
1354 1168 1502 1202 Clemens
1520 1169 1758 1212 praedecessor
1776 1168 1807 1201 in
1834 1169 1982 1202 eamdem

1244 1223 1404 1256 civitatem
1422 1222 1623 1266 apostolicae
1644 1222 1881 1256 beneficentiae
1905 1233 1981 1255 snae

1243 1286 1400 1315 munera,
1425 1275 1543 1319 quibus
1570 1275 1752 1309 liberalium
1778 1275 1896 1308 artium
1923 1275 1983 1308 hu-

1245 1329 1396 1369 iusmodi,
1424 1339 1459 1362 ac
1474 1329 1665 1372 praesertim
1684 1329 1802 1371 legum,
1822 1338 1901 1371 quas
1917 1338 1982 1361 non

1243 1383 1345 1415 solum
1374 1387 1564 1415 ornamenta
1593 1381 1756 1414 civitatum
1772 1407 1779 1421 ,
1803 1381 1862 1414 sed
1886 1380 1982 1414 etiam

1243 1435 1408 1479 praesidia
1425 1445 1494 1468 esse
1516 1441 1653 1474 constat,
1672 1435 1777 1467 studia
1793 1435 1982 1468 foverentur

1244 1494 1274 1521 ct
1294 1488 1534 1528 reviviscerent,
1568 1488 1881 1531 quamlibentissime
1907 1498 1983 1521 con-

1246 1542 1353 1575 ferret.
1375 1543 1517 1584 Accepto
1544 1541 1643 1584 igitur
1667 1551 1726 1584 per
1748 1541 1899 1574 eumdem
1916 1540 1983 1573 Cle·

1245 1601 1385 1629 mentem
1411 1594 1723 1638 praedecessorem,
1749 1593 1837 1637 quod
1863 1593 1983 1626 dudum

1246 1648 1443 1681 recolendae
1469 1647 1647 1680 memoriae
1673 1646 1760 1680 Sixto
1785 1646 1870 1690 Papa
1882 1646 1914 1686 V,
1933 1656 1985 1689 pa-

1247 1701 1324 1733 riter
1348 1700 1588 1744 praedecessor
1601 1705 1724 1741 noster,
1749 1704 1824 1731 tunc
1841 1709 1931 1739 suus,
1951 1699 1983 1731 in

1246 1754 1373 1787 civitate
1398 1755 1529 1794 nostra,
1556 1758 1632 1785 tunc
1657 1754 1722 1793 sua,
1749 1751 1982 1792 Maceratensi‚

1246 1817 1343 1839 unum
1364 1805 1505 1838 tribunal
1525 1805 1715 1838 Audientiae
1734 1814 1903 1837 causarum
1922 1803 1985 1837 Ro-

1246 1865 1310 1892 tam
1335 1864 1576 1902 nuncupatum‚
1603 1858 1687 1901 quod
1714 1862 1861 1890 constare
1888 1856 1986 1890 debc-

1247 1919 1295 1945 ret
1320 1912 1465 1956 quinque
1491 1911 1652 1944 iudicibus
1677 1909 1879 1943 auditoribus
1905 1920 1986 1943 nun-

1247 1966 1381 2009 cupatis,
1408 1965 1446 1998 ad
1472 1974 1637 1997 causarum
1670 1969 1701 1997 et
1726 1963 1830 1996 litium
1856 1962 1985 2006 provin-

1247 2020 1376 2053 cialium
1403 2018 1590 2062 provinciae
1617 2017 1779 2051 Mareliiae
1806 2016 1986 2059 expeditio-

1248 2084 1342 2113 nem,
1370 2076 1528 2115 perpetuo
1560 2071 1701 2104 erexerit
1730 2075 1762 2103 et
1785 2069 1981 2110 instituerit,

1248 2132 1389 2171 quatuor
1423 2136 1500 2159 vero
1537 2136 1573 2158 cx
1612 2125 1757 2168 quinque
1783 2123 1983 2156 auditoribus

1249 2180 1466 2219 huiusmodi,
1496 2179 1569 2212 dum
1614 2179 1743 2212 illorum
1786 2176 1889 2210 officia
1923 2186 1984 2219 pro

1249 2239 1395 2276 tempore
1432 2243 1543 2265 vacare
1569 2231 1763 2273 contigerit,
1789 2240 1806 2262 a
1838 2229 1984 2262 Romano

1248 2285 1402 2319 Pontifice
1428 2295 1487 2328 pro
1515 2290 1659 2328 tempore
1692 2283 1849 2316 existente
1884 2282 1985 2325 depu-

1248 2339 1335 2372 tandi
1361 2339 1449 2379 sint,
1483 2337 1588 2371 dictus
1621 2337 1770 2370 Clemens
1796 2335 1985 2379 praedeces-

1247 2401 1301 2424 sor
1336 2391 1367 2422 in
1405 2390 1572 2434 praedicta
1612 2389 1740 2422 civitate
1777 2387 1984 2421 Urbinatensi

1246 2443 1418 2488 pristinum
1443 2442 1648 2486 ingeniorum
1682 2448 1713 2475 et
1738 2442 1919 2475 animorum
1944 2441 1984 2474 ad

1245 2533 1295 2560 fuit
1319 2532 1396 2559 locus
1420 2532 1447 2558 iu
1472 2531 1537 2558 [lota
1561 2531 1705 2564 I¹erusimi5
1721 2531 1755 2558 ab
1778 2530 1828 2558 hoc
1852 2530 1984 2557 Pontifice

1246 2581 1331 2604 const.
1349 2576 1392 2603 ed.
1410 2582 1535 2609 naccum,
1557 2575 1600 2602 die
1615 2576 1631 2602 9
1648 2576 1722 2610 maii,
1739 2575 1833 2610 pontif.
1849 2581 1868 2607 1,
1884 2574 1984 2601 confir-

1247 2625 1318 2649 mata
1333 2621 1383 2648 suit
1398 2621 1553 2649 constitutio
1569 2620 1716 2647 Clementis
1730 2619 1761 2646 xl
1777 2627 1860 2655 super
1874 2618 1987 2657 privile*->

1247 2666 1296 2701 giis
1311 2665 1498 2693 universitatis
1515 2669 1539 2691 et
1557 2664 1664 2699 collegii
1681 2664 1879 2692 Urhinatensis.

1985 257 2037 300 Αἰι.
2057 272 2088 301 c.
2104 257 2174 301 nsi

2029 438 2138 462 Quomodo
2161 444 2175 459 ι

1990 464 2096 485 Clemente
2107 465 2133 485 XI
2144 465 2174 485 sa-

1991 494 2024 511 cta
2039 492 2101 512 suerit
2117 493 2174 512 uicta

1990 518 2113 544 assignatio.

2053 640 2066 650 »e
