2269 3203
231 203 278 228 An.
296 200 325 229 c.
350 201 412 228 ΗΜ
462 193 526 227 46⁶2

426 252 525 286 dinali
559 252 721 296 lmperiali
756 254 867 288 itidem
895 260 1097 299 nuncupato,
1125 255 1162 288 ad

426 306 625 348 praedictum
651 306 800 341 Carolum
828 309 965 341 electum
993 314 1103 342 nostro
1133 315 1165 342 et

425 358 528 392 dictae
553 359 645 392 Sedis
670 360 709 393 de
735 362 836 393 latere
862 362 981 403 legato,
1006 367 1037 394 et
1058 372 1163 404 aquo·

423 412 468 443 vis
495 412 557 444 alio
584 412 683 455 ipsius
708 413 738 445 S.
769 413 804 446 R.
833 413 866 446 E.
891 414 1047 446 cardinali
1067 414 1161 446 etiam

424 464 463 496 de
490 465 591 498 latere
619 465 741 508 pariter
765 467 896 508 legato,
924 477 960 499 ac
984 466 1162 499 similitera
1183 481 1184 490 ¹

423 517 549 550 nunciis
574 518 772 560 apostolicis,
795 518 890 551 etiam
909 519 993 561 apud
1012 519 1160 552 eumdem

423 569 572 603 Carolum
597 571 734 604 electum
761 581 846 603 nunc
872 577 899 604 et
926 582 987 614 pro
1014 575 1160 615 tempore

423 623 553 656 nomine
580 629 691 656 nostro
718 629 749 656 et
775 624 919 657 eiusdem
952 624 1043 657 Sedis
1082 625 1161 657 resi-

423 675 592 715 dentibus,
618 681 646 708 et
673 686 690 708 a
716 676 971 719 quibuscumque
998 676 1067 710 aliis
1104 687 1161 709 no-

421 728 494 760 stris
519 732 549 761 et
573 728 664 761 Sedis
691 728 878 771 praedictae
906 729 1098 762 officialibus
1131 735 1161 762 et

420 780 574 814 ministris
600 781 797 824 ubicumque
818 782 1045 823 residentibus,
1065 782 1159 815 eliam
1180 807 1182 825 ,

1180 829 1182 835 ’
1204 836 1302 875 datis,
1330 838 1636 881 concedendisque,
1663 844 1694 870 et
1719 839 1748 870 in
1775 843 1941 881 posterum

420 834 589 867 individua
621 835 785 867 mentione
821 835 948 878 dignis,
987 837 1084 868 etiam
1121 837 1158 868 de

420 887 573 920 mandato
585 894 704 927 nostro,
724 888 1005 931 quandocumque,
1022 888 1160 921 ubicum-

421 950 482 983 que
501 945 532 973 et
557 941 860 984 quomodocumque
884 941 982 973 factos
1005 946 1032 973 et
1051 942 1157 981 factas,

421 998 452 1024 et
476 1003 537 1036 pro
565 999 710 1036 tempore
739 994 903 1026 faciendos
928 1001 956 1026 et
986 993 1157 1034 faciendas,

420 1057 456 1078 ac
482 1046 556 1079 inde
582 1053 691 1079 secuta
708 1052 739 1079 et
755 1053 905 1079 secutura
923 1057 1158 1090 quaecumque,

419 1104 515 1142 atque
529 1099 678 1142 pluribus
693 1099 816 1131 vicibus
830 1100 965 1132 iteratos
984 1106 1013 1132 et
1032 1101 1156 1138 iterata,

419 1162 454 1184 ac
480 1151 631 1184 effectum
658 1153 797 1191 sortitos,
825 1153 954 1186 sortitas
979 1159 1007 1185 et
1034 1153 1146 1186 sortita

419 1215 639 1248 quoscumque
677 1211 708 1237 et
743 1206 991 1248 qualiacumque
1028 1206 1091 1238 sint
1127 1212 1159 1239 et

418 1268 477 1300 pro
504 1263 650 1301 tempore
677 1258 818 1298 suerint,
852 1259 947 1291 etiam
980 1270 1052 1291 cum
1086 1270 1158 1292 ora-

420 1317 489 1344 tore
508 1316 538 1344 et
555 1311 739 1344 oratoribus
757 1321 841 1344 nunc
862 1318 892 1344 et
917 1312 948 1344 in
964 1317 1157 1355 perpetuum

419 1364 514 1397 etiam
528 1365 612 1408 apud
633 1375 690 1397 nos
704 1364 918 1409 Sanctamque
937 1364 1054 1397 Sedem
1068 1376 1158 1408 prae-

419 1417 536 1450 dictam
570 1418 701 1450 nomine
738 1417 882 1451 eiusdem
918 1417 1023 1451 Caroli
1061 1419 1157 1451 etiam

418 1470 462 1502 uti
488 1470 709 1504 Romanorum
735 1471 940 1514 imperatoris
967 1471 1060 1504 electi
1097 1482 1157 1514 pro

419 1529 565 1567 tempore
592 1524 748 1557 residenti
782 1530 813 1557 et
847 1525 1085 1565 residentibus,
1123 1536 1157 1557 ac

418 1586 489 1608 cum
515 1576 775 1620 quibuscumque
807 1577 879 1610 aliis
913 1578 1015 1620 ipsius
1051 1577 1155 1610 Caroli

418 1629 512 1662 electi
538 1629 754 1670 officialibus,
781 1631 937 1662 ministris
957 1658 964 1671 ,
1004 1642 1158 1674 procura-

420 1683 544 1715 toribus
569 1689 602 1715 et
625 1683 943 1726 plenipotentiariis,
970 1685 1078 1727 quavis
1104 1695 1157 1716 oc-

418 1735 549 1768 casione
575 1739 605 1769 et
630 1739 737 1775 causa,
756 1737 851 1769 etiam
870 1738 995 1769 ratione
1015 1737 1156 1770 foederis

418 1789 628 1829 universalis,
653 1800 689 1822 ac
716 1790 914 1822 defensionis
940 1796 972 1822 et
996 1801 1158 1833 propaga-

419 1841 516 1874 tionis
543 1841 616 1874 lidei
643 1842 846 1883 catholicae,
882 1849 912 1875 et
949 1843 1061 1886 quavis
1096 1843 1157 1876 alia

419 1895 515 1927 etiam
537 1895 729 1938 particulari
750 1896 959 1938 expressione
979 1896 1085 1938 digna,
1102 1896 1158 1928 ha-

418 1953 531 1980 ctenus
561 1954 591 1981 et
623 1959 682 1991 pro
709 1954 855 1992 tempore
891 1949 992 1989 sacta,
1023 1954 1157 1982 tractata

418 2006 450 2032 et
472 2006 578 2043 gesta,
605 2002 828 2045 faciendaque,
856 2002 1022 2035 tractanda
1047 2008 1077 2034 et
1103 2013 1179 2044 ge»

418 2054 520 2086 renda
539 2081 546 2094 ,
570 2065 698 2088 necnon
724 2066 783 2099 per
809 2066 1031 2099 quascumque
1058 2056 1158 2089 deno-

418 2106 628 2148 minationes,
646 2108 887 2152 inscriptiones,
907 2109 1155 2152 appellationes,

420 2162 679 2203 nuncupationes
705 2169 737 2195 et
762 2158 937 2195 narrativas
969 2164 998 2195 in
1015 2164 1154 2196 savorem

419 2214 575 2255 praedicti
602 2214 707 2248 Caroli
741 2216 771 2247 in
799 2226 909 2257 regem
937 2216 1154 2249 Romanorum

419 2267 559 2299 futurum
581 2268 813 2311 imperatorem
840 2269 952 2309 electi,
978 2280 1038 2312 per
1062 2280 1157 2312 quos-

418 2331 577 2365 cumque,
603 2321 700 2353 etiam
727 2321 857 2354 nomine
883 2327 997 2355 nostro
1024 2329 1054 2354 et
1073 2324 1157 2365 Apo-

419 2374 554 2407 stolicae
579 2373 670 2407 Sedis
688 2400 696 2413 ‚
725 2384 761 2406 ac
787 2375 883 2407 ctiam
909 2385 967 2417 per
992 2385 1051 2407 nos
1074 2385 1155 2417 quo-

418 2427 600 2460 modolibet
637 2427 735 2459 factas
774 2432 805 2459 et
841 2437 902 2470 pro
940 2433 1085 2470 tempore
1113 2428 1157 2460 sa-

419 2481 563 2521 alendas,
584 2480 675 2513 illum
695 2480 789 2512 etiam
808 2491 919 2522 regem
939 2481 1156 2514 Romanorum

418 2533 451 2566 in
479 2534 708 2577 imperatorem
734 2534 870 2566 electum
890 2534 1097 2576 appellando,
1120 2544 1155 2567 ac

418 2587 513 2621 etiam
541 2597 598 2630 per
622 2597 856 2630 (ptanicumque
883 2587 1020 2619 oratoris
1038 2592 1069 2619 et
1085 2597 1155 2619 ora-

1007 205 1189 231 minantum
1212 205 1369 231 ROMANUM

1208 260 1324 295 torum,
1343 256 1409 288 sive
1428 254 1568 299 ablegati
1595 260 1627 289 et
1649 255 1886 299 ablegatorum,
1907 254 1945 288 ad

1207 319 1265 341 nos
1301 313 1333 341 et
1368 308 1483 342 Sedem
1518 308 1739 352 Apostolicam
1765 308 1804 341 ab
1830 309 1945 341 eodem

1207 360 1322 393 Carolo
1349 362 1453 394 electo
1480 361 1630 394 destinati
1653 366 1684 394 et
1701 361 1942 400 destinatorum,

1207 414 1359 457 missique
1386 421 1415 446 et
1440 414 1692 453 mittendorum,
1723 413 1943 456 receptionem

1206 472 1237 498 et
1261 467 1491 500 admissionem
1518 467 1555 500 ad
1582 468 1779 500 audientiam
1801 472 1944 499 nostram

1205 525 1235 550 ct
1260 519 1298 552 ad
1325 521 1471 552 osculum
1496 521 1617 563 pedum
1651 525 1834 553 nostrorum
1872 529 1944 552 cum

1950 205 2003 234 An.
2019 205 2047 234 C.
2067 207 2133 236 ΠΗ

1205 571 1461 616 quibuscumque
1480 573 1702 617 apparatibus,
1717 571 1943 612 caeremoniis,
1979 608 1981 611 ,

1205 624 1479 667 circumstantiis,
1518 626 1753 669 praerogativis
1772 653 1779 666 ‚
1820 626 1943 658 antela-

1206 677 1368 717 tionibus,
1395 679 1490 712 etiam
1517 679 1681 723 publicis,
1710 679 1807 712 etiam
1835 684 1940 712 extra-

1205 730 1380 763 ordinariis
1407 737 1437 764 et
1463 732 1603 765 insolitis
1624 731 1870 775 quomodolibet
1890 742 1942 764 ex-

1205 793 1315 825 presse
1341 785 1389 816 vel
1419 785 1513 817 tacite
1539 785 1697 818 hactenus
1723 785 1888 818 concessis
1913 789 1943 817 et

1204 888 1336 928 dandis,
1364 890 1459 922 ctiam
1488 895 1650 933 tamquam
1678 891 1801 923 oratori
1828 896 1859 923 et
1875 901 1943 923 ora·

1204 941 1328 974 toribus
1353 942 1419 975 sive
1446 943 1596 985 ablegato
1629 950 1659 976 et
1691 944 1849 986 ablegatis
1880 943 1942 977 Ro-

1203 995 1289 1026 mani
1316 996 1524 1038 imperatoris
1551 996 1671 1036 electi,
1712 1007 1774 1029 non
1814 997 1942 1029 intelle-

1203 1048 1311 1087 xisse,
1342 1059 1401 1081 nec
1438 1049 1580 1082 voluisse
1598 1076 1605 1088 ,
1632 1050 1805 1092 minusque
1831 1050 1862 1082 in
1887 1061 1943 1093 po-

1202 1106 1322 1133 sterum
1348 1101 1531 1144 intelligere
1557 1113 1615 1135 nec
1636 1103 1718 1136 velte
1744 1103 1942 1146 praedictam

1203 1154 1271 1186 eius
1297 1155 1491 1187 electionem
1517 1156 1699 1198 approbare
1726 1165 1785 1188 nec
1816 1155 1938 1189 contir-

1202 1218 1316 1247 marc;
1343 1208 1491 1250 quinimo
1517 1215 1649 1241 nostrae
1676 1208 1794 1241 mentis
1819 1214 1850 1242 et
1885 1219 1941 1242 vo-

1201 1261 1334 1293 luntatis
1360 1261 1460 1293 fuisse
1487 1266 1518 1293 et.
1544 1261 1696 1304 deinceps
1723 1262 1801 1301 sore,
1825 1267 1869 1301 ut,
1895 1262 1941 1294 iu-

1202 1319 1252 1346 xta
1278 1318 1495 1353 consuetum,
1523 1314 1727 1346 confirmatio
1764 1314 1940 1358 apostolica

1202 1366 1387 1399 huiusmodi
1414 1377 1473 1410 per
1499 1367 1701 1410 praedictum
1727 1367 1880 1401 Carolum
1907 1378 1939 1400 e-

1201 1420 1318 1452 lectum
1345 1425 1497 1463 petatur,
1527 1426 1557 1453 et
1583 1430 1642 1463 per
1666 1420 1789 1453 litteras
1814 1426 1940 1463 aposto-

1201 1472 1279 1505 licas
1304 1472 1547 1505 consistoriales
1574 1484 1590 1505 a
1617 1473 1710 1506 nobis
1737 1479 1769 1506 et
1792 1473 1823 1506 S.
1846 1474 1883 1507 R.
1903 1473 1937 1507 E.

1201 1525 1421 1558 cardinalibus
1447 1526 1646 1569 subscriptas
1672 1527 1817 1569 expediri
1844 1527 1940 1571 impe·

1203 1585 1320 1619 uetur,
1347 1585 1378 1611 et
1407 1579 1536 1612 interim
1570 1580 1686 1612 nedum
1720 1590 1848 1613 omnem
1884 1592 1940 1625 ap-

1200 1631 1429 1674 probationem
1473 1638 1503 1665 et
1541 1625 1823 1665 confirmationem
1844 1661 1851 1673 ‚
1883 1634 1939 1667 sed

1200 1684 1295 1716 etiam
1311 1684 1542 1728 cuiuscumque
1561 1686 1805 1728 approbationis
1819 1691 1850 1718 et
1866 1696 1941 1719 con-

1200 1737 1393 1770 firmationis
1420 1748 1572 1781 expresse
1598 1744 1628 1770 et
1645 1739 1740 1771 tacite
1758 1740 1941 1772 eoncessio-

1200 1801 1296 1831 nem,
1338 1797 1365 1823 et
1408 1801 1647 1834 quemcumque
1685 1791 1755 1825 eius
1792 1791 1940 1825 effectum

1201 1844 1442 1886 suspendimus,
1471 1855 1726 1888 suspensamque
1751 1851 1783 1878 et
1807 1855 1939 1889 suspen-

1200 1907 1269 1929 sum
1307 1897 1404 1929 fuisse
1442 1903 1472 1929 et
1504 1908 1573 1930 esse
1608 1909 1644 1930 ac
1682 1899 1833 1942 deinceps
1871 1899 1938 1932 sore

1201 1950 1430 1990 declaramus,
1456 1961 1491 1983 ae
1527 1962 1586 1994 pro
1619 1952 1786 1994 suspensis
1825 1952 1938 1985 haberi

1201 2004 1349 2036 volumus
1377 2009 1409 2035 et
1433 2004 1651 2037 decernimus.
1680 2004 1937 2049 Praesentesque

1200 2056 1325 2089 litteras
1350 2056 1388 2089 de
1416 2056 1635 2100 subreptionis
1660 2058 1709 2091 vel
1735 2057 1938 2101 obreptionis

1200 2119 1255 2141 scu
1276 2108 1435 2142 nullitatis
1460 2109 1562 2149 vitio,
1590 2115 1645 2141 aut
1670 2110 1861 2143 intentionis
1886 2121 1939 2143 no-

1201 2167 1314 2201 strae,
1353 2162 1403 2194 vel
1440 2162 1504 2194 alio
1539 2172 1743 2205 quocumque
1779 2162 1935 2203 defectu,

1200 2215 1296 2247 etiam
1323 2226 1359 2247 ex
1387 2226 1426 2248 eo
1452 2215 1538 2258 quod
1564 2216 1764 2258 quicumque
1790 2215 1821 2247 in
1849 2225 1938 2258 prae-

1199 2268 1304 2301 missis
1331 2269 1489 2301 interesse
1512 2268 1765 2311 quomodolibet
1782 2269 1939 2302 habentes

1201 2326 1231 2353 ct
1256 2320 1376 2353 habere
1402 2321 1654 2364 praetendentes
1671 2348 1678 2359 ‚
1704 2321 1938 2365 cuiuscumque

1199 2378 1321 2413 status,
1350 2374 1487 2416 gradus,
1515 2374 1692 2416 qualitatis,
1720 2374 1888 2417 dignitatis
1907 2381 1938 2408 et

1199 2426 1396 2459 conditionis
1420 2427 1558 2459 existant
1584 2432 1616 2459 et
1641 2427 1822 2469 extiterint,
1849 2429 1888 2461 ad
1907 2429 1938 2461 id

1199 2479 1325 2521 vocati,
1351 2480 1438 2512 citati
1465 2485 1496 2512 et
1520 2480 1620 2513 auditi
1648 2491 1712 2513 non
1738 2482 1938 2521 sue1·int‚no-

1200 2533 1281 2573 tari,
1309 2533 1504 2576 impugnari,
1530 2534 1676 2576 infringi,
1703 2545 1758 2567 seu
1786 2535 1936 2578 redargui

1201 2586 1385 2619 nullatenus
1414 2598 1533 2629 posse,
1568 2598 1672 2630 neque
1710 2588 1769 2619 sub
1807 2587 1938 2632 quibus-
