2269 3203
116 207 166 234 An.
186 206 215 233 C*
235 206 302 233 1710

310 262 446 296 eumque
472 251 652 295 spectabit,
684 251 715 282 in
752 249 904 282 omnibus
937 252 968 280 et
992 258 1051 291 per

952 201 1091 222 *memma*
1119 200 1147 223 M
1173 200 1220 222 ΓΡ.

1731 187 1795 221 377
1843 196 1892 222 An.
1914 195 1943 222 c.
1964 194 2031 222 1710

1393 244 1536 278 CXXXV.

309 315 419 338 omma
443 306 633 347 plemssmoe
658 301 847 344 sumagsssh
882 306 913 333 Οἱ
942 300 981 333 ab
1003 311 1050 333 ⁰¹5
1096 317 1291 352 Conceditur
1314 316 1512 349 alternatim
1535 316 1702 358 tripartita
1725 316 1759 347 ἰη
1776 315 1837 347 cle-

310 359 489 403 respective
505 356 737 390 inviolabiliter
751 354 925 394 observari,
940 354 1050 396 sicque

312 413 343 446 in
370 411 556 455 praemissis
580 420 640 453 per
672 418 892 452 quoscumque
926 407 1050 440 iudices

312 464 497 499 ordinarios
518 468 551 496 et
567 463 749 505 delegatos,
771 460 868 494 etiam
886 470 1051 493 causarum

311 518 424 562 palatii
449 516 618 561 apostolici
644 515 823 554 auditores,
851 513 985 547 iudicari
1022 518 1053 546 et

313 569 450 604 definire
476 570 616 609 debere;
643 579 679 601 ac
704 567 828 601 irritum
854 572 886 600 et
903 567 998 599 inane
1028 565 1052 599 si

312 633 408 657 secus
435 632 535 666 super
559 621 611 654 his
629 631 646 653 a
663 630 835 664 quoquam,
861 619 972 663 quavis
999 630 1052 651 au-

314 676 477 715 ctoritate,
498 674 641 707 scienter
659 673 708 706 vel
727 673 927 715 ignoranter,
954 672 1053 705 conti-

312 728 397 773 gerit
421 726 585 761 attentari.

355 782 369 824 ἓ
393 781 425 813 4.
451 779 520 813 Non
542 778 748 813 obstantibus
765 776 1054 811 constitutionibus

310 840 343 868 et
369 832 635 868 ordinationibus
666 831 874 875 apostolicis,
902 840 950 870 ae,
977 840 1054 873 qua-

311 893 404 920 tenus
421 896 504 930 opus
522 885 570 925 sit,
587 884 724 928 praefati
740 888 919 917 conventus
934 883 965 916 S.
983 883 1054 915 Bar-

311 939 500 979 tholomaei,
518 943 551 971 et
570 937 658 971 illius
684 937 824 978 Ordinis,
850 936 959 970 aliisve
985 936 1054 979 qui-

309 992 431 1032 busvis,
457 991 556 1025 etiam
585 991 781 1029 iuramento,
803 989 1053 1023 eontiru‘iatione

310 1044 499 1089 apostolica,
523 1045 572 1077 vel
601 1043 714 1087 quavis
740 1042 893 1075 firmitate
918 1042 979 1076 alia
1004 1053 1055 1075 ro-

310 1097 444 1137 boratis,
463 1097 592 1130 statutis
612 1102 644 1130 et
661 1095 972 1135 consuetudinibus,
992 1100 1055 1127 sta-

310 1150 501 1191 bilimentis,
526 1150 638 1182 usibus
664 1155 697 1182 et.
721 1148 855 1189 naturis,
873 1148 1054 1191 privilegiis

311 1214 444 1247 quoque
460 1231 468 1244 ‚
494 1202 629 1236 indultis
663 1208 695 1235 et
719 1201 838 1234 litteris
864 1200 1055 1244 apostolicis

311 1257 344 1289 in
369 1255 567 1289 contrarium
593 1255 851 1298 praemissorum
877 1253 1057 1296 quomodo-

311 1309 393 1343 libet
417 1308 592 1347 concessis,
612 1306 811 1341 confirmatis
827 1313 857 1340 et
871 1305 1052 1345 innovatis;

312 1363 430 1407 quibus
463 1361 613 1394 omnibus
639 1366 669 1393 et
690 1359 836 1403 singulis,
858 1359 991 1392 illorum
1011 1362 1055 1391 te-

312 1427 408 1450 nores
441 1415 671 1460 praesentibus
704 1425 764 1457 pro
789 1415 886 1457 plene
914 1418 946 1446 et
970 1413 1056 1445 susti·

312 1469 437 1503 cienter
451 1467 615 1512 expressis
635 1477 671 1500 ac
686 1466 724 1499 de
743 1466 843 1499 verbo
862 1466 901 1499 ad
920 1466 1054 1498 verbum

312 1521 445 1556 insertis
469 1521 641 1560 habentes,
660 1519 725 1553 illis
751 1519 831 1553 alias
860 1519 892 1551 in
926 1529 982 1552 suo
1004 1529 1055 1552 ro-

311 1576 391 1609 bore
412 1574 646 1618 permansuris,
662 1573 700 1606 ad
715 1572 970 1616 praemissorum
986 1571 1055 1605 elie

313 1628 485 1669 ctum,hae
509 1627 579 1660 vice
604 1627 789 1666 dumtaxat,
821 1625 1056 1669 specialiteret

314 1691 468 1725 expresse
493 1680 714 1722 derogamus3
753 1678 939 1722 ceterisque
970 1689 1054 1711 eon-

314 1734 425 1768 trariis
450 1733 724 1778 quibuscumque.

360 1788 375 1832 §
407 1787 438 1820 5.
466 1786 618 1820 Volumus
655 1791 763 1818 autem
798 1789 833 1817 ut
869 1785 1054 1818 earumdem

314 1840 538 1885 praesentium
556 1839 737 1873 litterarum
755 1838 979 1881 transumptis,
999 1848 1055 1871 seu

316 1893 485 1937 exemplis,
513 1892 610 1926 etiam
635 1890 814 1934 impressis,
840 1901 935 1923 manu
957 1891 1056 1923 alicu-

315 1947 366 1980 ius
390 1945 511 1980 notarii
531 1944 656 1989 publici
678 1943 882 1987 subscriptis,
899 1949 930 1976 et
948 1943 1055 1986 sigillo

315 2009 478 2044 personae
503 1999 536 2031 in
562 1997 778 2031 ecclesiastica
804 1996 962 2039 dignitate
981 2006 1056 2029 con-

316 2053 450 2086 stitutae
474 2051 616 2091 munitis,
636 2050 750 2084 eadem
773 2059 905 2093 prorsus
923 2049 1002 2083 fides
1023 2049 1056 2081 in

317 2104 438 2138 iudicio
463 2109 495 2138 et
520 2108 610 2137 extra
635 2102 840 2144 adhibeatur,
866 2113 947 2146 quae
968 2102 1056 2134 adbi-

316 2158 449 2192 beretur
473 2156 550 2201 ipsis
574 2155 801 2201 praesentibus
828 2156 854 2189 si
881 2155 986 2189 forent
1004 2165 1056 2188 ex-

317 2211 441 2245 hibitae
465 2211 515 2244 vel
540 2214 703 2244 ostensae.

361 2264 476 2297 Datum
499 2263 636 2303 Romae,
662 2262 748 2306 apud
776 2262 808 2296 S.
838 2262 978 2301 Petrum,
997 2262 1056 2295 sub

319 2318 440 2351 annulo
458 2316 642 2357 Piseatoris,
657 2315 709 2349 die
725 2325 776 2349 xxi
790 2315 926 2348 ianuarii
940 2325 1056 2356 mccx,

319 2369 524 2413 pontificatus
544 2369 647 2402 nostri
666 2378 750 2402 anno
774 2379 805 2402 x.

354 2429 414 2458 Dat.
431 2431 475 2458 die
489 2431 520 2458 21
539 2431 654 2459 ianuarii
671 2431 750 2463 1710,
767 2429 862 2465 pontif.
884 2437 953 2457 anno
970 2438 994 2456 x.

141 796 300 816 Contrariorum

115 822 236 848 derogatio.

160 1797 224 1819 Fides
248 1799 305 1819 tran-

119 1827 258 1852 numptorum.

409 2647 490 2679 Bull.
511 2647 595 2678 Rom.
613 2661 646 2668 —
665 2647 724 2677 Vol.
740 2647 816 2677 XXI.
960 2646 994 2675 48

1139 372 1245 404 ctione
1269 369 1468 406 correctoris,
1495 368 1697 410 colleyarum
1722 373 1751 400 ct
1785 368 1837 400 tle-

1139 425 1311 466 finitorum
1352 424 1383 455 ἡ)
1428 422 1600 466 provinciav
1639 421 1837 454 Messanensi

1140 479 1284 520 fratrum
1296 477 1515 523 Mim'utorum
1533 474 1639 510 sancti
1667 474 1696 508 F
1697 474 1838 507 rancisci

1140 532 1178 564 cle
1201 530 1342 565 Paula&

1317 610 1452 637 clemens
1472 609 1552 642 Papa
1572 609 1620 640 xl,

1238 654 1274 681 ad
1294 654 1430 681 futuram
1454 653 1499 680 rei
1519 652 1700 680 memoriam.

1141 724 1316 759 pastoralis
1342 724 1447 764 officii,
1485 724 1571 767 quod
1608 728 1740 756 auctore
1772 723 1837 755 Deo
1876 731 1997 753 Exordium.

1098 779 1255 822 gerimus,
1275 789 1351 812 cura
1375 777 1519 810 animum
1547 781 1695 810 nostrum
1717 775 1838 808 sollici-

1099 837 1142 865 tat
1166 832 1204 864 ad
1231 841 1268 864 ea
1299 830 1459 874 peculiari
1491 835 1646 874 paternae
1668 828 1836 862 charitatis

1097 885 1206 919 studio
1232 883 1413 923 statuenda,
1448 893 1507 926 per
1537 892 1619 925 quae
1644 880 1838 914 christifide-

1098 937 1177 971 lium
1203 936 1318 969 divinis
1350 935 1517 979 obsequiis
1542 936 1602 967 sub
1637 933 1726 967 suavi
1763 933 1839 966 reli-

1099 990 1205 1033 gionis
1229 989 1303 1032 iugo
1328 988 1588 1032 mancipatorum
1608 987 1708 1030 quieti
1741 991 1774 1019 et
1797 987 1838 1019 se-

1100 1043 1151 1075 liei
1177 1042 1328 1085 regimini
1355 1040 1549 1085 opportunis
1576 1039 1757 1072 rationibus
1792 1050 1838 1071 sa«

1100 1095 1237 1129 lubriter
1263 1096 1462 1128 consulatur.

1143 1149 1158 1192 g
1188 1149 1214 1180 l.
1238 1148 1324 1181 Alias
1342 1147 1502 1190 siquidem
1521 1157 1580 1190 per
1598 1147 1734 1180 dilectos
1755 1146 1837 1179 tilios
1867 1155 1898 1187 ,A
1923 1153 2034 1179 provincia

1101 1203 1215 1235 fratres
1230 1202 1327 1234 Vallis
1343 1200 1413 1234 Neti
1426 1206 1636 1244 nuncupatos,
1651 1199 1836 1243 provinciae
1848 1180 2035 1238 ggkzfissfifflffi'ssg}

1100 1254 1324 1294 Messanensis,
1339 1253 1467 1286 Ordinis
1489 1253 1591 1286 saneti
1612 1252 1776 1286 Francisci
1797 1233 2035 1285 dess‘fffiffihsseffi}

1101 1309 1197 1342 Paula
1217 1308 1424 1340 Minimorum
1448 1312 1722 1350 nuncupatorum,
1742 1307 1837 1339 nobis
1849 1294 1889 1309 ⁰¹⁵⁷

1099 1362 1338 1405 supplicato‘ut
1363 1360 1533 1404 quamdam
1559 1360 1781 1393 alternativam
1807 1359 1838 1392 in

1101 1414 1260 1448 electione
1286 1413 1480 1447 correctoris
1505 1412 1715 1456 provincialis
1735 1412 1839 1445 dietae

1100 1467 1287 1511 provinciae
1312 1467 1396 1500 inter
1421 1466 1537 1499 fratres
1557 1471 1774 1499 conventuum
1794 1465 1841 1498 di-

1099 1527 1167 1554 ctae
1184 1520 1282 1554 Vallis
1307 1526 1336 1553 et
1354 1519 1450 1553 Vallis
1476 1519 1648 1553 Daemonis
1673 1529 1840 1561 nuncupa-

1101 1581 1204 1608 tarum
1230 1573 1418 1617 provinciae
1445 1580 1476 1607 et
1500 1572 1628 1605 Ordinis
1654 1571 1839 1616 praedicto-

1099 1639 1168 1660 rum
1194 1627 1466 1660 concederemus:
1493 1636 1551 1658 nos
1584 1625 1767 1668 supplicem
1803 1624 1839 1657 li-

1098 1681 1219 1714 bellum
1235 1679 1328 1713 nobis
1340 1689 1439 1722 super
1453 1677 1639 1721 praemissis
1649 1681 1839 1720 porrectum

1099 1735 1137 1767 ad
1147 1733 1441 1777 Congregationem
1453 1730 1690 1765 venerabilium
1704 1731 1839 1763 fratrum

1099 1793 1285 1821 nostrorum
1310 1785 1424 1820 S.R.E.
1453 1784 1672 1818 cardinalium
1699 1783 1838 1827 negotiis

1099 1846 1128 1873 et
1154 1838 1450 1873 consultationibus
1477 1838 1709 1881 episcoporum
1734 1843 1765 1869 et
1791 1848 1840 1869 re-

1100 1892 1263 1936 gularium
1289 1891 1511 1935 praepositam
1542 1889 1737 1923 remisimus.
1769 1889 1841 1932 ipsa

1099 1957 1175 1979 vero
1200 1944 1418 1988 Congregatio
1444 1943 1657 1977 cardinalium
1691 1943 1841 1975 eumdem

1100 1999 1284 2042 supplicem
1310 1997 1458 2030 libellum
1484 1997 1522 2029 ad
1546 1995 1766 2028 venerabilem
1784 1995 1841 2027 sra-

1100 2058 1180 2085 trem
1206 2051 1402 2084 modernum
1422 2048 1708 2092 archiepiscopum
1726 2048 1842 2081 Panor-

1100 2105 1257 2138 mitanum
1270 2114 1329 2147 pro
1350 2102 1580 2136 informatione
1600 2107 1631 2134 et
1648 2106 1722 2135 voto
1745 2106 1842 2134 trans-

1100 2157 1197 2191 misit.
1225 2156 1282 2195 Qui
1316 2156 1446 2200 quidem
1485 2154 1752 2198 archiepiscopus
1769 2180 1776 2194 ,
1802 2154 1842 2187 ad

1101 2210 1337 2244 occurrendum
1358 2207 1654 2242 inordinationibus
1681 2217 1765 2251 quae
1789 2217 1842 2240 oc-

1101 2264 1229 2298 casione
1244 2261 1414 2296 electionis
1430 2261 1623 2295 correctoris
1634 2259 1842 2304 provincialis

1101 2315 1490 2350 huiusmodioriebantur
1500 2313 1519 2354 ²,
1539 2324 1579 2347 ne
1599 2313 1684 2346 illius
1703 2312 1842 2346 officium

1137 2380 1147 2405 1
1171 2377 1315 2405 Clementis
1334 2377 1357 2403 X
1371 2379 1457 2403 const.
1476 2374 1519 2402 ed.
1537 2380 1672 2406 nocam,
1690 2373 1732 2400 die
1751 2373 1781 2401 13
1796 2381 1844 2400 au-

1099 2421 1180 2457 gusti,
1202 2419 1297 2455 pontif.
1318 2426 1338 2452 1,
1365 2425 1524 2446 concessum
1548 2417 1598 2444 fuit
1623 2416 1794 2451 suffragium3
1816 2417 1842 2442 in

1100 2463 1180 2490 huius
1198 2461 1339 2489 Pontifieis
1366 2459 1473 2487 constit.
1496 2459 1560 2486 edit.
1582 2464 1725 2490 mcccxvn,
1746 2457 1789 2484 die
1812 2457 1841 2483 ΓΖ

1100 2504 1218 2540 augusti,
1238 2502 1336 2538 pontis.
1365 2507 1433 2536 xvii,
1463 2500 1552 2536 agitur
1579 2499 1611 2527 de
1640 2498 1765 2534 suffragio
1795 2506 1842 2525 ex-

1100 2544 1318 2581 provincialium.

1135 2590 1151 2617 2
1170 2589 1241 2618 Edit.
1263 2588 1343 2618 Main.
1363 2587 1429 2624 legit
1447 2586 1595 2618 oriebatur
1614 2585 1653 2621 (a.
1674 2585 1721 2619 T.).
