2269 3203
283 206 332 232 An.
348 205 375 233 C.
403 204 469 231 1723

281 266 375 285 tauream
391 271 409 285 in
425 265 466 285 col-

279 292 336 320 lepio
354 292 466 313 Salmanti-

280 324 346 339 censi.

308 1954 408 1975 Rationes
420 1959 468 1974 eon·

281 1980 371 2001 cedendi
407 1987 468 2006 prae-

282 2007 359 2027 dictam
379 2008 466 2028 faculta-

282 2036 330 2056 tem.

516 196 580 228 946

479 253 566 296 quod
594 252 672 285 alias
692 252 793 285 felicis
814 252 1051 285 recordationis
1068 252 1218 285 Urbanus

479 306 537 339 PP.
560 306 631 345 Vlll,
650 307 885 349 praedecessor
902 311 1024 345 noster,
1042 316 1100 348 per
1125 316 1219 348 quas-

477 359 549 391 dam
567 369 640 391 suas
659 358 691 391 in
709 358 804 391 simili
831 359 933 391 forma
960 357 1068 391 Brevis
1094 357 1218 390 litteras

477 410 528 444 die
548 422 619 445 xxm
648 412 775 454 augusti
802 421 942 444 unexxw
968 410 1145 453 expeditas,
1171 410 1220 442 in-

477 463 575 495 dulsit
611 470 705 506 atque
744 463 903 496 concessit
928 463 1091 506 quondam
1116 461 1220 495 Theo-

478 516 560 550 doro
585 517 698 556 Statio,
721 522 795 549 tunc
821 516 973 559 temporis
1000 515 1101 558 priori
1127 525 1219 558 gene-

476 569 536 601 rali
564 569 638 602 dicti
664 568 806 608 Ordinis,
827 579 863 601 ae
888 567 1133 611 provinciarum
1158 567 1218 599 lli-

477 622 609 665 spaniae
636 626 668 653 et
693 620 876 653 Lusitaniae
897 620 1140 663 professoribus
1164 619 1220 651 Or-

477 675 561 707 dinis
582 674 781 714 liuiusinodi,
800 678 834 705 ut
854 673 953 706 iidem
975 673 1042 716 qui,
1063 673 1219 706 absolutis

476 738 534 770 per
559 737 686 759 cursum
714 726 845 759 lecturis
871 727 920 759 vel
947 725 1109 759 exercitiis
1134 725 1220 757 litte-

474 791 584 813 rarum
609 779 696 812 iuxta
721 780 884 823 regularia
908 778 1036 812 Ordinis
1060 777 1220 821 praedicti

476 833 622 866 instituta
643 833 820 876 requisitis,
839 844 875 865 ac
896 831 1032 865 servatis
1053 831 1133 864 alias
1154 841 1221 863 ser-

474 886 602 925 vandis,
640 896 699 929 per
725 885 875 918 eumdem
909 884 1050 927 priorem
1082 893 1219 926 genera-

476 940 540 972 lem
560 939 590 971 in
610 939 723 971 eadem
747 940 837 971 saera
864 937 1028 979 theologia
1053 935 1220 978 niagistri¹

476 992 563 1024 iuxta
589 991 656 1024 eius
682 991 850 1023 facultates
878 987 1028 1022 *instituti
1061 994 1092 1021 et
1122 988 1220 1021 creati

477 1045 623 1083 fuissent,
643 1045 785 1076 lauream
812 1043 1001 1075 doctoratus
1020 1042 1051 1074 in
1077 1041 1219 1083 collegio

476 1096 507 1130 S.
525 1096 698 1128 Tlieresiae
717 1094 960 1128 Salinantieensi
980 1094 1150 1127 memorati
1165 1093 1221 1126 Or-

477 1149 561 1182 dinis
587 1150 626 1182 ad
660 1149 794 1181 formam
835 1148 867 1180 in
904 1147 1078 1190 praedictis
1101 1147 1220 1179 litteris

476 1202 710 1245 praescriptam
730 1201 895 1244 suscipere
914 1205 1060 1244 possent,
1084 1210 1144 1233 nec
1160 1210 1220 1243 pro

477 1256 513 1287 ea
538 1253 744 1297 suscipienda
762 1253 904 1296 aliquam
922 1253 1134 1296 approbatam
1153 1257 1219 1285 stu-

477 1307 520 1339 dii
546 1307 709 1349 generalis
736 1305 978 1338 universitatem
1005 1305 1094 1338 adire
1131 1310 1220 1338 tene-

477 1365 610 1401 rentur3
639 1365 670 1393 et
695 1360 759 1392 1100
780 1359 854 1392 ideo
873 1369 1062 1391 concessum
1089 1357 1158 1399 fuit,
1179 1368 1220 1391 ne

476 1414 660 1457 praedictus
685 1412 770 1445 Ordo
796 1422 850 1445 seu
868 1412 995 1454 religio,
1024 1412 1109 1444 inter
1132 1411 1221 1443 Men-

477 1466 623 1499 dicantes
644 1465 861 1509 pauperrima,
881 1465 1111 1497 detrimentum
1129 1469 1219 1507 pate-

476 1525 567 1552 retur
597 1518 852 1551 intolerabilium
879 1527 1110 1560 expensarum,
1137 1527 1219 1559 quae

476 1583 536 1615 pro
554 1572 730 1605 obtinenda
748 1570 932 1604 huiusmodi
952 1571 1137 1603 doctoratus
1156 1570 1221 1602 lau-

477 1627 531 1659 rea
565 1626 595 1658 in
633 1625 765 1669 publica
798 1624 1007 1657 universitate
1034 1623 1219 1665 erogandae

478 1678 600 1711 forent:
621 1683 651 1711 et
670 1678 757 1718 alias,
776 1682 872 1720 prout
889 1677 920 1708 in
938 1675 1113 1719 praedictis
1134 1675 1221 1708 litte-

477 1731 532 1771 ris,
559 1741 693 1774 quarum
724 1735 871 1762 tenorem
903 1727 1130 1771 praesentibus
1159 1737 1219 1770 pro

478 1784 575 1828 plene
614 1789 645 1816 et
681 1782 882 1815 sufficienter
918 1791 1074 1825 expresso
1115 1784 1146 1814 et
1181 1780 1220 1813 ad

478 1837 615 1869 verbum
634 1836 757 1869 inserto
777 1834 891 1867 baberi
907 1835 1067 1874 volumus,
1086 1832 1219 1866 uberius

478 1890 672 1923 continetur.

522 1945 537 1988 ἓ
562 1943 592 1975 ⁵2.
616 1942 694 1977 Cum
721 1947 850 1982 autem,
878 1940 958 1974 sicut
987 1939 1099 1973 eadem
1126 1950 1221 1983 expo-

479 1997 553 2030 sitio
580 1995 821 2038 subiungebat‚
848 1994 1029 2038 praefatum
1047 1993 1218 2034 indultum,

479 2061 518 2083 eo
546 2055 691 2092 tempore
710 2058 773 2092 quo
795 2058 847 2080 rex
869 2046 1097 2090 Hispaniarum
1124 2046 1219 2079 etiam

477 2102 674 2136 Lusitaniam
693 2099 895 2144 possidebat,
922 2099 1084 2142 religiosis
1102 2098 1219 2131 utrius-

478 2167 539 2200 que
565 2155 706 2189 nationis
728 2164 832 2197 aeque
851 2152 1020 2197 profuerit,
1043 2152 1220 2196 separatis-

477 2220 540 2253 que
582 2207 749 2249 dominiis,
777 2211 928 2249 respectu
968 2205 1218 2247 Lusitanorum,

477 2261 593 2305 quibus
621 2260 740 2292 dietum
766 2258 941 2300 collegium
961 2257 1219 2291 Salmanticense

477 2314 566 2347 adire
592 2323 655 2346 non
682 2311 822 2355 amplius
841 2311 1036 2354 permissum
1058 2311 1130 2352 fuit,
1150 2311 1220 2344 sine

475 2368 543 2400 ullo
570 2365 683 2398 effectu
723 2369 754 2397 et
787 2364 923 2396 utilitate
956 2363 1162 2403 remanserit,
1189 2367 1220 2396 et

477 2420 583 2452 adhuc
609 2419 646 2451 de
671 2417 835 2461 praesenti
869 2420 1046 2457 remaneat,
1082 2420 1219 2459 propter

477 2473 639 2505 diversum
673 2481 781 2503 rerum
815 2474 847 2502 et
881 2469 1099 2502 dominiorum
1132 2469 1218 2512 quod

477 2526 562 2568 viget
577 2530 728 2568 systema,
749 2524 851 2566 eaque
869 2522 908 2555 de
927 2524 1022 2555 causa
1040 2522 1125 2555 dieta
1142 2532 1218 2566 pro-

514 2588 522 2614 1
548 2585 618 2614 Edit.
640 2584 721 2613 lllain.
737 2583 803 2620 legit
822 2583 997 2619 mayistrum
1019 2581 1058 2619 (R.
1074 2583 1122 2617 T.)-

1063 205 1243 229 BULLARIUM
1270 205 1424 230 ROMANUM

1263 253 1366 287 vincia
1392 253 1603 286 commodum
1630 258 1726 296 atque
1752 253 1831 286 utile
1856 261 1932 286 suos
1957 262 2006 287 re-

1262 307 1393 349 ligiosos
1418 317 1477 349 pro
1507 306 1714 349 suscipienda
1738 306 1782 338 ibi
1807 307 1916 339 laurea
1947 306 2004 339 do-

1262 364 1404 392 ctoratus
1423 360 1610 393 huiusmodi
1636 360 1855 393 transmittere
1874 360 2005 393 minime

1263 412 1442 453 existimet;
1469 424 1505 445 ae
1531 412 1681 455 proinde,
1711 422 1751 445 ne
1776 412 1845 455 ipsa
1870 411 2006 455 eiusque

1264 465 1465 507 professores
1491 465 1722 498 commoditate
1755 464 1914 497 eiusmodi
1940 465 2007 498 lau-

1264 528 1350 551 ream
1376 518 1575 561 suseipiendi
1601 518 1670 551 sine
1697 519 1734 551 eii
1759 519 1875 561 magna
1899 529 1935 551 ae
1960 518 2007 551 in-

1265 570 1426 603 tolerabili
1445 572 1597 614 expensa,
1616 581 1698 613 quae
1719 570 1751 603 in
1770 570 1876 613 aliqua
1893 581 2007 613 appro-

1264 622 1336 654 bata
1360 623 1570 656 universitate
1604 622 1793 666 requiritur,
1827 622 2005 665 priventur,

1264 680 1444 717 opportune
1470 675 1596 708 anobis
1621 675 1785 718 provideri
1811 682 1841 708 et
1865 680 1900 708 ut
1922 676 2007 709 infra

1265 727 1426 769 indulgeri
1442 728 1615 770 plurimum
1630 728 1810 761 desideret:
1830 739 1900 770 nos,
1918 728 2005 772 ipsos

1265 786 1466 823 exponentes
1492 780 1689 824 specialibus
1710 781 1872 814 favoribus
1889 786 1921 815 et
1938 792 2008 824 gra-

1266 833 1317 866 tiis
1342 833 1496 876 prosequi
1522 833 1680 874 volentes,
1705 838 1736 867 et
1761 844 1875 867 eorum
1899 834 2007 877 singu-

1264 886 1347 918 lares
1373 896 1527 928 personas
1547 897 1564 918 a
1589 886 1754 929 quibusvis
1780 887 2007 920 exeommuni-

1265 938 1412 978 cationis,
1431 938 1658 981 suspensionis
1676 943 1707 972 et
1724 939 1901 979 interdicti,
1920 940 2007 973 aliis-

1265 1001 1326 1033 que
1354 990 1585 1024 ecclesiasticis
1611 991 1790 1031 sententiis,
1809 992 1954 1025 censuris
1976 997 2008 1025 et

1264 1044 1388 1087 poenis,
1421 1055 1439 1076 a
1474 1043 1544 1077 iure
1569 1045 1619 1077 vel
1645 1044 1684 1077 ab
1710 1044 1856 1085 homine,
1892 1045 2006 1087 quavis

1265 1096 1435 1130 occasione
1454 1098 1503 1130 vel
1521 1098 1616 1130 cansa
1632 1097 1716 1138 latis,
1737 1097 1763 1130 si
1789 1097 1908 1140 quibus
1931 1108 2007 1140 quo-

1263 1150 1445 1183 modolibet
1477 1150 1649 1184 innodatae
1686 1150 1835 1192 existunt,
1861 1151 1901 1184 ad
1933 1150 2008 1185 effe-

1264 1208 1348 1235 ctum
1374 1203 1596 1246 praesentium
1622 1204 1787 1237 dumtaxat
1811 1214 2009 1247 consequen-

1265 1255 1349 1295 dum,
1376 1255 1492 1288 harum
1518 1255 1603 1289 serie
1629 1257 1834 1289 absolventes
1859 1262 1890 1290 et
1915 1257 2008 1290 abso-

1263 1309 1346 1341 lutas
1386 1309 1454 1341 fore
1494 1314 1677 1350 censentes,
1716 1308 2008 1352 supplicationibus

1265 1372 1377 1395 eorum
1403 1361 1535 1394 nomine
1560 1361 1655 1394 nobis
1692 1371 1791 1404 super
1816 1361 1879 1394 hoc
1903 1360 2008 1394 humi-

1264 1414 1338 1447 liter
1356 1413 1513 1457 porrectis
1531 1414 1690 1454 inclinati,
1710 1414 1749 1447 de
1768 1413 2006 1446 venerabilium

1265 1467 1399 1499 fratrum
1426 1471 1610 1500 nostrorum
1629 1466 1661 1499 S.
1681 1466 1718 1499 R.
1738 1466 1773 1498 E.
1792 1466 2006 1499 cardinalium

1265 1519 1406 1562 negotiis
1422 1525 1452 1552 et
1466 1519 1762 1552 consultationibus
1777 1519 2008 1561 episcoporum

1265 1576 1296 1605 et
1328 1572 1525 1614 regularium
1552 1571 1822 1614 praepositorum,
1850 1570 1903 1614 qui
1930 1570 2008 1604 rela-

1268 1625 1388 1658 tionem
1416 1625 1528 1657 dilecti
1546 1624 1602 1657 filii
1621 1624 1767 1658 moderni
1788 1624 2008 1667 procuratoris

1266 1677 1430 1719 generalis
1457 1676 1533 1710 dicti
1559 1677 1687 1710 Ordinis
1713 1677 1839 1710 eisdem
1865 1677 2009 1710 cardina-

1266 1729 1350 1762 libus
1381 1730 1497 1763 factam
1523 1730 1748 1770 attenderunt,
1786 1730 1943 1771 consilio,
1975 1734 2009 1763 ut

1266 1793 1381 1816 omnes
1400 1787 1431 1816 et
1454 1782 1573 1825 singuli
1600 1783 1802 1826 professores
1819 1782 2006 1826 provinciae

1265 1841 1296 1869 et
1313 1835 1443 1868 Ordinis
1460 1836 1717 1880 praedictorum,
1733 1846 1813 1880 quos
1831 1836 2007 1870 modernus

1266 1892 1298 1921 et
1322 1898 1381 1931 pro
1400 1893 1544 1931 tempore
1570 1888 1710 1921 existens
1736 1888 1827 1931 prior
1845 1887 2007 1931 generalis

1265 1941 1411 1975 eiusdem
1430 1941 1558 1974 Ordinis
1583 1941 1615 1974 in
1633 1940 1799 1984 theologia
1823 1940 2007 1983 magistros,

1265 1994 1397 2028 servatis
1422 1993 1601 2035 servandis,
1628 1993 1805 2027 instituerit
1829 1998 1860 2026 et
1884 2003 2008 2027 creave-

1263 2047 1315 2088 rit,
1332 2049 1475 2081 lauream
1495 2047 1692 2088 doctoratus,
1711 2047 1843 2090 praevio
1861 2047 2007 2090 rigoroso

1265 2100 1411 2134 examine
1437 2111 1546 2134 coram
1563 2101 1674 2144 priore
1692 2100 1882 2144 provinciali
1901 2100 2007 2133 dictae

1264 2153 1449 2197 provinciae
1476 2153 1693 2197 Portugalliae
1731 2158 1763 2187 et
1800 2157 1938 2196 quatuor
1974 2152 2008 2185 in

1264 2207 1355 2240 sacra
1393 2206 1562 2249 theologia
1599 2205 1771 2248 magistris,
1797 2205 1861 2238 sive
1897 2215 2007 2239 coram

1264 2265 1390 2293 rectore
1427 2258 1558 2302 collegii
1594 2257 1844 2292 Coimbricensis
1877 2256 2006 2290 Ordinis

1264 2313 1421 2356 praedicti
1448 2318 1479 2345 et
1503 2312 1590 2345 illius
1620 2311 1807 2354 regentibus
1839 2321 1875 2344 ac
1905 2310 2008 2354 magi-

1264 2364 1350 2404 stris,
1376 2365 1573 2407 illorumque
1598 2363 1847 2407 approbatione,
1870 2364 2006 2397 servatis

1264 2416 1432 2459 ceteroqui
1458 2416 1698 2450 conditionibus
1725 2426 1783 2459 per
1806 2420 1924 2449 statuta
1948 2426 2007 2448 seu

1263 2469 1513 2502 constitutiones
1531 2468 1658 2501 Ordinis
1677 2468 1834 2511 praedicti
1852 2468 2008 2511 praescri-

1262 2521 1334 2564 ptis,
1359 2521 1397 2553 ab
1423 2521 1563 2564 ipsomet
1587 2521 1697 2563 priore
1722 2520 1913 2564 provinciali
1938 2520 2005 2553 sive

1261 2573 1420 2619 praedicti
1453 2573 1582 2617 collegii
1616 2578 1742 2608 rectore
1778 2573 1943 2617 suscipere
1967 2572 2006 2607 li-

2016 204 2063 230 Λη.
2079 204 2107 232 C.
2131 203 2197 231 1723

2051 738 2163 760 Concessio
2178 738 2201 758 ut

2017 768 2037 788 in
2052 766 2145 788 rubrica.
