2269 3203
242 224 291 248 An.
313 221 340 248 C.
358 221 424 249 1715

269 770 298 789 lle
314 775 353 791 nsv
369 773 425 794 quae

241 798 344 815 seman-ta
358 800 376 815 vt
389 803 424 817 no-

242 824 305 842 tanda
321 826 387 844 elunt-

269 2036 296 2056 De
313 2036 371 2056 libri>
383 2036 426 2056 adi·

241 2064 268 2083 tis
284 2066 304 2083 et
320 2064 412 2084 edendis.

470 211 535 245 690

474 270 522 299 27.
546 269 688 299 Absoluta
709 269 932 305 dissertatione,
956 269 1010 298 alia
1030 269 1064 298 de
1086 267 1173 298 rebus

436 317 644 357 philosophicis
667 317 695 347 in
724 317 850 347 medium
874 317 976 346 afferre
999 316 1173 346 academicis

435 366 546 397 licitum
564 371 642 403 esto,
660 371 772 396 servato
790 366 941 404 dignitatis
961 365 1072 395 ordine.

475 415 524 445 28.
544 415 580 444 lis
592 415 691 449 etiam,
706 418 800 453 quae¹
821 415 894 443 dicta
914 414 1035 451 suerint,
1053 413 1171 449 addere,

435 465 565 501 demere,
583 464 637 501 uti,
654 467 693 499 et,
712 463 841 492 veritatis
857 471 937 500 ergo,
955 462 1064 500 aliquid
1081 461 1173 491 amice

435 521 584 551 opponere
606 512 717 541 licitum
741 515 796 548 est,
820 514 945 547 servato,
969 514 1001 539 ut
1029 514 1107 543 ante,
1130 509 1173 539 di-

436 560 555 599 gnitatis
577 560 701 595 ordine3
724 559 829 596 iurgia,
854 558 973 587 cavillos
1005 562 1033 587 et
1054 557 1172 587 inutiles

435 609 655 638 contentionum
679 608 765 637 tricas
788 616 905 646 praeses
926 611 1068 637 amoveto.

475 658 524 687 29.
548 657 695 692 Alumnis‚
718 665 775 686 non
800 656 984 694 permittente
1001 655 1173 684 Academiae

437 706 580 745 praeside,
592 705 673 735 nulla
684 705 718 734 de
734 714 765 734 re
779 704 864 734 verba
881 705 973 734 facere
989 704 1101 734 licitum
1117 707 1170 732 est.

476 756 524 784 30.
548 753 771 784 Dissertationes
797 753 975 792 quicumque
1005 753 1034 782 in
1068 752 1174 782 sessio-

436 804 521 834 nibus
549 802 715 840 habuerint,
739 811 787 831 eas
820 802 863 831 vel
898 811 996 832 earum
1029 811 1172 832 summam

436 852 544 891 scripto
566 855 712 881 exaratam
736 850 908 880 Academiae
933 851 1131 890 relinquunto.

477 902 525 931 31.
556 901 594 930 Ea
618 899 724 939 scripta
754 909 768 928 a
798 899 918 929 secretis
948 899 1048 929 ordine
1077 904 1174 929 custo-

435 950 505 987 dito,
524 950 739 988 memoriaeque
762 948 868 978 tradito
891 949 965 978 dicta
990 958 1121 988 quaeque
1143 949 1172 978 in

435 998 614 1029 sessionibus
637 1001 797 1027 memoratu
821 997 923 1035 digna,
947 1002 975 1027 et
1007 997 1035 1027 in
1059 998 1172 1036 singula

435 1056 540 1077 nomen
564 1046 691 1076 auctoris
714 1050 741 1075 et
765 1051 879 1085 tempus
902 1050 1010 1076 notato.
1046 1046 1080 1076 At
1096 1071 1103 1084 ,
1137 1056 1174 1076 ne

435 1096 524 1126 ullius
542 1096 571 1124 in
595 1104 709 1130 manus,
728 1095 898 1133 praesertim
923 1104 978 1124 non
1003 1095 1172 1131 academici,

434 1144 562 1179 veniant,
579 1147 690 1172 caveto.
708 1143 784 1172 Bene
807 1147 903 1171 autem
926 1143 1101 1180 ordinariis,
1125 1143 1174 1172 ho-
1195 1147 1197 1174 i

434 1192 570 1229 norariis,
604 1191 838 1229 numerariisque
869 1200 901 1219 ea
935 1191 1041 1229 scripta
1076 1191 1174 1220 videre

434 1239 621 1278 cupientibus
636 1240 798 1273 ostendito;
813 1239 861 1269 sed
873 1239 983 1269 excribi
997 1249 1033 1268 ne
1046 1248 1174 1278 unquam

434 1289 536 1325 sinito,
559 1288 616 1317 nisi
638 1288 662 1317 si
687 1288 803 1326 quando
831 1288 972 1326 placuerit
1002 1288 1174 1318 Academiae

436 1338 573 1377 praesidi,
597 1338 758 1377 scriptique
781 1338 904 1367 auctori.

474 1386 522 1416 302.
547 1386 690 1425 Epistulas
713 1387 781 1416 item
805 1390 832 1416 et
854 1387 996 1416 litteraria
1018 1396 1175 1426 quaecum·
1195 1398 1197 1406 ¹

435 1444 489 1474 qne
502 1435 660 1474 specimina
679 1435 712 1464 ad
727 1435 911 1464 Academiam
933 1435 1031 1470 missa,
1045 1444 1175 1464 omnem-

435 1493 490 1523 que
506 1483 567 1513 eius
583 1483 805 1522 supellectilem,
824 1483 878 1513 lide
899 1484 1053 1514 custodito.

475 1532 523 1561 33.
549 1531 617 1561 Cum
649 1532 718 1561 viris
751 1531 911 1561 litterarum
945 1537 972 1561 et
1005 1532 1174 1563 absentibus

435 1579 610 1609 academicis
626 1580 839 1609 communicato
856 1590 906 1619 per
921 1581 1059 1619 epistolas
1074 1592 1080 1617 3
1098 1591 1175 1611 com-

437 1629 536 1657 munia
568 1628 656 1658 etiam
688 1628 794 1658 habeto
824 1628 987 1658 academica
1019 1630 1116 1659 studia
1146 1634 1174 1659 et

436 1676 565 1706 inventa.

475 1725 524 1754 34.
556 1726 612 1754 Res
645 1725 855 1764 cuiuscumque
886 1726 1025 1756 sessionis
1055 1732 1083 1756 et
1111 1736 1174 1756 aca-

435 1773 565 1803 demicos
592 1777 733 1812 quotquot
763 1774 954 1804 convenerint
978 1774 1007 1803 in
1031 1775 1103 1804 actis
1126 1775 1175 1805 de-

436 1822 565 1851 scribito.

475 1873 523 1901 35.
547 1873 604 1901 Has
627 1871 712 1902 etiam
736 1872 824 1909 leges,
849 1876 877 1901 et
903 1871 1043 1911 quidquid
1067 1873 1098 1901 in
1124 1881 1174 1911 po-

436 1925 546 1951 sterum
578 1920 731 1951 Academia
765 1920 920 1957 statuerit,
960 1921 989 1950 in
1022 1921 1173 1951 decretum

436 1969 535 1999 codice
558 1970 675 1999 referto.

476 2019 524 2048 36.
554 2018 656 2047 Libros
684 2018 719 2048 de
750 2027 780 2047 re
810 2018 1012 2058 philosophica
1040 2022 1174 2049 recenter

436 2067 529 2096 editos
546 2076 661 2106 praeses
683 2067 856 2096 Academiae
878 2067 1016 2105 legendos
1038 2067 1104 2097 dato
1122 2068 1173 2098 uni

437 2115 604 2154 pluribusve
628 2115 812 2151 academicis,
832 2116 881 2154 qui
903 2116 979 2145 scitu
1001 2116 1088 2154 digna
1104 2126 1173 2146 can-

435 2164 501 2194 dide
524 2169 551 2194 et
574 2164 741 2194 summatim
764 2165 911 2201 referant;
931 2165 1039 2195 salibus
1061 2169 1089 2195 et
1110 2174 1174 2195 ver-

435 2213 538 2242 borum
561 2212 669 2242 aculeis
691 2213 837 2242 neminem
861 2213 1015 2243 lacessant.

474 2262 523 2290 37.
562 2260 712 2290 Librorum
751 2261 964 2299 scriptorumve
1003 2262 1169 2298 iudicium,

433 2309 509 2348 quod
531 2309 597 2348 quis
619 2309 765 2338 interdum
788 2309 823 2339 ab
845 2310 1002 2339 Academia
1024 2311 1173 2349 quaesive-

434 2359 483 2395 rit,
507 2366 641 2387 censores
665 2358 791 2394 serunto,
815 2368 887 2396 quos
916 2363 1029 2388 secreto
1054 2368 1170 2397 praeses

434 2407 543 2445 eligito,
577 2415 735 2445 eorumque
766 2416 920 2436 censuram
954 2407 988 2436 ad
1010 2407 1172 2437 ordinarios

434 2456 552 2485 referto.
587 2454 677 2483 Nemo
711 2454 869 2493 quidquam
903 2455 932 2484 in
967 2455 1060 2484 lucem
1093 2455 1171 2484 edito

435 2502 552 2532 nomine
576 2501 744 2540 academici,
768 2502 802 2531 de
828 2512 884 2541 quo
917 2512 974 2532 non
1007 2506 1074 2532 ante
1095 2502 1172 2532 iudi-

470 2605 480 2632 1
503 2602 575 2631 Edit.
591 2601 672 2633 nain.
688 2602 754 2640 tegit
768 2602 796 2632 Is
814 2623 819 2631 .
839 2623 846 2631 .
864 2623 870 2630 .
888 2602 940 2639 qm·
958 2603 998 2639 (a.
1013 2603 1062 2638 T.).

1021 220 1200 244 BULLARIUM
1225 220 1378 244 ROMANUM

1215 268 1291 298 cium
1321 268 1442 299 tulerint
1471 268 1631 306 ordinarii,
1654 269 1748 309 deque
1775 278 1809 299 eo
1841 268 1952 300 edendo

1215 317 1428 347 consenserint.

1254 365 1303 394 38.
1337 365 1622 401 Elucubrafionum,
1657 375 1730 405 quae
1766 366 1854 396 totius
1883 367 1952 396 anni

1215 422 1302 443 cursu
1326 413 1447 443 traditae
1470 414 1579 443 suerint
1600 414 1636 443 al)
1660 414 1843 451 academicis,
1876 415 1953 444 dele-

1215 466 1278 491 ctus
1300 462 1432 499 habetor,
1455 467 1497 499 ut,
1517 472 1591 502 quae
1613 463 1705 492 lucem
1730 463 1899 497 meruerint,
1923 464 1952 493 in

1215 510 1362 549 publicum
1386 511 1479 541 emitti
1503 511 1624 550 possint.

1255 559 1303 587 39.
1328 558 1418 588 Porro
1452 559 1475 587 si
1510 568 1561 597 pro
1594 559 1743 589 communi
1775 560 1953 590 Academiae

1216 606 1291 636 bono
1313 607 1421 646 aliquid
1442 607 1471 637 in
1496 607 1541 637 his
1563 607 1676 645 legibus
1698 608 1816 645 addere,
1836 609 1953 639 demere

1216 658 1266 683 aut
1288 659 1399 684 mutare
1432 656 1601 685 censuerint
1622 656 1804 693 academici,
1834 657 1880 686 ius
1908 666 1953 687 re-

1216 707 1354 742 ctumque
1387 708 1449 733 esto
1481 704 1622 744 quidquid
1654 705 1748 735 denuo
1785 705 1950 735 statuerint.

1216 751 1374 782 Contrariis
1397 752 1472 782 haud
1495 752 1680 783 obstantibus
1707 753 1950 794 quibuscumque.

1613 801 1680 832 Loco
1701 804 1719 839 †
1741 803 1839 841 siyilli.

1255 848 1295 878 Ita
1310 851 1367 878 est:
1384 848 1508 879 licoacs
1524 850 1672 880 Axromcs
1694 851 1734 880 DE
1752 851 1952 882 Bsncmonns

1216 897 1406 927 illustrissimi
1428 902 1547 928 senatus
1560 899 1706 929 Bononiae
1728 900 1912 930 secretarius.

1296 973 1364 1002 CAP.
1390 973 1449 1002 xli.
1472 991 1511 996 —
1531 974 1611 1003 Delta
1632 975 1875 1013 sopraintendema

1217 1021 1387 1059 ull'Istituto,
1401 1022 1432 1051 ed
1445 1023 1696 1052 amministrazione
1704 1023 1773 1053 delle
1782 1034 1829 1053 sue
1841 1029 1952 1054 en'rule..

1258 1104 1276 1125 1.
1299 1096 1544 1135 Sopraintendera
1567 1097 1593 1126 al
1615 1097 1693 1127 buon
1725 1107 1850 1136 governo
1873 1109 1888 1129 e
1910 1110 1954 1130 re-

1218 1144 1382 1181 golamento
1403 1145 1595 1176 dell'lstituto
1617 1146 1803 1177 l'assunteria
1832 1149 1877 1186 gia
1906 1149 1954 1178 de-

1221 1197 1319 1232 putata
1349 1193 1394 1222 dal
1423 1199 1533 1231 senato,
1558 1195 1583 1224 la
1612 1195 1697 1233 quale
1726 1195 1879 1234 invigilera
1900 1206 1953 1227 con

1195 1242 1242 1275 13
1266 1242 1369 1271 doruta
1393 1243 1566 1281 attenzione,
1599 1245 1652 1273 elie
1685 1244 1860 1275 ciaschedun
1891 1255 1955 1285 pro-

1218 1291 1327 1320 fessore
1360 1291 1393 1320 ed
1427 1291 1551 1321 officiale
1582 1292 1781 1323 dell'lstituto
1810 1295 1954 1334 compisca

1195 1346 1198 1387 ἰ
1218 1339 1430 1369 lodevolmente
1453 1340 1478 1369 le
1501 1341 1617 1380 proprie
1639 1342 1725 1380 parti,
1742 1342 1776 1372 ed
1798 1352 1814 1371 a
1836 1343 1876 1373 tal
1898 1343 1955 1373 fine

1218 1388 1335 1417 visitera
1355 1388 1469 1417 almeno
1492 1389 1559 1426 ogni
1582 1393 1625 1419 tre
1652 1390 1725 1420 mesi
1753 1400 1808 1420 una
1839 1391 1913 1421 volta
1934 1392 1954 1422 il

1219 1436 1332 1475 palazzo
1361 1436 1569 1475 dell'lstituto,
1594 1447 1608 1467 e
1632 1442 1704 1468 tutte
1726 1438 1752 1469 le
1775 1448 1825 1470 sue
1856 1443 1955 1470 stanze

1217 1484 1250 1513 ed
1274 1484 1388 1514 osticine
1411 1494 1425 1514 e
1448 1485 1564 1524 capitali
1592 1486 1645 1516 che
1677 1487 1707 1516 in
1741 1496 1805 1517 esso
1833 1487 1857 1517 si
1886 1497 1955 1518 con-

1217 1541 1350 1562 servano.

1257 1591 1286 1611 n.
1312 1582 1483 1612 l'romovera
1518 1591 1571 1612 con
1604 1583 1671 1621 ogni
1705 1583 1800 1614 studio
1832 1584 1955 1615 l'accre-

1217 1631 1370 1668 scimento‚
1390 1631 1546 1670 splendore
1568 1641 1583 1661 e
1604 1632 1698 1670 gloria,
1718 1633 1785 1663 dell'
1799 1633 1922 1670 Isfituto,
1939 1645 1955 1664 e

1217 1680 1395 1718 partecipera
1420 1680 1446 1709 al
1470 1684 1571 1710 senato
1599 1681 1721 1711 distinto
1750 1686 1885 1712 racconto
1907 1683 1953 1713 del

1218 1728 1305 1757 t‘rutto
1328 1729 1482 1758 ricavatosi
1505 1729 1581 1767 dagli
1604 1730 1724 1759 esercizi
1753 1730 1805 1760 che
1827 1731 1874 1760 nel
1896 1732 1954 1761 fine

1216 1777 1244 1806 di
1267 1777 1384 1806 ciascun
1408 1786 1484 1807 anno
1507 1778 1530 1807 si
1547 1777 1635 1807 dovra
1651 1778 1703 1807 dar
1725 1778 1754 1808 in
1776 1779 1889 1809 iscritto
1907 1780 1953 1809 dal

1216 1825 1374 1863 segretario
1403 1825 1457 1855 alla
1491 1826 1648 1856 medesima
1675 1827 1848 1865 assunteria,
1872 1836 1954 1858 come

1216 1873 1324 1903 altrove
1346 1874 1370 1903 si
1393 1874 1407 1903 e
1430 1874 1519 1904 detto.

1256 1931 1295 1951 in.
1322 1922 1343 1952 ll
1365 1931 1493 1960 governo
1515 1922 1682 1953 economico
1700 1923 1728 1953 di
1745 1924 1811 1953 tutti
1827 1923 1847 1954 li
1862 1924 1951 1961 fondi,

1216 1972 1350 2010 proventi
1374 1981 1389 2001 e
1411 1971 1528 2010 capitali
1551 1971 1691 2001 fruttiseri
1712 1972 1741 2002 di
1763 1973 1954 2012 qualsivoglia

1216 2024 1304 2058 sorte,
1323 2020 1346 2050 si
1362 2020 1579 2050 amministrera
1595 2020 1844 2060 dall'assunteria,
1868 2023 1953 2062 quale

1216 2068 1303 2098 dovra
1327 2068 1562 2107 diligentemente
1585 2068 1737 2107 invigilare
1759 2069 1814 2099 alla
1837 2079 1953 2100 conser-

1216 2117 1334 2148 vazione
1357 2127 1371 2148 e
1394 2118 1623 2147 mantenimento
1646 2118 1692 2148 de’
1707 2119 1858 2149 medesimi
1877 2119 1953 2159 capi·

1217 2167 1279 2204 tali,
1306 2176 1320 2196 e
1342 2167 1481 2206 deputera
1498 2175 1621 2206 persone
1639 2167 1708 2197 abili
1731 2176 1782 2206 per
1803 2171 1903 2198 tenere
1926 2168 1951 2197 la

1216 2215 1351 2244 scrittura
1375 2224 1390 2244 e
1413 2215 1456 2244 sar
1478 2215 1505 2245 le
1527 2215 1695 2245 riscossioni
1717 2215 1891 2245 necessarie.

1254 2273 1291 2293 ιν.
1316 2265 1370 2294 Per
1392 2265 1418 2294 le
1441 2273 1525 2303 spese
1553 2264 1605 2294 che
1633 2273 1846 2294 occorreranno
1872 2265 1950 2303 negli

1214 2313 1334 2341 esercizi
1349 2312 1552 2349 dell'lstituto,
1567 2312 1751 2342 l’assunteria
1768 2317 1953 2352 soprastante

1214 2360 1328 2398 spedira
1352 2360 1371 2389 li
1395 2360 1459 2389 suoi
1482 2360 1610 2390 mandati
1633 2360 1663 2389 in
1686 2364 1762 2390 testa·
1786 2361 1832 2390 del
1863 2362 1953 2400 presi-

1214 2407 1309 2444 dente,
1334 2408 1353 2436 il
1376 2408 1472 2446 quale,
1490 2408 1615 2437 tenendo
1635 2417 1734 2447 presso
1757 2409 1785 2438 di
1808 2409 1839 2439 se
1861 2409 1881 2439 il
1903 2410 1954 2439 de-

1214 2464 1283 2484 naro
1307 2456 1442 2493 riscosso,
1467 2456 1676 2494 l'impieghera
1709 2457 1739 2486 in
1773 2457 1952 2496 provvedere

1213 2508 1320 2543 quanto
1349 2504 1408 2533 sara
1432 2504 1461 2534 di
1483 2504 1604 2543 bisogno
1635 2505 1683 2535 alli
1714 2506 1872 2545 professori
1904 2507 1952 2537 nei

1214 2553 1275 2583 loro
1295 2553 1370 2582 studi
1394 2553 1534 2582 ordinari.

1253 2609 1279 2631 v.
1304 2600 1394 2632 Dovra
1413 2601 1434 2632 il
1458 2601 1623 2642 presidente
1655 2601 1699 2633 sar
1732 2601 1891 2634 riscuotere
1922 2602 1950 2634 le

1960 222 2009 250 An.
2030 222 2058 250 C.
2075 223 2143 251 ¹715

1990 1112 2020 1133 De
2033 1113 2148 1134 incremen-

1964 1142 1985 1159 to
2000 1139 2100 1163 lnstituti,
2115 1145 2148 1160 re·

1965 1167 2040 1191 gimine
2056 1171 2149 1186 oecono-

1965 1193 2018 1212 mico
2033 1194 2053 1213 et
2068 1193 2148 1218 impan-

1964 1225 2000 1240 sis.
