2269 3203
259 223 313 250 An.
332 222 360 252 c,
379 222 447 250 1716
492 213 555 248 74⁶2

263 2286 378 2311 Suspensto
394 2288 434 2313 pri·

250 2313 372 2338 vilegiorum
380 2315 435 2339 quod

259 2340 425 2361 contradictores

251 2367 337 2386 tantum.

450 272 665 316 suscipimus,
694 278 749 314 ut,
781 274 867 317 quod
893 275 988 318 plane
1016 276 1187 318 cupimus,

451 324 634 359 cicatricem
661 326 757 359 ducat
783 332 814 359 et
837 327 1115 370 praevaricatores
1140 339 1190 362 re-

449 383 616 411 vertantur
644 379 681 412 ad
716 390 792 419 eor,
834 380 937 422 parati
963 381 1132 423 profecto,
1164 381 1189 414 si

450 440 541 464 secus
577 432 725 473 accidat,
759 432 845 475 quod
883 433 984 472 absit,
1010 433 1123 466 ulcisci
1157 444 1191 467 o-

450 494 558 516 mnem
584 484 853 523 inobedientiam,
871 490 912 525 ct,
931 484 1018 518 iuxta
1039 486 1188 519 traditam

449 536 543 569 nohis
563 547 579 569 a
594 537 731 569 Domino
750 542 957 580 potestatem,
974 539 1012 571 ad
1030 539 1189 572 ulteriora

449 590 644 632 procedere.
662 589 843 632 Specialem
860 590 967 633 itaque
982 602 1092 624 curam
1108 592 1189 625 eius-

450 641 523 674 dem
548 641 740 674 Parisiensis
765 643 896 676 scholae
921 644 980 676 suh
1002 643 1190 677 immediata

449 693 482 725 B.
508 693 593 726 Petri
619 693 826 736 protectione
856 706 873 727 a
900 700 947 728 tot
977 696 1127 736 saeculis,
1153 702 1190 729 ut

448 746 631 788 praefertur
668 752 853 790 susceptae,
894 749 988 782 nobis
1020 754 1052 782 et
1081 749 1187 782 eidem

448 799 654 842 Apostolicae
676 799 748 833 Sedi
768 800 945 834 retinentes
963 802 1081 845 (neque
1101 803 1186 835 enim
1209 807 1210 812 ’

447 851 526 885 boni
554 852 693 895 pastoris
729 858 778 886 est
810 852 954 887 infirmas
980 865 1056 888 oves
1094 855 1188 888 dese-

448 915 532 946 rere,
557 905 613 939 sed
632 905 817 948 vigilantius
836 907 1020 951 custodire)
1046 914 1081 941 ut
1098 908 1185 942 illius

447 960 547 1001 bono,
566 960 614 992 ut¹
632 960 763 993 utilitati
782 961 944 994 salubrius
969 967 1001 995 et
1026 962 1186 996 efficacius

447 1014 670 1053 consulamus,
695 1014 857 1057 simulque
873 1015 980 1048 animo
996 1021 1186 1058 reputantes

445 1066 589 1109 reliquas
615 1077 727 1100 omnes
753 1067 880 1110 gratias,
907 1068 1025 1111 quibus
1051 1069 1118 1111 ipsa
1139 1079 1187 1101 sa·

446 1129 520 1152 crae
547 1119 733 1162 theologiae
759 1120 894 1153 facultas
920 1132 936 1153 a
961 1121 1042 1154 Sede
1060 1122 1186 1164 praedi-

446 1173 495 1204 cta
520 1172 775 1205 cumulatissime
812 1178 928 1206 ornata
958 1174 1034 1215 fuit,
1063 1174 1104 1207 ob
1139 1179 1187 1207 tot

446 1235 481 1257 ac
507 1230 604 1265 tauta,
630 1230 663 1257 ut
688 1226 879 1268 praefertur,
907 1227 937 1258 in
957 1229 994 1260 ea
1014 1238 1185 1270 perperam

444 1282 549 1320 gesta,
569 1278 632 1311 iam
652 1289 716 1311 non
738 1279 770 1311 in
788 1279 877 1312 Fidei
906 1280 1058 1321 favorem,
1075 1281 1186 1314 Eccle-

446 1331 513 1364 siae
539 1330 659 1371 decus,
690 1331 917 1375 episcoporum
944 1333 1183 1375 adiumentum,

444 1382 655 1427 fideliumque
695 1383 977 1426 aedificationem,
1019 1392 1054 1418 ut
1092 1397 1184 1419 mens

446 1499 595 1522 errorum
625 1490 734 1533 potius
767 1491 964 1532 fomentum,
989 1498 1184 1525 memoratae

445 1541 534 1575 Sedis
548 1542 709 1582 iniuriam,
725 1548 821 1587 atque
839 1544 1033 1588 episcopalis
1053 1545 1185 1587 dignita·

445 1594 485 1627 tis
504 1594 761 1629 imminutionem
784 1597 851 1630 fore
869 1607 1023 1638 cessuras,
1040 1597 1184 1630 omnium

445 1652 476 1679 et
493 1647 964 1692 singulurum‘privilegiorum,
984 1650 1182 1690 facultatum,

445 1700 622 1742 gratiarum
648 1707 678 1734 et
696 1702 898 1735 indultorum
917 1703 1023 1736 dictae
1042 1703 1183 1736 facultati

445 1753 652 1796 theologicae
688 1755 861 1788 Parisiensi
883 1766 900 1788 a
925 1756 1183 1799 quibuscumque

445 1804 599 1840 Romanis
633 1807 842 1841 Pontificibus
878 1809 1184 1849 praedecessoribus

443 1912 632 1946 stolicarum
667 1919 730 1947 tam
764 1914 821 1947 sub
856 1916 991 1959 plumbo
1024 1926 1118 1959 quam
1151 1916 1183 1948 in

444 1965 540 1999 simili
567 1967 670 2000 forma
689 1967 799 2001 Brevis
819 1969 857 2001 ab
876 1968 921 2001 eis
941 1969 1081 2012 desuper
1099 1980 1184 2002 ema-

444 2024 593 2052 natarum
619 2025 749 2054 tenores
775 2026 806 2054 et
830 2021 932 2061 datas,
958 2021 1056 2055 etiam
1080 2023 1185 2056 verio-

444 2082 506 2113 reS,
535 2073 663 2117 aliaque
696 2075 804 2107 omnia
840 2080 872 2107 et
906 2074 1052 2118 singula,
1086 2076 1183 2109 etiam

443 2124 628 2168 specificam
653 2131 685 2160 et
709 2127 907 2160 individuam
933 2128 1133 2162 mentionem
1154 2135 1184 2162 et

444 2178 687 2220 expressionem
717 2180 927 2223 requirentia,
955 2182 1182 2224 praesentibus

444 2240 502 2273 pro
527 2232 623 2274 plene
649 2237 681 2265 et
705 2228 910 2266 sufficienter
940 2244 976 2266 ac
1013 2234 1052 2266 de
1082 2235 1183 2267 verbo

445 2282 485 2315 ad
509 2284 656 2325 verbum,
675 2284 757 2318 nihil
780 2285 909 2328 penitus
934 2286 1066 2326 omisso,
1085 2287 1184 2320 inser-

446 2334 485 2367 tis
503 2339 535 2368 et
552 2337 714 2379 expressis
739 2347 775 2370 ac
793 2338 986 2380 specificatis
1011 2339 1181 2379 habentes,

445 2387 485 2420 de
511 2389 743 2422 nonnullorum
778 2390 1012 2423 venerabilium
1047 2391 1182 2423 fratrum

444 2446 632 2474 nostrorum
658 2442 689 2475 S.
720 2442 757 2475 R.
784 2442 819 2475 E.
847 2443 1060 2476 cardinalium
1086 2453 1183 2485 super

443 2493 505 2526 hac
530 2504 566 2527 re
592 2494 777 2537 specialiter
799 2506 815 2528 a
832 2495 928 2528 nobis
954 2496 1180 2538 deputatorum

443 2546 607 2587 consilio,
641 2547 751 2580 omnia
787 2553 817 2580 et
853 2547 981 2590 singula
1013 2548 1182 2591 privilegia

480 2610 490 2635 1
514 2608 613 2637 Forsan
634 2609 779 2644 legendum
799 2609 870 2637 bono
892 2612 918 2637 et
935 2610 973 2645 (n.
991 2610 1039 2645 τ.).

1027 226 1208 251 BULLARIUM
1231 227 1387 252 ROMANUM

1233 277 1401 320 (praefato
1433 276 1620 310 immediate
1653 276 1865 311 subiectionis
1891 277 1968 312 huic

1232 329 1365 363 Sanctae
1386 329 1460 363 Sedi
1489 330 1652 363 dumtaxat
1671 331 1838 374 excepto),
1859 331 1971 364 immu-

1232 382 1358 423 nitates,
1385 383 1562 424 libertates,
1589 384 1846 427 praerogativaS,
1871 384 1969 418 facul-

1234 440 1335 477 tates,
1369 436 1613 479 indulgentias,
1645 436 1762 479 gratias
1788 443 1820 469 et
1843 436 1968 470 indulta

1233 499 1473 533 quaecumque,
1500 490 1567 522 sive
1593 501 1610 522 a
1637 489 1731 522 nobis
1763 489 1828 522 sive
1854 500 1872 522 a
1896 490 1969 533 qui-

1230 541 1339 574 busvis
1363 543 1514 576 Romanis
1539 543 1747 576 Pontificibus
1777 543 1969 586 praedeces-

1231 594 1357 628 soribus
1375 596 1495 628 nostris
1514 596 1699 639 praedictae
1717 596 1857 628 facultati
1875 596 1968 630 theo-

1232 647 1357 690 logicae
1383 648 1567 689 Parisiensi,
1587 649 1653 682 sive
1671 649 1738 682 eius
1759 649 1965 689 doctoribus,

1231 700 1402 742 magistris,
1429 701 1564 742 decano,
1588 701 1721 745 syndico
1739 728 1746 741 ‚
1774 701 1883 734 aliisve
1908 701 1968 733 rni-

1231 752 1360 793 nistris,
1388 753 1579 787 officialibus
1606 759 1638 787 et
1660 753 1809 797 personis
1832 753 1968 797 quibus-

1231 815 1382 848 cumque,
1404 810 1466 838 tam
1487 806 1684 839 coniunctim
1709 817 1804 850 quam
1831 805 1965 847 divisim,

1232 859 1511 902 quandocumque,
1541 859 1847 902 quomodocumque
1873 863 1904 892 et
1929 869 1966 892 ex

1232 922 1436 954 quacumque
1468 913 1563 945 causa
1595 922 1772 951 concessa,
1804 922 1840 944 ac
1870 911 1966 944 etiam

1230 965 1352 1006 pluries
1376 964 1564 998 confirmata
1590 970 1621 997 et
1645 965 1805 1005 innovata,
1830 964 1967 998 auctori·

1230 1022 1293 1050 tate
1319 1018 1509 1060 apostolica,
1534 1023 1647 1050 tenore
1671 1018 1901 1061 praesentium,
1926 1017 1966 1050 ad

1229 1076 1374 1103 nostrum
1401 1076 1432 1103 et
1463 1071 1567 1104 dictae
1599 1070 1689 1104 Sedis
1725 1070 1966 1114 heneplacitum

1230 1123 1476 1167 suspendimus,
1502 1134 1539 1156 ac
1568 1134 1724 1167 suspensa
1747 1133 1818 1156 esse
1843 1129 1874 1156 et
1898 1123 1966 1157 fore

1230 1176 1435 1209 decernimus
1477 1180 1507 1210 et
1546 1177 1761 1210 declaramus.
1798 1176 1967 1209 Neminem

1229 1235 1405 1273 propterea
1422 1230 1454 1263 in
1472 1236 1648 1273 posterum,
1664 1230 1821 1263 eiusmodi
1838 1240 1967 1273 suspen-

1229 1282 1321 1316 sione
1348 1283 1505 1323 durante,
1539 1284 1577 1316 ad
1611 1283 1787 1326 magisterii
1819 1293 1876 1316 seu
1902 1283 1963 1316 do-

1229 1340 1383 1377 ctoratus,
1409 1336 1558 1369 licentiae
1575 1363 1582 1376 ‚
1609 1336 1883 1375 baccalaureatus‚
1908 1345 1965 1368 seu

1206 1413 1208 1428 2
1229 1388 1373 1430 quemvis
1399 1389 1495 1421 alium
1521 1388 1657 1431 gradum
1675 1388 1708 1420 in
1729 1388 1842 1421 eadem
1867 1388 1966 1421 facul-

445 1436 593 1479 profecto
623 1438 872 1470 concedentium
906 1438 1030 1479 fuerat,
1067 1439 1121 1472 sed
1153 1440 1207 1472 in=

1228 1446 1290 1473 tate
1316 1451 1373 1483 per
1398 1441 1631 1474 cancellarium
1656 1440 1861 1484 supradictae
1892 1440 1964 1474 uni-

1229 1493 1409 1535 vcrsitatis,
1443 1494 1507 1527 sive
1542 1494 1640 1527 alium
1674 1493 1775 1537 ipsius
1805 1494 1965 1527 facultatis

1228 1547 1411 1580 ministrum
1437 1558 1494 1580 scu
1520 1547 1690 1580 officialem
1717 1557 1965 1590 quemcumque,

1226 1600 1421 1643 promoveri,
1440 1601 1611 1644 eidemque
1633 1600 1774 1634 facultati
1792 1600 1964 1643 aggregari

1228 1654 1294 1686 ullo
1320 1654 1415 1686 modo
1441 1664 1560 1697 posse,
1580 1664 1650 1694 nec,
1669 1653 1713 1686 ita
1732 1653 1814 1687 forte
1834 1663 1965 1697 promo-

1229 1712 1292 1738 tum
1326 1716 1382 1739 seu
1415 1711 1642 1749 aggregatum,
1668 1717 1685 1739 a
1709 1706 1802 1739 nohis
1827 1711 1859 1739 et
1882 1705 1964 1739 Sede

1226 1758 1402 1801 praedicta,
1420 1759 1527 1792 eiusve
1542 1759 1735 1792 officialibus
1754 1758 1962 1798 etministris‚

1205 1837 1206 1842 ,
1227 1817 1280 1844 aut
1305 1822 1321 1844 a
1343 1812 1455 1855 quovis
1480 1812 1543 1857 alip
1569 1813 1718 1855 praelato
1744 1811 1963 1845 ecclesiastico

444 1859 567 1892 nostris
594 1871 824 1895 concessorum
842 1862 1088 1906 litterarumque
1108 1873 1184 1907 apo-
1204 1875 1206 1887 ¹

1226 1865 1382 1898 saeculari
1408 1865 1457 1898 vel
1484 1865 1636 1908 regulari,
1662 1875 1816 1898 eorumve
1842 1863 1964 1908 pariter

1227 1917 1416 1950 officialibus
1442 1922 1473 1950 et
1499 1916 1653 1949 ministris
1678 1916 1799 1960 ubique
1819 1917 1964 1958 gentium

1227 1970 1450 2011 existentibus,
1473 1971 1540 2003 ullo
1560 1970 1657 2003 modo
1675 1969 1799 2002 admitti
1826 1969 1962 2008 debere;

1225 2033 1332 2067 neque
1349 2023 1488 2063 demum,
1509 2022 1728 2065 praefatorum
1749 2022 1906 2065 graduum
1923 2020 1963 2054 vi-

1227 2086 1315 2118 gore,
1342 2075 1381 2109 ad
1407 2074 1535 2119 quasvis
1562 2074 1736 2115 eeclesias,
1764 2073 1935 2117 dignitates
1951 2098 1959 2113 ,

1225 2127 1385 2162 beneficia
1418 2128 1546 2171 aliaque
1571 2138 1706 2160 munera
1729 2126 1960 2166 ecclesiastica,

1226 2182 1345 2224 gradus
1362 2181 1546 2214 huiusmodi
1571 2180 1782 2225 requirentia,
1807 2180 1961 2213 idoneum

1226 2234 1367 2274 censeri,
1394 2239 1448 2267 aut
1469 2234 1509 2267 ad
1534 2234 1590 2267 illa
1606 2233 1706 2276 recipi
1732 2232 1960 2276 quoquomodo

1225 2297 1341 2330 posse,
1368 2287 1556 2320 auctoritate
1590 2291 1622 2319 et
1650 2291 1763 2319 tenore
1788 2285 1960 2328 praedictis

1226 2340 1374 2373 similiter
1388 2341 1600 2373 declaramus.
1615 2338 1773 2379 Ceterum,
1799 2338 1875 2383 quia
1900 2338 1961 2372 Ro·

1975 230 2027 259 An.
2048 231 2079 260 C.
2096 232 2163 260 ¹716

1225 2393 1310 2426 mani
1335 2392 1516 2432 Pontificis‚
1534 2391 1629 2434 aequi
1649 2392 1792 2435 bonique
1818 2391 1959 2436 supremi
1980 2387 1987 2392 ⁹

1225 2444 1406 2485 assertoris,
1423 2450 1470 2477 est
1486 2444 1631 2478 iustitiae
1649 2444 1766 2478 limites
1785 2455 1849 2478 non
1866 2455 1960 2488 prae·

1225 2496 1386 2538 tergredi‚
1414 2506 1454 2529 ne
1488 2496 1656 2529 videamur
1690 2497 1813 2540 virgam
1838 2507 1956 2541 pecca-

1225 2554 1332 2582 torum
1365 2549 1550 2592 relinquere
1582 2559 1681 2593 super
1706 2555 1827 2583 sortem
1857 2551 1959 2584 iusto·

1224 2612 1317 2643 rum,
1338 2601 1506 2645 magistros
1531 2611 1644 2635 omnes
1664 2629 1671 2643 ,
1694 2602 1866 2645 doctores,
1884 2604 1957 2640 bac-
