2269 3203
271 235 320 262 tin.
344 234 372 262 c.
392 234 460 261 17020
506 225 570 259 846

467 285 666 326 docuerunt,
694 286 743 319 vel
777 286 991 330 imposterum
1022 286 1205 326 docebunt,

466 337 615 370 ultimum
641 339 749 372 locum
771 343 803 371 et
829 338 1093 382 praecedentiam
1121 338 1207 370 inter

467 400 524 423 cos
550 390 602 434 qui
629 390 770 423 ministri
793 396 824 424 et
861 391 969 423 vicarii
997 390 1206 433 provincialis

466 453 524 485 per
561 443 725 475 biennium
760 445 807 476 vel
834 443 1002 486 guardiani
1029 448 1206 475 conventus

466 496 666 528 Hierusalem
692 498 741 529 vel
769 496 937 528 secretarii
965 496 1129 537 generalis
1156 506 1207 527 re-

466 548 608 591 spective
648 549 839 581 muneribus
877 549 1041 591 perfuncti
1077 548 1207 580 suerunt

466 601 650 640 obtineant;
678 602 730 645 qui
758 612 833 634 vero
871 602 1006 634 totidem
1044 602 1137 634 annis
1173 602 1205 634 in

465 656 708 688 cathedralibus
746 656 915 695 ecclesiis,
954 657 1004 688 vel
1043 655 1206 698 suggestis

466 708 665 751 conspicuis,
685 710 733 742 vel
760 708 965 751 generalibus
990 708 1022 741 in
1040 708 1128 741 verbi
1150 708 1205 740 Dei

465 762 710 806 praedicatione
729 763 896 805 praeclare
919 772 952 794 se
975 766 1157 804 gesserunt,
1175 766 1207 794 et

466 816 603 858 posthac
629 826 662 848 se
688 820 811 858 gerent,
835 815 1021 848 immediate
1051 820 1127 858 post
1156 815 1206 848 de-

465 868 612 901 finitores
631 869 789 908 actuales,
813 873 844 900 et
862 868 915 911 qui
934 868 1092 911 magistri,
1117 867 1205 901 novi-

464 921 585 955 tiorum
600 932 657 965 per
675 926 748 955 octo
775 932 931 955 annorum
952 922 1124 954 decursum
1143 921 1205 954 sue-

466 980 542 1007 runt
566 976 615 1008 vel
642 980 745 1014 erunt,
772 977 846 1018 post
873 975 1066 1008 exeustodes
1085 980 1115 1007 et
1134 985 1206 1018 pro-

466 1027 646 1067 ministros,
672 1028 726 1071 qui
752 1028 784 1060 in
815 1028 958 1071 capitulo
985 1028 1128 1070 generali
1154 1028 1206 1060 lli-

465 1081 650 1124 spaniarum
669 1081 813 1124 legitime
828 1080 990 1123 suffragati
1003 1087 1086 1121 sunl,
1098 1082 1204 1114 locum

466 1133 624 1174 liabeant3
652 1135 689 1166 ea
716 1134 920 1176 tamen-lege
945 1138 980 1166 ut
1004 1143 1085 1166 unus
1103 1144 1139 1166 ex
1161 1134 1205 1166 le-

466 1186 634 1226 ctoribus,
659 1196 810 1230 unusque
843 1197 879 1219 ex
902 1186 1203 1225 concionatoribus,

465 1249 502 1271 ac
525 1249 609 1272 unus
646 1249 682 1272 ex
717 1239 891 1283 praedietis
928 1238 1092 1281 magistris
1125 1239 1206 1271 anti-

467 1292 562 1335 quior
586 1293 618 1325 in
644 1303 702 1325 suo
735 1292 884 1336 quolibet
914 1302 1051 1325 munere
1076 1293 1206 1336 expleto

466 1346 610 1390 praefata
635 1347 867 1391 praecedentia
885 1347 1064 1390 respective
1083 1352 1114 1380 et
1133 1348 1206 1380 loco

466 1399 589 1443 absque
608 1400 676 1433 iure
694 1400 892 1443 subrogandi
919 1400 1035 1433 eodem
1055 1406 1205 1444 tempore

467 1454 608 1495 gaudere
635 1454 755 1497 possit;
776 1453 912 1496 praefati
935 1458 1040 1487 autem
1065 1454 1207 1487 lectores

466 1506 499 1539 in
536 1512 704 1550 posterum
742 1506 936 1539 scholastica
970 1506 1123 1539 exercitia
1166 1506 1204 1539 ad

466 1560 702 1603 praescriptum
746 1559 1016 1593 constitutionum
1059 1559 1205 1593 eiusdem

467 1612 597 1646 Ordinis
622 1613 814 1646 auctoritate
841 1613 1020 1656 apostolica
1040 1613 1208 1646 confirma-

468 1671 572 1698 tarum
597 1676 751 1709 peragere
776 1671 968 1706 teneantur;
996 1677 1032 1699 ac
1057 1671 1204 1710 postmo-

468 1719 543 1751 dum
557 1718 717 1752 eiusmodi
728 1719 918 1752 Toletanum
930 1725 1010 1752 statu
1018 1724 1082 1752 tum
1100 1720 1208 1762 quoad

468 1773 609 1806 lectores
635 1773 674 1806 de
699 1778 774 1806 tunc
800 1773 1008 1806 existentium
1036 1772 1067 1806 S.
1103 1773 1140 1805 R.
1171 1773 1205 1806 E.

467 1826 682 1859 cardinalium
699 1827 840 1869 negotiis
863 1832 894 1859 et
915 1826 1209 1859 consultationibus

468 1879 700 1923 episcoporum
725 1886 756 1914 et
780 1881 979 1923 regularium
1004 1880 1209 1924 praeposito-

468 1942 537 1965 rum
564 1932 701 1966 eonsilio
718 1943 777 1976 per
793 1933 949 1976 quasdam
975 1933 1077 1966 felicis
1104 1943 1210 1966 recor-

468 1987 609 2020 datiouis
633 1987 816 2021 Innocentii
834 1988 940 2032 Papae
959 1987 998 2020 Xl
1016 1987 1209 2030 praedeces-

468 2040 550 2073 soris
574 2041 678 2074 nostri
698 2040 748 2074 die
768 2040 866 2074 xv111¹
893 2041 999 2074 martii
1025 2050 1208 2074 MDCLxxxw

469 2094 634 2137 expeditas
669 2094 809 2135 litteras,
836 2094 896 2127 sub
923 2094 1020 2127 certis
1052 2094 1150 2126 modo
1178 2099 1210 2126 et

470 2147 572 2180 forma
587 2152 662 2180 tunc
677 2147 852 2191 expressis,
869 2147 1098 2180 confirmatum
1114 2152 1145 2180 et
1160 2157 1208 2190 ap-

469 2201 639 2243 probatum
658 2202 736 2241 suit;
760 2207 792 2234 et
807 2201 926 2234 deiude
946 2201 977 2233 in
995 2201 1136 2244 capitulo
1155 2211 1209 2244 pa—

471 2253 551 2285 riter
568 2254 711 2295 generali
728 2253 873 2286 Romano
893 2264 979 2286 anno
1000 2263 1209 2287 MDCLXXXVIH

471 2306 635 2338 celebrato
668 2306 778 2338 titulus
804 2306 929 2338 emeriti
956 2307 1017 2338 iam
1044 2306 1139 2338 dictis
1164 2307 1209 2338 le-

471 2358 617 2391 ctoribus
642 2359 818 2391 attributus
844 2359 962 2398 extitit,
987 2369 1024 2391 ac
1048 2360 1079 2391 in
1106 2359 1208 2391 altero

470 2411 623 2444 similiter
640 2411 784 2454 capitulo
799 2412 942 2454 generali
958 2412 1117 2444 Victoriae
1132 2421 1209 2443 nun-

471 2469 608 2507 cupato,
634 2475 717 2497 anno
743 2474 884 2498 uncxciv
910 2464 1041 2503 habito,
1068 2473 1151 2496 unus
1177 2464 1206 2495 in

472 2518 617 2560 qualibet
632 2517 799 2561 provincia
820 2522 1005 2557 conventus,
1027 2517 1082 2549 ubi
1108 2517 1208 2549 lecto-

471 2581 522 2603 res
547 2570 702 2613 praedicti
728 2570 898 2613 privilegia
923 2569 1107 2602 huiusmodi
1134 2580 1208 2603 con-

508 2635 519 2659 1
542 2633 571 2660 ln
591 2638 656 2660 tom.
673 2640 712 2660 xlx
729 2641 789 2668 pag.
806 2633 856 2660 669
873 2642 890 2659 a
907 2632 1004 2666 legitur
1020 2632 1055 2658 28
1075 2638 1113 2667 (R,
1130 2633 1178 2667 T.).

1040 236 1221 261 BULLARIUM
1245 236 1401 261 ROMANUM

1248 285 1392 318 secuturi
1436 287 1549 319 eadem
1598 285 1793 319 scholastica
1832 284 1988 318 exercitia

1249 339 1404 381 prosequi
1432 339 1602 377 deberent,
1628 338 1789 371 stabilitus
1815 338 1885 370 suit.

1294 392 1306 414 Q

1249 443 1322 476 sitio
1348 445 1577 486 subiungebat,
1606 445 1807 487 experientia
1839 455 1988 487 comper-

1251 501 1317 528 tum
1344 497 1383 529 sit
1407 498 1516 540 gravia
1542 508 1576 528 ex
1605 498 1682 540 ipsis
1707 498 1841 531 indultis
1867 502 1899 530 et
1923 498 1990 540 pri-

1250 551 1375 593 vilegiis
1402 552 1539 593 regulari
1566 551 1759 594 disciplinae
1789 551 1990 594 praeiudicia

1249 604 1359 644 illata,
1391 615 1426 636 ac
1451 605 1536 638 inler
1566 605 1738 647 religiosos
1766 604 1891 647 iurgia,
1916 604 1989 637 lites

1249 668 1284 689 ac
1298 657 1436 689 ambitus
1455 659 1587 691 multum
1608 659 1647 690 al»
1664 657 1846 690 humilitate
1864 663 1895 691 et
1916 657 1990 690 sim-

1249 709 1395 752 plicitate
1414 710 1488 743 dieti
1509 710 1636 743 Ordinis
1651 711 1757 743 aliena
1774 715 1883 743 exorta
1899 720 1988 749 esse·,

1249 768 1279 795 et
1303 767 1480 806 propterca
1505 763 1579 796 dicti
1606 768 1830 806 exponentes,
1867 774 1930 806 quo
1959 773 1990 796 o-

1250 815 1332 847 mnis
1357 815 1407 847 via
1427 815 1514 848 illius
1538 816 1731 849 relaxationi
1751 816 1989 859 praecludatur,

1249 870 1288 902 de
1314 874 1502 911 opportuno
1535 869 1680 902 remedio
1713 881 1730 902 a
1762 869 1858 902 uobis
1882 868 1991 912 provi-

1249 922 1317 955 deri
1343 932 1551 964 summopere
1570 921 1778 954 desiderent:
1805 932 1876 961 nos,
1901 922 1991 965 ipsos

1249 973 1655 1017 exponentesspecialibus
1667 973 1991 1016 favoribusetgratiis

1249 1027 1402 1070 prosequi
1428 1028 1588 1066 volentes,
1615 1033 1646 1059 et
1672 1037 1784 1060 eorum
1811 1027 1992 1069 singulares

1249 1091 1404 1125 personas
1442 1092 1459 1113 a
1488 1080 1655 1123 quibusvis
1685 1081 1992 1114 excommunicatio-

1249 1135 1319 1175 nis,
1340 1134 1570 1178 suspensionis
1593 1140 1624 1167 et
1641 1134 1827 1173 interdicti,
1853 1134 1991 1177 aliisque

1249 1187 1476 1222 ecclesiasticis
1496 1188 1678 1227 sententiis,
1695 1187 1843 1221 censuris
1861 1193 1894 1221 et
1915 1198 1992 1230 poe-

1249 1242 1307 1281 nis,
1326 1252 1342 1273 a
1360 1241 1428 1273 iure
1455 1242 1506 1274 vel
1532 1241 1570 1273 ab
1597 1240 1743 1281 homine,
1772 1241 1884 1284 quavis
1900 1251 1993 1273 occa-

1249 1295 1342 1328 sione
1375 1296 1424 1328 vel
1455 1296 1549 1327 causa
1577 1294 1663 1336 latis,
1678 1294 1702 1326 si
1724 1294 1841 1337 quibus
1858 1304 1993 1338 quomo-

1249 1349 1371 1382 delibet
1396 1348 1571 1381 innodatae
1597 1347 1750 1387 existunt,
1778 1348 1817 1381 ad
1844 1348 1991 1380 esl'ectum

1250 1401 1470 1445 praesentium
1496 1401 1661 1434 dumtaxat
1693 1401 1962 1444 consequendum
1983 1427 1990 1440 ,

1249 1456 1365 1487 harum
1401 1453 1483 1487 serie
1518 1454 1727 1486 absolventes
1764 1459 1795 1486 et
1826 1454 1991 1487 absolutas

1249 1508 1316 1541 sore
1342 1512 1531 1547 censentes,
1557 1506 1852 1550 supplicationibus
1878 1517 1991 1539 eorum

1250 1560 1380 1593 nomine
1407 1560 1501 1593 nobis
1528 1570 1627 1602 super
1649 1560 1712 1592 lioe
1730 1559 1898 1592 humiliter
1917 1570 1993 1602 por-

1249 1614 1346 1647 rectis
1374 1612 1531 1652 inelinati,
1559 1613 1598 1645 de
1617 1612 1826 1655 particularis
1851 1612 1993 1655 Congre-

1250 1666 1390 1709 gationis
1416 1667 1653 1699 nonnullorum
1684 1676 1720 1698 ex
1753 1665 1992 1698 venerabilibus

1252 1720 1402 1753 fratribus
1429 1720 1547 1752 nostris
1574 1719 1722 1752 eiusdem
1748 1719 1779 1751 S,
1797 1718 1833 1751 R.
1861 1719 1895 1752 E.
1923 1729 1992 1751 car-

1251 1773 1408 1806 dinalium
1426 1783 1443 1805 a
1468 1772 1561 1805 nobis
1588 1772 1760 1815 deputatae
1783 1771 1931 1812 consilio,
1950 1771 1994 1804 di-

1252 1833 1336 1860 ctum
1362 1831 1518 1859 statutum
1543 1825 1731 1858 Toletanum
1763 1835 1860 1869 super
1884 1824 1992 1858 indul-

1253 1881 1291 1913 tis
1318 1891 1354 1913 ae
1386 1879 1565 1924 privilegiis
1597 1878 1792 1920 lectoribus,
1819 1878 1910 1911 verbi
1935 1878 1991 1911 Dei

1252 1932 1539 1978 praedicatoribus,
1566 1943 1694 1965 necnon
1721 1931 1885 1975 magistris
1909 1931 1994 1964 novi-

1253 1987 1389 2026 tiorum,
1428 1986 1509 2019 sicut
1547 1985 1776 2028 praemittitur,
1802 1984 1990 2023 concessis,

1253 2051 1380 2073 necnon
1407 2040 1468 2073 alia
1494 2043 1612 2071 statuta
1629 2038 1660 2071 in
1678 2037 1828 2081 capitulis
1853 2047 1991 2080 genera-

1252 2094 1336 2127 libus
1358 2092 1483 2126 scilieet
1504 2092 1650 2125 Romano
1670 2096 1701 2124 et
1717 2090 1876 2124 Victoriae
1894 2090 1992 2130 edita,

1251 2153 1286 2180 ut
1310 2146 1519 2190 praefertur,
1553 2145 1747 2177 auctoritate
1779 2143 1961 2187 apostolica
1984 2170 1990 2183 ,

1252 2207 1366 2234 tenore
1394 2197 1625 2243 praesentium,
1644 2198 1859 2236 annullamus,
1888 2205 1993 2230 cassa-

1252 2263 1333 2292 mus,
1361 2253 1558 2294 abrogamus
1585 2257 1616 2283 et
1641 2250 1826 2289 abolemus,
1853 2249 1992 2282 viribus-

1251 2315 1312 2348 que
1338 2310 1369 2337 et
1403 2304 1521 2337 ell'ectu
1548 2313 1733 2343 vacuamus3
1760 2303 1873 2344 sicque
1900 2302 1994 2335 dein-

1251 2368 1328 2400 ceps
1352 2357 1508 2400 praedicti
1536 2357 1685 2392 lectores.
1706 2356 1795 2388 verbi
1822 2355 1877 2388 Dei
1904 2366 1992 2400 prae-

1251 2411 1412 2443 dicatores
1432 2416 1462 2442 et
1478 2409 1624 2452 magistri
1643 2409 1838 2441 novitiorum
1856 2408 1990 2448 indulta,

1250 2462 1423 2505 privilegia
1448 2467 1479 2494 et
1505 2462 1615 2495 titulos
1641 2462 1829 2494 huiusmodi
1856 2462 1992 2494 nullate-

1250 2525 1310 2547 nus
1329 2515 1484 2557 consequi
1510 2516 1657 2553 valeant3
1681 2514 1723 2546 ita
1750 2519 1857 2546 tamen
1883 2519 1917 2546 ut
1942 2524 1991 2546 re-

1250 2568 1379 2611 gulares
1405 2567 1535 2600 Ordinis
1561 2567 1733 2611 praedicti,
1758 2567 1812 2610 qui
1829 2577 1931 2610 usque
1950 2566 1990 2600 ad

1249 2626 1453 2665 praesentem
1491 2620 1575 2654 diem
1612 2620 1673 2654 iam
1701 2620 1785 2654 dieta
1810 2619 1936 2653 indulta
1961 2624 1992 2654 et

1997 236 2045 262 An.
2062 236 2091 263 C.
2114 236 2181 264 1720

1294 409 1307 433 ὃ
1333 391 1361 423 Q,
1388 392 1464 424 Cum
1490 398 1616 430 autem,
1641 392 1723 425 sicut
1752 392 1864 424 eadem
1891 402 1988 434 expo·
2005 403 2184 450 hffibqiptpffiz.

2000 459 2074 476 lorum.
