<?xml version="1.0" encoding="UTF-8"?>
<!DOCTYPE html PUBLIC "-//W3C//DTD XHTML 1.0 Transitional//EN"
    "http://www.w3.org/TR/xhtml1/DTD/xhtml1-transitional.dtd">
<html xmlns="http://www.w3.org/1999/xhtml" xml:lang="en" lang="en">
 <head>
  <title>
</title>
<meta http-equiv="Content-Type" content="text/html;charset=utf-8" />
  <meta name='ocr-system' content='tesseract 3.04.00' />
  <meta name='ocr-capabilities' content='ocr_page ocr_carea ocr_par ocr_line ocrx_word'/>
</head>
<body>
  <div class='ocr_page' id='page_1' title='image "./bullarumdiplomat21cath_1072.png"; bbox 0 0 2269 3203; ppageno 0'>
   <div class='ocr_carea' id='block_1_1' title="bbox 255 209 1198 1634">
    <p class='ocr_par' dir='ltr' id='par_1_1' title="bbox 255 209 1194 733">
     <span class='ocr_line' id='line_1_1' title="bbox 255 209 551 245; baseline -0.007 -2"><span class='ocrx_word' id='word_1_1' title='bbox 255 217 303 244; x_wconf 73' lang='lat' dir='ltr'>An.</span> <span class='ocrx_word' id='word_1_2' title='bbox 322 218 350 245; x_wconf 81' lang='grc'>6.</span> <span class='ocrx_word' id='word_1_3' title='bbox 375 218 441 245; x_wconf 76' lang='lat'>1723</span> <span class='ocrx_word' id='word_1_4' title='bbox 488 209 551 242; x_wconf 70' lang='lat'>0:38</span> 
     </span>
     <span class='ocr_line' id='line_1_2' title="bbox 450 264 1190 311; baseline -0.005 -12"><span class='ocrx_word' id='word_1_5' title='bbox 450 267 578 311; x_wconf 87' lang='lat' dir='ltr'>quoties</span> <span class='ocrx_word' id='word_1_6' title='bbox 598 266 798 300; x_wconf 69' lang='lat' dir='ltr'>denuntiatio</span> <span class='ocrx_word' id='word_1_7' title='bbox 823 264 1008 299; x_wconf 79' lang='lat' dir='ltr'>huiusmodi</span> <span class='ocrx_word' id='word_1_8' title='bbox 1026 264 1108 297; x_wconf 83' lang='lat' dir='ltr'>sacta</span> <span class='ocrx_word' id='word_1_9' title='bbox 1126 273 1190 296; x_wconf 91' lang='lat' dir='ltr'>non</span> 
     </span>
     <span class='ocr_line' id='line_1_3' title="bbox 449 317 1189 361; baseline -0.007 -8"><span class='ocrx_word' id='word_1_10' title='bbox 449 320 564 360; x_wconf 85' lang='lat' dir='ltr'>fuerit,</span> <span class='ocrx_word' id='word_1_11' title='bbox 592 320 668 353; x_wconf 89' lang='lat' dir='ltr'>inde</span> <span class='ocrx_word' id='word_1_12' title='bbox 690 321 767 353; x_wconf 83' lang='lat' dir='ltr'>satis</span> <span class='ocrx_word' id='word_1_13' title='bbox 799 319 985 361; x_wconf 70' lang='lat' dir='ltr'>intelligant</span> <span class='ocrx_word' id='word_1_14' title='bbox 1010 317 1189 360; x_wconf 76' lang='lat' dir='ltr'>regulares,</span> 
     </span>
     <span class='ocr_line' id='line_1_4' title="bbox 450 369 1192 417; baseline -0.007 -11"><span class='ocrx_word' id='word_1_15' title='bbox 450 373 641 417; x_wconf 85' lang='lat' dir='ltr'>episcopum</span> <span class='ocrx_word' id='word_1_16' title='bbox 661 373 890 405; x_wconf 84' lang='lat' dir='ltr'>dioecesanum</span> <span class='ocrx_word' id='word_1_17' title='bbox 909 370 1135 404; x_wconf 83' lang='lat' dir='ltr'>ordinationes</span> <span class='ocrx_word' id='word_1_18' title='bbox 1155 369 1192 401; x_wconf 77' lang='lat' dir='ltr'>ea</span> 
     </span>
     <span class='ocr_line' id='line_1_5' title="bbox 451 421 1193 465; baseline -0.005 -6"><span class='ocrx_word' id='word_1_19' title='bbox 451 427 519 459; x_wconf 85' lang='lat' dir='ltr'>vice</span> <span class='ocrx_word' id='word_1_20' title='bbox 545 426 676 458; x_wconf 81' lang='lat' dir='ltr'>mininie</span> <span class='ocrx_word' id='word_1_21' title='bbox 698 435 768 458; x_wconf 79' lang='lat' dir='ltr'>esse</span> <span class='ocrx_word' id='word_1_22' title='bbox 791 425 987 462; x_wconf 81' lang='lat' dir='ltr'>habiturum,</span> <span class='ocrx_word' id='word_1_23' title='bbox 1006 423 1131 465; x_wconf 83' lang='lat' dir='ltr'>sibique</span> <span class='ocrx_word' id='word_1_24' title='bbox 1146 421 1193 455; x_wconf 88' lang='lat' dir='ltr'>id-</span> 
     </span>
     <span class='ocr_line' id='line_1_6' title="bbox 450 474 1192 511; baseline -0.004 0"><span class='ocrx_word' id='word_1_25' title='bbox 450 478 535 511; x_wconf 88' lang='lat' dir='ltr'>circo</span> <span class='ocrx_word' id='word_1_26' title='bbox 569 478 692 510; x_wconf 88' lang='lat' dir='ltr'>licitum</span> <span class='ocrx_word' id='word_1_27' title='bbox 727 478 867 509; x_wconf 80' lang='lat' dir='ltr'>suun-um</span> <span class='ocrx_word' id='word_1_28' title='bbox 904 475 1038 508; x_wconf 82' lang='lat' dir='ltr'>ordines</span> <span class='ocrx_word' id='word_1_29' title='bbox 1063 475 1103 507; x_wconf 86' lang='lat' dir='ltr'>ab</span> <span class='ocrx_word' id='word_1_30' title='bbox 1129 474 1192 508; x_wconf 85' lang='lat' dir='ltr'>alio</span> 
     </span>
     <span class='ocr_line' id='line_1_7' title="bbox 451 527 1193 574; baseline -0.005 -11"><span class='ocrx_word' id='word_1_31' title='bbox 451 531 605 574; x_wconf 88' lang='lat' dir='ltr'>episcopo</span> <span class='ocrx_word' id='word_1_32' title='bbox 631 530 795 572; x_wconf 78' lang='lat' dir='ltr'>suscipere</span> <span class='ocrx_word' id='word_1_33' title='bbox 814 538 885 561; x_wconf 76' lang='lat' dir='ltr'>cum</span> <span class='ocrx_word' id='word_1_34' title='bbox 906 527 1022 561; x_wconf 86' lang='lat' dir='ltr'>litteris</span> <span class='ocrx_word' id='word_1_35' title='bbox 1047 527 1193 560; x_wconf 87' lang='lat' dir='ltr'>dimisso-</span> 
     </span>
     <span class='ocr_line' id='line_1_8' title="bbox 450 580 1194 625; baseline -0.007 -8"><span class='ocrx_word' id='word_1_36' title='bbox 450 584 507 617; x_wconf 81' lang='lat' dir='ltr'>riis</span> <span class='ocrx_word' id='word_1_37' title='bbox 534 594 551 616; x_wconf 92' lang='lat' dir='ltr'>a</span> <span class='ocrx_word' id='word_1_38' title='bbox 576 594 707 616; x_wconf 86' lang='lat' dir='ltr'>suorum</span> <span class='ocrx_word' id='word_1_39' title='bbox 740 581 947 625; x_wconf 74' lang='lat' dir='ltr'>superiorum</span> <span class='ocrx_word' id='word_1_40' title='bbox 980 581 1019 613; x_wconf 88' lang='lat' dir='ltr'>ad</span> <span class='ocrx_word' id='word_1_41' title='bbox 1047 591 1119 613; x_wconf 90' lang='lat' dir='ltr'>eum</span> <span class='ocrx_word' id='word_1_42' title='bbox 1146 580 1194 613; x_wconf 88' lang='lat' dir='ltr'>di-</span> 
     </span>
     <span class='ocr_line' id='line_1_9' title="bbox 451 631 1192 677; baseline -0.004 -8"><span class='ocrx_word' id='word_1_43' title='bbox 451 637 573 677; x_wconf 82' lang='lat' dir='ltr'>rectis,</span> <span class='ocrx_word' id='word_1_44' title='bbox 613 637 739 669; x_wconf 74' lang='lat' dir='ltr'>servata</span> <span class='ocrx_word' id='word_1_45' title='bbox 772 635 804 668; x_wconf 91' lang='lat' dir='ltr'>in</span> <span class='ocrx_word' id='word_1_46' title='bbox 837 635 875 667; x_wconf 92' lang='lat' dir='ltr'>iis</span> <span class='ocrx_word' id='word_1_47' title='bbox 910 631 1011 667; x_wconf 67' lang='lat' dir='ltr'>forma</span> <span class='ocrx_word' id='word_1_48' title='bbox 1042 633 1192 677; x_wconf 87' lang='lat' dir='ltr'>superius</span> 
     </span>
     <span class='ocr_line' id='line_1_10' title="bbox 453 691 616 733; baseline -0.006 -11"><span class='ocrx_word' id='word_1_49' title='bbox 453 691 616 733; x_wconf 72' lang='lat' dir='ltr'>expressa.</span> 
     </span>
    </p>

    <p class='ocr_par' dir='ltr' id='par_1_2' title="bbox 271 738 1193 787">
     <span class='ocr_line' id='line_1_11' title="bbox 271 738 1193 787; baseline -0.008 -10"><span class='ocrx_word' id='word_1_50' title='bbox 271 756 441 787; x_wconf 20' lang='lat' dir='ltr'>*Epimaran-</span> <span class='ocrx_word' id='word_1_51' title='bbox 496 743 511 786; x_wconf 62' lang='grc' dir='ltr'><strong>ξ</strong></span> <span class='ocrx_word' id='word_1_52' title='bbox 536 741 589 774; x_wconf 82' lang='grc'>18.</span> <span class='ocrx_word' id='word_1_53' title='bbox 617 741 766 784; x_wconf 75' lang='lat' dir='ltr'>Episcopi</span> <span class='ocrx_word' id='word_1_54' title='bbox 792 740 824 773; x_wconf 86' lang='lat' dir='ltr'>in</span> <span class='ocrx_word' id='word_1_55' title='bbox 850 739 1001 773; x_wconf 86' lang='lat' dir='ltr'>omuibus</span> <span class='ocrx_word' id='word_1_56' title='bbox 1021 738 1193 772; x_wconf 85' lang='lat' dir='ltr'>mulierum</span> 
     </span>
    </p>

    <p class='ocr_par' dir='ltr' id='par_1_3' title="bbox 257 785 1196 1315">
     <span class='ocr_line' id='line_1_12' title="bbox 257 785 1193 832; baseline -0.007 -2"><span class='ocrx_word' id='word_1_57' title='bbox 257 785 659 831; x_wconf 52' lang='lat' dir='ltr'>fi&#39;fflssusslssss&#39;ss‘.monasteriis</span> <span class='ocrx_word' id='word_1_58' title='bbox 685 794 746 827; x_wconf 85' lang='lat' dir='ltr'>sibi</span> <span class='ocrx_word' id='word_1_59' title='bbox 773 793 927 826; x_wconf 82' lang='lat' dir='ltr'>subiectis</span> <span class='ocrx_word' id='word_1_60' title='bbox 952 791 1131 832; x_wconf 78' lang='lat' dir='ltr'>ordinaria,</span> <span class='ocrx_word' id='word_1_61' title='bbox 1160 791 1193 824; x_wconf 91' lang='lat' dir='ltr'>in</span> 
     </span>
     <span class='ocr_line' id='line_1_13' title="bbox 453 844 1193 890; baseline -0.008 -7"><span class='ocrx_word' id='word_1_62' title='bbox 453 849 525 883; x_wconf 91' lang='lat' dir='ltr'>aliis</span> <span class='ocrx_word' id='word_1_63' title='bbox 563 859 640 882; x_wconf 88' lang='lat' dir='ltr'>vero</span> <span class='ocrx_word' id='word_1_64' title='bbox 677 847 834 890; x_wconf 79' lang='lat' dir='ltr'>exemptis</span> <span class='ocrx_word' id='word_1_65' title='bbox 876 846 1066 879; x_wconf 87' lang='lat' dir='ltr'>auctoritate</span> <span class='ocrx_word' id='word_1_66' title='bbox 1102 844 1193 878; x_wconf 88' lang='lat' dir='ltr'>Sedis</span> 
     </span>
     <span class='ocr_line' id='line_1_14' title="bbox 452 897 1195 945; baseline -0.008 -10"><span class='ocrx_word' id='word_1_67' title='bbox 452 901 661 945; x_wconf 69' lang='lat' dir='ltr'>Apostolicae</span> <span class='ocrx_word' id='word_1_68' title='bbox 681 901 872 933; x_wconf 74' lang='lat' dir='ltr'>inconcusse</span> <span class='ocrx_word' id='word_1_69' title='bbox 898 897 1060 932; x_wconf 75' lang='lat' dir='ltr'>observari</span> <span class='ocrx_word' id='word_1_70' title='bbox 1079 902 1195 930; x_wconf 85' lang='lat' dir='ltr'>curent</span> 
     </span>
     <span class='ocr_line' id='line_1_15' title="bbox 453 952 1193 999; baseline -0.008 -11"><span class='ocrx_word' id='word_1_71' title='bbox 453 966 534 999; x_wconf 88' lang='lat' dir='ltr'>quae</span> <span class='ocrx_word' id='word_1_72' title='bbox 566 955 650 987; x_wconf 88' lang='lat' dir='ltr'>circa</span> <span class='ocrx_word' id='word_1_73' title='bbox 675 952 973 986; x_wconf 77' lang='lat' dir='ltr'>sanctimonialium</span> <span class='ocrx_word' id='word_1_74' title='bbox 999 952 1193 990; x_wconf 84' lang='lat' dir='ltr'>clausuram,</span> 
     </span>
     <span class='ocr_line' id='line_1_16' title="bbox 451 1004 1196 1050; baseline -0.008 -10"><span class='ocrx_word' id='word_1_75' title='bbox 451 1009 654 1050; x_wconf 82' lang='lat' dir='ltr'>vetitumque</span> <span class='ocrx_word' id='word_1_76' title='bbox 679 1007 712 1039; x_wconf 90' lang='lat' dir='ltr'>in</span> <span class='ocrx_word' id='word_1_77' title='bbox 739 1007 823 1039; x_wconf 81' lang='lat' dir='ltr'>dicta</span> <span class='ocrx_word' id='word_1_78' title='bbox 847 1004 1046 1038; x_wconf 84' lang='lat' dir='ltr'>monasteria</span> <span class='ocrx_word' id='word_1_79' title='bbox 1069 1004 1196 1045; x_wconf 79' lang='lat' dir='ltr'>ingres-</span> 
     </span>
     <span class='ocr_line' id='line_1_17' title="bbox 452 1054 1194 1101; baseline -0.011 -7"><span class='ocrx_word' id='word_1_80' title='bbox 452 1072 535 1101; x_wconf 86' lang='lat' dir='ltr'>sum,</span> <span class='ocrx_word' id='word_1_81' title='bbox 556 1066 620 1093; x_wconf 85' lang='lat' dir='ltr'>tam</span> <span class='ocrx_word' id='word_1_82' title='bbox 640 1060 672 1091; x_wconf 88' lang='lat' dir='ltr'>in</span> <span class='ocrx_word' id='word_1_83' title='bbox 694 1059 833 1092; x_wconf 77' lang='lat' dir='ltr'>decretis</span> <span class='ocrx_word' id='word_1_84' title='bbox 850 1057 1058 1090; x_wconf 82' lang='lat' dir='ltr'>Tridentinae</span> <span class='ocrx_word' id='word_1_85' title='bbox 1076 1054 1194 1098; x_wconf 72' lang='lat' dir='ltr'>Synodi</span> 
     </span>
     <span class='ocr_line' id='line_1_18' title="bbox 454 1108 1195 1157; baseline -0.008 -11"><span class='ocrx_word' id='word_1_86' title='bbox 454 1125 549 1157; x_wconf 85' lang='lat' dir='ltr'>quam</span> <span class='ocrx_word' id='word_1_87' title='bbox 569 1114 600 1145; x_wconf 87' lang='lat' dir='ltr'>in</span> <span class='ocrx_word' id='word_1_88' title='bbox 627 1112 861 1145; x_wconf 87' lang='lat' dir='ltr'>constitutione</span> <span class='ocrx_word' id='word_1_89' title='bbox 887 1110 1000 1143; x_wconf 88' lang='lat' dir='ltr'>similis</span> <span class='ocrx_word' id='word_1_90' title='bbox 1018 1108 1195 1142; x_wconf 81' lang='lat' dir='ltr'>memoriae</span> 
     </span>
     <span class='ocr_line' id='line_1_19' title="bbox 455 1161 1196 1209; baseline -0.011 -9"><span class='ocrx_word' id='word_1_91' title='bbox 455 1166 603 1209; x_wconf 76' lang='lat' dir='ltr'>Gregorii</span> <span class='ocrx_word' id='word_1_92' title='bbox 637 1166 741 1209; x_wconf 86' lang='lat' dir='ltr'>Papae</span> <span class='ocrx_word' id='word_1_93' title='bbox 774 1164 840 1196; x_wconf 72' lang='lat' dir='ltr'>tht</span> <span class='ocrx_word' id='word_1_94' title='bbox 878 1163 973 1195; x_wconf 89' lang='lat' dir='ltr'>etiam</span> <span class='ocrx_word' id='word_1_95' title='bbox 1005 1161 1196 1205; x_wconf 88' lang='lat' dir='ltr'>praedeces-</span> 
     </span>
     <span class='ocr_line' id='line_1_20' title="bbox 455 1213 1196 1253; baseline -0.011 0"><span class='ocrx_word' id='word_1_96' title='bbox 455 1220 536 1253; x_wconf 83' lang='lat' dir='ltr'>soris</span> <span class='ocrx_word' id='word_1_97' title='bbox 563 1219 663 1252; x_wconf 84' lang='lat' dir='ltr'>nostri</span> <span class='ocrx_word' id='word_1_98' title='bbox 690 1218 775 1250; x_wconf 73' lang='lat' dir='ltr'>edita</span> <span class='ocrx_word' id='word_1_99' title='bbox 811 1216 917 1249; x_wconf 91' lang='lat' dir='ltr'>idibus</span> <span class='ocrx_word' id='word_1_100' title='bbox 947 1214 1083 1247; x_wconf 88' lang='lat' dir='ltr'>ianuarii</span> <span class='ocrx_word' id='word_1_101' title='bbox 1120 1213 1196 1246; x_wconf 86' lang='lat' dir='ltr'>anni</span> 
     </span>
     <span class='ocr_line' id='line_1_21' title="bbox 451 1269 1024 1315; baseline -0.012 -8"><span class='ocrx_word' id='word_1_102' title='bbox 451 1282 580 1307; x_wconf 73' lang='lat' dir='ltr'>MDLxxv</span> <span class='ocrx_word' id='word_1_103' title='bbox 606 1271 739 1315; x_wconf 67' lang='lat' dir='ltr'>provide</span> <span class='ocrx_word' id='word_1_104' title='bbox 766 1269 913 1303; x_wconf 88' lang='lat' dir='ltr'>ordinata</span> <span class='ocrx_word' id='word_1_105' title='bbox 938 1273 1024 1301; x_wconf 88' lang='lat' dir='ltr'>sunt.</span> 
     </span>
    </p>

    <p class='ocr_par' dir='ltr' id='par_1_4' title="bbox 273 1319 1197 1369">
     <span class='ocr_line' id='line_1_22' title="bbox 273 1319 1197 1369; baseline -0.005 -12"><span class='ocrx_word' id='word_1_106' title='bbox 273 1336 444 1366; x_wconf 54' lang='lat' dir='ltr'>eanreuaraap.</span> <span class='ocrx_word' id='word_1_107' title='bbox 501 1326 515 1369; x_wconf 69' lang='lat' dir='ltr'>g</span> <span class='ocrx_word' id='word_1_108' title='bbox 546 1325 599 1358; x_wconf 56' lang='lat'>119.</span> <span class='ocrx_word' id='word_1_109' title='bbox 634 1324 878 1368; x_wconf 86' lang='lat' dir='ltr'>Perpendentes</span> <span class='ocrx_word' id='word_1_110' title='bbox 913 1322 1010 1355; x_wconf 86' lang='lat' dir='ltr'>etiam</span> <span class='ocrx_word' id='word_1_111' title='bbox 1047 1319 1197 1353; x_wconf 88' lang='lat' dir='ltr'>christia-</span> 
     </span>
    </p>

    <p class='ocr_par' dir='ltr' id='par_1_5' title="bbox 259 1364 1198 1423">
     <span class='ocr_line' id='line_1_23' title="bbox 259 1364 1198 1423; baseline -0.003 -14"><span class='ocrx_word' id='word_1_112' title='bbox 259 1364 518 1423; x_wconf 32' lang='lat' dir='ltr'>EJ.&#39;‘}”‹3¹1i2d3.ssf¹2i2issnae</span> <span class='ocrx_word' id='word_1_113' title='bbox 543 1378 745 1422; x_wconf 82' lang='lat' dir='ltr'>reipublicae</span> <span class='ocrx_word' id='word_1_114' title='bbox 771 1377 802 1409; x_wconf 90' lang='lat' dir='ltr'>in</span> <span class='ocrx_word' id='word_1_115' title='bbox 835 1376 947 1420; x_wconf 82' lang='lat' dir='ltr'>primis</span> <span class='ocrx_word' id='word_1_116' title='bbox 980 1374 1133 1417; x_wconf 77' lang='lat' dir='ltr'>expedire</span> <span class='ocrx_word' id='word_1_117' title='bbox 1163 1378 1198 1406; x_wconf 81' lang='lat' dir='ltr'>ut</span> 
     </span>
    </p>

    <p class='ocr_par' dir='ltr' id='par_1_6' title="bbox 259 1417 1198 1634">
     <span class='ocr_line' id='line_1_24' title="bbox 259 1417 1197 1474; baseline -0.005 -11"><span class='ocrx_word' id='word_1_118' title='bbox 259 1423 331 1464; x_wconf 50' lang='lat' dir='ltr'>Elii?</span> <span class='ocrx_word' id='word_1_119' title='bbox 360 1417 673 1465; x_wconf 49' lang='lat' dir='ltr'>dloeca*ministerium</span> <span class='ocrx_word' id='word_1_120' title='bbox 699 1442 733 1463; x_wconf 89' lang='lat' dir='ltr'>ac</span> <span class='ocrx_word' id='word_1_121' title='bbox 758 1436 900 1474; x_wconf 83' lang='lat' dir='ltr'>potestas</span> <span class='ocrx_word' id='word_1_122' title='bbox 926 1427 1062 1461; x_wconf 87' lang='lat' dir='ltr'>clavium</span> <span class='ocrx_word' id='word_1_123' title='bbox 1090 1427 1122 1459; x_wconf 90' lang='lat' dir='ltr'>in</span> <span class='ocrx_word' id='word_1_124' title='bbox 1147 1436 1197 1459; x_wconf 91' lang='lat' dir='ltr'>re-</span> 
     </span>
     <span class='ocr_line' id='line_1_25' title="bbox 456 1481 1197 1526; baseline -0.011 -7"><span class='ocrx_word' id='word_1_125' title='bbox 456 1486 624 1519; x_wconf 82' lang='lat' dir='ltr'>mittendis</span> <span class='ocrx_word' id='word_1_126' title='bbox 650 1483 894 1526; x_wconf 87' lang='lat' dir='ltr'>retinendisque</span> <span class='ocrx_word' id='word_1_127' title='bbox 930 1481 1070 1524; x_wconf 84' lang='lat' dir='ltr'>peccatis</span> <span class='ocrx_word' id='word_1_128' title='bbox 1109 1484 1197 1512; x_wconf 87' lang='lat' dir='ltr'>recte</span> 
     </span>
     <span class='ocr_line' id='line_1_26' title="bbox 457 1535 1196 1577; baseline -0.009 -5"><span class='ocrx_word' id='word_1_129' title='bbox 457 1544 662 1577; x_wconf 79' lang='lat' dir='ltr'>exerceatur,</span> <span class='ocrx_word' id='word_1_130' title='bbox 689 1538 890 1570; x_wconf 76' lang='lat' dir='ltr'>declaramus</span> <span class='ocrx_word' id='word_1_131' title='bbox 915 1535 1104 1568; x_wconf 82' lang='lat' dir='ltr'>sacerdotes</span> <span class='ocrx_word' id='word_1_132' title='bbox 1133 1538 1196 1566; x_wconf 88' lang='lat' dir='ltr'>tam</span> 
     </span>
     <span class='ocr_line' id='line_1_27' title="bbox 457 1586 1198 1634; baseline -0.008 -10"><span class='ocrx_word' id='word_1_133' title='bbox 457 1592 641 1625; x_wconf 74' lang='lat' dir='ltr'>saeculares</span> <span class='ocrx_word' id='word_1_134' title='bbox 668 1601 763 1634; x_wconf 85' lang='lat' dir='ltr'>quani</span> <span class='ocrx_word' id='word_1_135' title='bbox 791 1590 967 1631; x_wconf 75' lang='lat' dir='ltr'>regulares,</span> <span class='ocrx_word' id='word_1_136' title='bbox 987 1587 1040 1630; x_wconf 81' lang='lat' dir='ltr'>qui</span> <span class='ocrx_word' id='word_1_137' title='bbox 1066 1587 1105 1619; x_wconf 83' lang='lat' dir='ltr'>ab</span> <span class='ocrx_word' id='word_1_138' title='bbox 1131 1586 1198 1629; x_wconf 88' lang='lat' dir='ltr'>epi-</span> 
     </span>
    </p>
   </div>
   <div class='ocr_carea' id='block_1_2' title="bbox 455 1639 1220 1688">
    <p class='ocr_par' dir='ltr' id='par_1_7' title="bbox 455 1639 1220 1688">
     <span class='ocr_line' id='line_1_28' title="bbox 455 1639 1220 1688; baseline -0.009 -11"><span class='ocrx_word' id='word_1_139' title='bbox 455 1645 565 1688; x_wconf 86' lang='lat' dir='ltr'>scopis</span> <span class='ocrx_word' id='word_1_140' title='bbox 598 1643 801 1677; x_wconf 83' lang='lat' dir='ltr'>obtinuerint</span> <span class='ocrx_word' id='word_1_141' title='bbox 837 1641 1003 1675; x_wconf 82' lang='lat' dir='ltr'>licentiam</span> <span class='ocrx_word' id='word_1_142' title='bbox 1040 1639 1220 1672; x_wconf 45' lang='lat' dir='ltr'>audiendis</span> 
     </span>
    </p>
   </div>
   <div class='ocr_carea' id='block_1_3' title="bbox 454 1692 1200 2058">
    <p class='ocr_par' dir='ltr' id='par_1_8' title="bbox 454 1692 1200 2058">
     <span class='ocr_line' id='line_1_29' title="bbox 456 1692 1197 1736; baseline -0.011 -5"><span class='ocrx_word' id='word_1_143' title='bbox 456 1698 681 1731; x_wconf 81' lang='lat' dir='ltr'>consessiones</span> <span class='ocrx_word' id='word_1_144' title='bbox 701 1695 868 1728; x_wconf 83' lang='lat' dir='ltr'>limitatam</span> <span class='ocrx_word' id='word_1_145' title='bbox 888 1695 938 1726; x_wconf 88' lang='lat' dir='ltr'>vel</span> <span class='ocrx_word' id='word_1_146' title='bbox 962 1692 1070 1736; x_wconf 84' lang='lat' dir='ltr'>quoad</span> <span class='ocrx_word' id='word_1_147' title='bbox 1089 1692 1197 1725; x_wconf 84' lang='lat' dir='ltr'>locum</span> 
     </span>
     <span class='ocr_line' id='line_1_30' title="bbox 454 1745 1196 1794; baseline -0.009 -10"><span class='ocrx_word' id='word_1_148' title='bbox 454 1752 502 1784; x_wconf 83' lang='lat' dir='ltr'>vet</span> <span class='ocrx_word' id='word_1_149' title='bbox 523 1750 629 1794; x_wconf 87' lang='lat' dir='ltr'>quoad</span> <span class='ocrx_word' id='word_1_150' title='bbox 655 1760 758 1792; x_wconf 77' lang='lat' dir='ltr'>genus</span> <span class='ocrx_word' id='word_1_151' title='bbox 776 1757 994 1792; x_wconf 81' lang='lat' dir='ltr'>personarum</span> <span class='ocrx_word' id='word_1_152' title='bbox 1014 1746 1063 1778; x_wconf 84' lang='lat' dir='ltr'>vel</span> <span class='ocrx_word' id='word_1_153' title='bbox 1090 1745 1196 1788; x_wconf 85' lang='lat' dir='ltr'>quoad</span> 
     </span>
     <span class='ocr_line' id='line_1_31' title="bbox 456 1799 1198 1846; baseline -0.009 -10"><span class='ocrx_word' id='word_1_154' title='bbox 456 1810 603 1846; x_wconf 72' lang='lat' dir='ltr'>tempus,</span> <span class='ocrx_word' id='word_1_155' title='bbox 631 1813 696 1835; x_wconf 87' lang='lat' dir='ltr'>nou</span> <span class='ocrx_word' id='word_1_156' title='bbox 722 1812 819 1845; x_wconf 78' lang='lat' dir='ltr'>posse</span> <span class='ocrx_word' id='word_1_157' title='bbox 846 1799 1067 1843; x_wconf 86' lang='lat' dir='ltr'>poenitentiae</span> <span class='ocrx_word' id='word_1_158' title='bbox 1093 1808 1198 1830; x_wconf 89' lang='lat' dir='ltr'>sacra-</span> 
     </span>
     <span class='ocr_line' id='line_1_32' title="bbox 455 1852 1197 1895; baseline -0.007 -6"><span class='ocrx_word' id='word_1_159' title='bbox 455 1862 604 1890; x_wconf 88' lang='lat' dir='ltr'>mentum</span> <span class='ocrx_word' id='word_1_160' title='bbox 630 1855 860 1888; x_wconf 76' lang='lat' dir='ltr'>administrare</span> <span class='ocrx_word' id='word_1_161' title='bbox 883 1858 973 1886; x_wconf 72' lang='lat' dir='ltr'>extra</span> <span class='ocrx_word' id='word_1_162' title='bbox 998 1859 1124 1895; x_wconf 87' lang='lat' dir='ltr'>tempus</span> <span class='ocrx_word' id='word_1_163' title='bbox 1149 1852 1197 1884; x_wconf 84' lang='lat' dir='ltr'>vel</span> 
     </span>
     <span class='ocr_line' id='line_1_33' title="bbox 455 1904 1198 1951; baseline -0.009 -8"><span class='ocrx_word' id='word_1_164' title='bbox 455 1911 565 1943; x_wconf 89' lang='lat' dir='ltr'>locum</span> <span class='ocrx_word' id='word_1_165' title='bbox 592 1910 640 1941; x_wconf 81' lang='lat' dir='ltr'>vel</span> <span class='ocrx_word' id='word_1_166' title='bbox 675 1918 777 1951; x_wconf 83' lang='lat' dir='ltr'>genus</span> <span class='ocrx_word' id='word_1_167' title='bbox 814 1916 1028 1950; x_wconf 83' lang='lat' dir='ltr'>personarum</span> <span class='ocrx_word' id='word_1_168' title='bbox 1054 1905 1093 1938; x_wconf 85' lang='lat' dir='ltr'>ab</span> <span class='ocrx_word' id='word_1_169' title='bbox 1118 1904 1198 1948; x_wconf 85' lang='lat' dir='ltr'>ipsis</span> 
     </span>
     <span class='ocr_line' id='line_1_34' title="bbox 457 1957 1200 2006; baseline -0.007 -11"><span class='ocrx_word' id='word_1_170' title='bbox 457 1963 621 2006; x_wconf 86' lang='lat' dir='ltr'>episcopis</span> <span class='ocrx_word' id='word_1_171' title='bbox 639 1962 887 2004; x_wconf 88' lang='lat' dir='ltr'>praescriptum,</span> <span class='ocrx_word' id='word_1_172' title='bbox 911 1968 1116 2002; x_wconf 86' lang='lat' dir='ltr'>quocumque</span> <span class='ocrx_word' id='word_1_173' title='bbox 1135 1957 1200 2001; x_wconf 89' lang='lat' dir='ltr'>pri-</span> 
     </span>
     <span class='ocr_line' id='line_1_35' title="bbox 455 2011 1199 2058; baseline -0.005 -11"><span class='ocrx_word' id='word_1_174' title='bbox 455 2016 575 2058; x_wconf 75' lang='lat' dir='ltr'>vilegio</span> <span class='ocrx_word' id='word_1_175' title='bbox 595 2015 692 2047; x_wconf 89' lang='lat' dir='ltr'>etiam</span> <span class='ocrx_word' id='word_1_176' title='bbox 714 2013 745 2046; x_wconf 91' lang='lat' dir='ltr'>in</span> <span class='ocrx_word' id='word_1_177' title='bbox 763 2013 825 2045; x_wconf 83' lang='lat' dir='ltr'>vim</span> <span class='ocrx_word' id='word_1_178' title='bbox 852 2013 963 2045; x_wconf 85' lang='lat' dir='ltr'>Bullae</span> <span class='ocrx_word' id='word_1_179' title='bbox 982 2021 1062 2054; x_wconf 86' lang='lat' dir='ltr'>quae</span> <span class='ocrx_word' id='word_1_180' title='bbox 1089 2011 1199 2054; x_wconf 89' lang='lat' dir='ltr'>appel-</span> 
     </span>
    </p>
   </div>
   <div class='ocr_carea' id='block_1_4' title="bbox 455 2063 1222 2107">
    <p class='ocr_par' dir='ltr' id='par_1_9' title="bbox 455 2063 1222 2107">
     <span class='ocr_line' id='line_1_36' title="bbox 455 2063 1222 2107; baseline -0.007 -7"><span class='ocrx_word' id='word_1_181' title='bbox 455 2069 540 2100; x_wconf 88' lang='lat' dir='ltr'>latur</span> <span class='ocrx_word' id='word_1_182' title='bbox 557 2066 722 2100; x_wconf 80' lang='lat' dir='ltr'>Cruciatae</span> <span class='ocrx_word' id='word_1_183' title='bbox 748 2071 877 2098; x_wconf 89' lang='lat' dir='ltr'>sanctae</span> <span class='ocrx_word' id='word_1_184' title='bbox 895 2068 1104 2107; x_wconf 85' lang='lat' dir='ltr'>competente</span> <span class='ocrx_word' id='word_1_185' title='bbox 1129 2063 1200 2095; x_wconf 87' lang='lat' dir='ltr'>nul·</span> <span class='ocrx_word' id='word_1_186' title='bbox 1221 2078 1222 2083; x_wconf 64' lang='lat'>=</span> 
     </span>
    </p>
   </div>
   <div class='ocr_carea' id='block_1_5' title="bbox 456 2115 1204 2641">
    <p class='ocr_par' dir='ltr' id='par_1_10' title="bbox 456 2115 1204 2641">
     <span class='ocr_line' id='line_1_37' title="bbox 456 2115 1199 2163; baseline -0.008 -9"><span class='ocrx_word' id='word_1_187' title='bbox 456 2123 583 2155; x_wconf 81' lang='lat' dir='ltr'>latentis</span> <span class='ocrx_word' id='word_1_188' title='bbox 610 2120 839 2163; x_wconf 75' lang='lat' dir='ltr'>suffragaturo.</span> <span class='ocrx_word' id='word_1_189' title='bbox 868 2118 1010 2161; x_wconf 86' lang='lat' dir='ltr'>Cumque</span> <span class='ocrx_word' id='word_1_190' title='bbox 1036 2117 1122 2150; x_wconf 89' lang='lat' dir='ltr'>idem</span> <span class='ocrx_word' id='word_1_191' title='bbox 1148 2115 1199 2148; x_wconf 89' lang='lat' dir='ltr'>ln-</span> 
     </span>
     <span class='ocr_line' id='line_1_38' title="bbox 457 2170 1199 2217; baseline -0.008 -10"><span class='ocrx_word' id='word_1_192' title='bbox 457 2175 627 2207; x_wconf 82' lang='lat' dir='ltr'>nocentius</span> <span class='ocrx_word' id='word_1_193' title='bbox 663 2174 901 2217; x_wconf 85' lang='lat' dir='ltr'>praedecessor</span> <span class='ocrx_word' id='word_1_194' title='bbox 942 2181 1001 2214; x_wconf 87' lang='lat' dir='ltr'>per</span> <span class='ocrx_word' id='word_1_195' title='bbox 1036 2180 1110 2203; x_wconf 87' lang='lat' dir='ltr'>suas</span> <span class='ocrx_word' id='word_1_196' title='bbox 1148 2170 1199 2202; x_wconf 89' lang='lat' dir='ltr'>die</span> 
     </span>
     <span class='ocr_line' id='line_1_39' title="bbox 457 2222 1200 2270; baseline -0.009 -9"><span class='ocrx_word' id='word_1_197' title='bbox 457 2238 506 2261; x_wconf 76' lang='lat' dir='ltr'>xtx</span> <span class='ocrx_word' id='word_1_198' title='bbox 533 2227 645 2270; x_wconf 80' lang='lat' dir='ltr'>aprilis</span> <span class='ocrx_word' id='word_1_199' title='bbox 672 2226 746 2259; x_wconf 86' lang='lat' dir='ltr'>anni</span> <span class='ocrx_word' id='word_1_200' title='bbox 772 2235 859 2259; x_wconf 76' lang='grc'><strong>1111100</strong></span> <span class='ocrx_word' id='word_1_201' title='bbox 886 2223 1052 2267; x_wconf 82' lang='lat' dir='ltr'>expeditas</span> <span class='ocrx_word' id='word_1_202' title='bbox 1077 2222 1200 2256; x_wconf 82' lang='lat' dir='ltr'>litteras</span> 
     </span>
     <span class='ocr_line' id='line_1_40' title="bbox 459 2276 1201 2314; baseline -0.007 -1"><span class='ocrx_word' id='word_1_203' title='bbox 459 2279 642 2314; x_wconf 81' lang='lat' dir='ltr'>decreverit</span> <span class='ocrx_word' id='word_1_204' title='bbox 655 2278 881 2311; x_wconf 78' lang='lat' dir='ltr'>sacerdotibus</span> <span class='ocrx_word' id='word_1_205' title='bbox 901 2283 962 2310; x_wconf 85' lang='lat' dir='ltr'>tam</span> <span class='ocrx_word' id='word_1_206' title='bbox 982 2276 1201 2310; x_wconf 89' lang='lat' dir='ltr'>saecularibus</span> 
     </span>
     <span class='ocr_line' id='line_1_41' title="bbox 459 2328 1202 2375; baseline -0.003 -13"><span class='ocrx_word' id='word_1_207' title='bbox 459 2343 554 2375; x_wconf 84' lang='lat' dir='ltr'>quam</span> <span class='ocrx_word' id='word_1_208' title='bbox 581 2331 787 2374; x_wconf 70' lang='lat' dir='ltr'>regularibus</span> <span class='ocrx_word' id='word_1_209' title='bbox 812 2340 877 2363; x_wconf 91' lang='lat' dir='ltr'>non</span> <span class='ocrx_word' id='word_1_210' title='bbox 903 2330 1002 2363; x_wconf 85' lang='lat' dir='ltr'>licere</span> <span class='ocrx_word' id='word_1_211' title='bbox 1028 2328 1202 2362; x_wconf 84' lang='lat' dir='ltr'>consessio·</span> 
     </span>
     <span class='ocr_line' id='line_1_42' title="bbox 460 2382 1202 2425; baseline -0.005 -8"><span class='ocrx_word' id='word_1_212' title='bbox 460 2395 518 2417; x_wconf 80' lang='lat' dir='ltr'>nes</span> <span class='ocrx_word' id='word_1_213' title='bbox 544 2395 682 2424; x_wconf 82' lang='lat' dir='ltr'>eorum,</span> <span class='ocrx_word' id='word_1_214' title='bbox 710 2394 725 2416; x_wconf 89' lang='lat' dir='ltr'>a</span> <span class='ocrx_word' id='word_1_215' title='bbox 752 2383 869 2425; x_wconf 87' lang='lat' dir='ltr'>quibus</span> <span class='ocrx_word' id='word_1_216' title='bbox 896 2393 932 2415; x_wconf 83' lang='lat' dir='ltr'>ex</span> <span class='ocrx_word' id='word_1_217' title='bbox 958 2382 1083 2414; x_wconf 86' lang='lat' dir='ltr'>indulto</span> <span class='ocrx_word' id='word_1_218' title='bbox 1109 2391 1202 2423; x_wconf 89' lang='lat' dir='ltr'>prae-</span> 
     </span>
     <span class='ocr_line' id='line_1_43' title="bbox 461 2433 1201 2472; baseline -0.008 -1"><span class='ocrx_word' id='word_1_219' title='bbox 461 2440 565 2472; x_wconf 72' lang='lat' dir='ltr'>dictae</span> <span class='ocrx_word' id='word_1_220' title='bbox 592 2438 703 2470; x_wconf 69' lang='grc' dir='ltr'><strong>13111]οο</strong></span> <span class='ocrx_word' id='word_1_221' title='bbox 730 2436 897 2469; x_wconf 84' lang='lat' dir='ltr'>Cruciatae</span> <span class='ocrx_word' id='word_1_222' title='bbox 915 2435 952 2468; x_wconf 87' lang='lat' dir='ltr'>ad</span> <span class='ocrx_word' id='word_1_223' title='bbox 972 2435 1002 2467; x_wconf 90' lang='lat' dir='ltr'>id</span> <span class='ocrx_word' id='word_1_224' title='bbox 1023 2433 1117 2467; x_wconf 86' lang='lat' dir='ltr'>electi</span> <span class='ocrx_word' id='word_1_225' title='bbox 1136 2433 1201 2466; x_wconf 84' lang='lat' dir='ltr'>sue-</span> 
     </span>
     <span class='ocr_line' id='line_1_44' title="bbox 460 2487 1203 2531; baseline -0.008 -7"><span class='ocrx_word' id='word_1_226' title='bbox 460 2492 534 2531; x_wconf 83' lang='lat' dir='ltr'>rint,</span> <span class='ocrx_word' id='word_1_227' title='bbox 560 2490 684 2528; x_wconf 85' lang='lat' dir='ltr'>audire,</span> <span class='ocrx_word' id='word_1_228' title='bbox 713 2489 833 2531; x_wconf 80' lang='lat' dir='ltr'>absque</span> <span class='ocrx_word' id='word_1_229' title='bbox 852 2487 1060 2531; x_wconf 82' lang='lat' dir='ltr'>praecedenti</span> <span class='ocrx_word' id='word_1_230' title='bbox 1087 2496 1203 2530; x_wconf 88' lang='lat' dir='ltr'>appro-</span> 
     </span>
     <span class='ocr_line' id='line_1_45' title="bbox 460 2538 1202 2582; baseline -0.009 -4"><span class='ocrx_word' id='word_1_231' title='bbox 460 2544 593 2578; x_wconf 76' lang='lat' dir='ltr'>batione</span> <span class='ocrx_word' id='word_1_232' title='bbox 619 2541 779 2576; x_wconf 83' lang='lat' dir='ltr'>Ordiuarii</span> <span class='ocrx_word' id='word_1_233' title='bbox 806 2541 890 2573; x_wconf 85' lang='lat' dir='ltr'>illius</span> <span class='ocrx_word' id='word_1_234' title='bbox 914 2539 977 2573; x_wconf 87' lang='lat' dir='ltr'>loci</span> <span class='ocrx_word' id='word_1_235' title='bbox 1003 2540 1036 2571; x_wconf 94' lang='lat' dir='ltr'>in</span> <span class='ocrx_word' id='word_1_236' title='bbox 1058 2549 1120 2582; x_wconf 90' lang='lat' dir='ltr'>quo</span> <span class='ocrx_word' id='word_1_237' title='bbox 1142 2538 1202 2582; x_wconf 89' lang='lat' dir='ltr'>ipsi</span> 
     </span>
     <span class='ocr_line' id='line_1_46' title="bbox 462 2591 1204 2641; baseline -0.008 -11"><span class='ocrx_word' id='word_1_238' title='bbox 462 2597 669 2641; x_wconf 75' lang='lat' dir='ltr'>poenitentes</span> <span class='ocrx_word' id='word_1_239' title='bbox 707 2595 828 2638; x_wconf 78' lang='lat' dir='ltr'>degunt</span> <span class='ocrx_word' id='word_1_240' title='bbox 859 2598 889 2627; x_wconf 88' lang='lat' dir='ltr'>et</span> <span class='ocrx_word' id='word_1_241' title='bbox 915 2592 1118 2627; x_wconf 77' lang='lat' dir='ltr'>confessores</span> <span class='ocrx_word' id='word_1_242' title='bbox 1146 2591 1204 2627; x_wconf 86' lang='lat' dir='ltr'>eli-</span> 
     </span>
    </p>
   </div>
   <div class='ocr_carea' id='block_1_6' title="bbox 1029 213 1391 240">
    <p class='ocr_par' dir='ltr' id='par_1_11' title="bbox 1029 213 1391 240">
     <span class='ocr_line' id='line_1_47' title="bbox 1029 213 1391 240; baseline -0.006 0"><span class='ocrx_word' id='word_1_243' title='bbox 1029 215 1210 240; x_wconf 73' lang='lat' dir='ltr'>BULLARIUM</span> <span class='ocrx_word' id='word_1_244' title='bbox 1236 213 1391 238; x_wconf 72' lang='lat' dir='ltr'>noMANtul</span> 
     </span>
    </p>
   </div>
   <div class='ocr_carea' id='block_1_7' title="bbox 1212 268 1225 2304">
    <p class='ocr_par' dir='ltr' id='par_1_12' title="bbox 1212 268 1225 2304">
     <span class='ocr_line' id='line_1_48' title="bbox 1212 268 1225 2304; baseline 0 0"><span class='ocrx_word' id='word_1_245' title='bbox 1212 268 1225 2304; x_wconf 95' lang='lat' dir='ltr'> </span> 
     </span>
    </p>
   </div>
   <div class='ocr_carea' id='block_1_8' title="bbox 1234 213 2165 464">
    <p class='ocr_par' dir='ltr' id='par_1_13' title="bbox 1234 213 2165 306">
     <span class='ocr_line' id='line_1_49' title="bbox 1976 213 2165 242; baseline 0.011 -2"><span class='ocrx_word' id='word_1_246' title='bbox 1976 214 2023 241; x_wconf 80' lang='lat' dir='ltr'>An.</span> <span class='ocrx_word' id='word_1_247' title='bbox 2046 213 2074 241; x_wconf 91' lang='lat' dir='ltr'>C.</span> <span class='ocrx_word' id='word_1_248' title='bbox 2097 214 2165 242; x_wconf 74' lang='lat'>1723</span> 
     </span>
     <span class='ocr_line' id='line_1_50' title="bbox 1234 261 2028 306; baseline 0.001 -11"><span class='ocrx_word' id='word_1_249' title='bbox 1234 268 1324 306; x_wconf 80' lang='lat' dir='ltr'>gunt,</span> <span class='ocrx_word' id='word_1_250' title='bbox 1342 262 1466 296; x_wconf 86' lang='lat' dir='ltr'>etiamsi</span> <span class='ocrx_word' id='word_1_251' title='bbox 1482 262 1521 295; x_wconf 90' lang='lat' dir='ltr'>ab</span> <span class='ocrx_word' id='word_1_252' title='bbox 1535 261 1714 296; x_wconf 87' lang='lat' dir='ltr'>Ordinariis</span> <span class='ocrx_word' id='word_1_253' title='bbox 1730 262 1867 296; x_wconf 88' lang='lat' dir='ltr'>aliorum</span> <span class='ocrx_word' id='word_1_254' title='bbox 1886 262 1972 296; x_wconf 80' lang='lat' dir='ltr'>loco·</span> <span class='ocrx_word' id='word_1_255' title='bbox 2025 263 2028 267; x_wconf 89' lang='grc'>’</span> 
     </span>
    </p>

    <p class='ocr_par' dir='ltr' id='par_1_14' title="bbox 1234 314 1973 411">
     <span class='ocr_line' id='line_1_51' title="bbox 1234 314 1971 359; baseline 0.001 -12"><span class='ocrx_word' id='word_1_256' title='bbox 1234 326 1307 348; x_wconf 87' lang='lat' dir='ltr'>rum</span> <span class='ocrx_word' id='word_1_257' title='bbox 1320 321 1414 349; x_wconf 85' lang='lat' dir='ltr'>antea</span> <span class='ocrx_word' id='word_1_258' title='bbox 1430 314 1605 359; x_wconf 83' lang='lat' dir='ltr'>approbati</span> <span class='ocrx_word' id='word_1_259' title='bbox 1626 314 1770 355; x_wconf 82' lang='lat' dir='ltr'>fuissent,</span> <span class='ocrx_word' id='word_1_260' title='bbox 1788 325 1823 347; x_wconf 86' lang='lat' dir='ltr'>ac</span> <span class='ocrx_word' id='word_1_261' title='bbox 1845 315 1971 348; x_wconf 83' lang='lat' dir='ltr'>etiamsi</span> 
     </span>
     <span class='ocr_line' id='line_1_52' title="bbox 1234 367 1973 411; baseline -0.001 -10"><span class='ocrx_word' id='word_1_262' title='bbox 1234 369 1439 411; x_wconf 86' lang='lat' dir='ltr'>poenitentes</span> <span class='ocrx_word' id='word_1_263' title='bbox 1464 367 1641 401; x_wconf 85' lang='lat' dir='ltr'>Ordinariis</span> <span class='ocrx_word' id='word_1_264' title='bbox 1665 367 1741 409; x_wconf 86' lang='lat' dir='ltr'>illis,</span> <span class='ocrx_word' id='word_1_265' title='bbox 1767 367 1821 411; x_wconf 91' lang='lat' dir='ltr'>qui</span> <span class='ocrx_word' id='word_1_266' title='bbox 1847 368 1973 401; x_wconf 85' lang='lat' dir='ltr'>conses-</span> 
     </span>
    </p>

    <p class='ocr_par' dir='ltr' id='par_1_15' title="bbox 1235 419 1974 464">
     <span class='ocr_line' id='line_1_53' title="bbox 1235 419 1974 464; baseline 0 -11"><span class='ocrx_word' id='word_1_267' title='bbox 1235 431 1324 454; x_wconf 86' lang='lat' dir='ltr'>sores</span> <span class='ocrx_word' id='word_1_268' title='bbox 1349 422 1470 454; x_wconf 87' lang='lat' dir='ltr'>eleetos</span> <span class='ocrx_word' id='word_1_269' title='bbox 1495 421 1750 464; x_wconf 85' lang='lat' dir='ltr'>approbassent,</span> <span class='ocrx_word' id='word_1_270' title='bbox 1777 419 1898 453; x_wconf 88' lang='lat' dir='ltr'>subditi</span> <span class='ocrx_word' id='word_1_271' title='bbox 1924 430 1974 453; x_wconf 88' lang='grc'>65-</span> 
     </span>
    </p>
   </div>
   <div class='ocr_carea' id='block_1_9' title="bbox 1213 473 1971 514">
    <p class='ocr_par' dir='ltr' id='par_1_16' title="bbox 1213 473 1971 514">
     <span class='ocr_line' id='line_1_54' title="bbox 1213 473 1971 514; baseline 0 -8"><span class='ocrx_word' id='word_1_272' title='bbox 1213 501 1214 510; x_wconf 66' lang='grc'><strong>,</strong></span> <span class='ocrx_word' id='word_1_273' title='bbox 1234 479 1317 514; x_wconf 81' lang='lat' dir='ltr'>sent,</span> <span class='ocrx_word' id='word_1_274' title='bbox 1338 485 1464 508; x_wconf 88' lang='lat' dir='ltr'>necnon</span> <span class='ocrx_word' id='word_1_275' title='bbox 1491 474 1716 508; x_wconf 87' lang='lat' dir='ltr'>consessiones</span> <span class='ocrx_word' id='word_1_276' title='bbox 1742 474 1836 506; x_wconf 87' lang='lat' dir='ltr'>aliter</span> <span class='ocrx_word' id='word_1_277' title='bbox 1859 473 1971 514; x_wconf 79' lang='lat' dir='ltr'>saetas,</span> 
     </span>
    </p>
   </div>
   <div class='ocr_carea' id='block_1_10' title="bbox 1235 526 1978 1100">
    <p class='ocr_par' dir='ltr' id='par_1_17' title="bbox 1235 526 1978 1100">
     <span class='ocr_line' id='line_1_55' title="bbox 1235 526 1974 570; baseline -0.001 -11"><span class='ocrx_word' id='word_1_278' title='bbox 1235 537 1272 559; x_wconf 85' lang='lat' dir='ltr'>ac</span> <span class='ocrx_word' id='word_1_279' title='bbox 1297 527 1473 570; x_wconf 84' lang='lat' dir='ltr'>respective</span> <span class='ocrx_word' id='word_1_280' title='bbox 1497 532 1658 570; x_wconf 80' lang='lat' dir='ltr'>exceptas,</span> <span class='ocrx_word' id='word_1_281' title='bbox 1677 528 1784 560; x_wconf 89' lang='lat' dir='ltr'>nullas</span> <span class='ocrx_word' id='word_1_282' title='bbox 1801 527 1882 566; x_wconf 86' lang='lat' dir='ltr'>sore,</span> <span class='ocrx_word' id='word_1_283' title='bbox 1902 526 1974 559; x_wconf 83' lang='lat' dir='ltr'>irri-</span> 
     </span>
     <span class='ocr_line' id='line_1_56' title="bbox 1237 579 1972 622; baseline 0.001 -10"><span class='ocrx_word' id='word_1_284' title='bbox 1237 585 1282 612; x_wconf 85' lang='lat' dir='ltr'>tas</span> <span class='ocrx_word' id='word_1_285' title='bbox 1300 585 1332 612; x_wconf 89' lang='lat' dir='ltr'>et</span> <span class='ocrx_word' id='word_1_286' title='bbox 1348 580 1518 620; x_wconf 85' lang='lat' dir='ltr'>invalidas,</span> <span class='ocrx_word' id='word_1_287' title='bbox 1542 585 1573 612; x_wconf 87' lang='lat' dir='ltr'>et</span> <span class='ocrx_word' id='word_1_288' title='bbox 1590 580 1797 613; x_wconf 84' lang='lat' dir='ltr'>confessores</span> <span class='ocrx_word' id='word_1_289' title='bbox 1814 580 1885 622; x_wconf 89' lang='lat' dir='ltr'>ipso</span> <span class='ocrx_word' id='word_1_290' title='bbox 1903 579 1972 613; x_wconf 91' lang='lat' dir='ltr'>iure</span> 
     </span>
     <span class='ocr_line' id='line_1_57' title="bbox 1236 632 1975 676; baseline -0.001 -11"><span class='ocrx_word' id='word_1_291' title='bbox 1236 643 1413 676; x_wconf 84' lang='lat' dir='ltr'>suspensos</span> <span class='ocrx_word' id='word_1_292' title='bbox 1440 643 1532 666; x_wconf 86' lang='lat' dir='ltr'>esse:</span> <span class='ocrx_word' id='word_1_293' title='bbox 1559 643 1629 673; x_wconf 87' lang='lat' dir='ltr'>nos,</span> <span class='ocrx_word' id='word_1_294' title='bbox 1648 633 1795 666; x_wconf 86' lang='lat' dir='ltr'>eamdem</span> <span class='ocrx_word' id='word_1_295' title='bbox 1817 632 1975 666; x_wconf 86' lang='lat' dir='ltr'>constitu-</span> 
     </span>
     <span class='ocr_line' id='line_1_58' title="bbox 1236 684 1976 729; baseline -0.001 -11"><span class='ocrx_word' id='word_1_296' title='bbox 1236 686 1359 718; x_wconf 83' lang='lat' dir='ltr'>tionem</span> <span class='ocrx_word' id='word_1_297' title='bbox 1378 687 1608 729; x_wconf 83' lang='lat' dir='ltr'>approbantes,</span> <span class='ocrx_word' id='word_1_298' title='bbox 1625 685 1851 719; x_wconf 83' lang='lat' dir='ltr'>confirmantes</span> <span class='ocrx_word' id='word_1_299' title='bbox 1870 689 1903 718; x_wconf 86' lang='lat' dir='ltr'>et</span> <span class='ocrx_word' id='word_1_300' title='bbox 1926 684 1976 717; x_wconf 90' lang='lat' dir='ltr'>in-</span> 
     </span>
     <span class='ocr_line' id='line_1_59' title="bbox 1236 737 1975 782; baseline -0.001 -11"><span class='ocrx_word' id='word_1_301' title='bbox 1236 744 1404 778; x_wconf 86' lang='lat' dir='ltr'>novantes,</span> <span class='ocrx_word' id='word_1_302' title='bbox 1425 739 1628 772; x_wconf 84' lang='lat' dir='ltr'>declaramus</span> <span class='ocrx_word' id='word_1_303' title='bbox 1645 739 1782 782; x_wconf 84' lang='lat' dir='ltr'>insuper</span> <span class='ocrx_word' id='word_1_304' title='bbox 1798 737 1975 782; x_wconf 88' lang='lat' dir='ltr'>praedictis</span> 
     </span>
     <span class='ocr_line' id='line_1_60' title="bbox 1237 791 1978 834; baseline 0 -10"><span class='ocrx_word' id='word_1_305' title='bbox 1237 792 1461 825; x_wconf 85' lang='lat' dir='ltr'>sacerdotibus</span> <span class='ocrx_word' id='word_1_306' title='bbox 1487 796 1551 824; x_wconf 88' lang='lat' dir='ltr'>tam</span> <span class='ocrx_word' id='word_1_307' title='bbox 1575 791 1798 824; x_wconf 85' lang='lat' dir='ltr'>saecularibus</span> <span class='ocrx_word' id='word_1_308' title='bbox 1817 801 1912 834; x_wconf 85' lang='lat' dir='ltr'>quam</span> <span class='ocrx_word' id='word_1_309' title='bbox 1930 801 1978 824; x_wconf 87' lang='lat' dir='ltr'>re-</span> 
     </span>
     <span class='ocr_line' id='line_1_61' title="bbox 1238 844 1977 888; baseline 0.001 -11"><span class='ocrx_word' id='word_1_310' title='bbox 1238 845 1406 888; x_wconf 82' lang='lat' dir='ltr'>gularibus</span> <span class='ocrx_word' id='word_1_311' title='bbox 1436 845 1474 878; x_wconf 86' lang='lat' dir='ltr'>ad</span> <span class='ocrx_word' id='word_1_312' title='bbox 1509 844 1734 878; x_wconf 81' lang='lat' dir='ltr'>consessiones</span> <span class='ocrx_word' id='word_1_313' title='bbox 1768 844 1977 888; x_wconf 78' lang='lat' dir='ltr'>excipiendas</span> 
     </span>
     <span class='ocr_line' id='line_1_62' title="bbox 1238 897 1976 941; baseline 0 -10"><span class='ocrx_word' id='word_1_314' title='bbox 1238 899 1286 931; x_wconf 85' lang='lat' dir='ltr'>vel</span> <span class='ocrx_word' id='word_1_315' title='bbox 1305 909 1342 931; x_wconf 82' lang='lat' dir='ltr'>ex</span> <span class='ocrx_word' id='word_1_316' title='bbox 1358 898 1387 930; x_wconf 92' lang='lat' dir='ltr'>vi</span> <span class='ocrx_word' id='word_1_317' title='bbox 1405 897 1590 941; x_wconf 85' lang='lat' dir='ltr'>praedictae</span> <span class='ocrx_word' id='word_1_318' title='bbox 1606 898 1717 931; x_wconf 87' lang='lat' dir='ltr'>Bullae</span> <span class='ocrx_word' id='word_1_319' title='bbox 1742 897 1910 930; x_wconf 87' lang='lat' dir='ltr'>Cruciatae</span> <span class='ocrx_word' id='word_1_320' title='bbox 1926 898 1976 931; x_wconf 87' lang='lat' dir='ltr'>vel</span> 
     </span>
     <span class='ocr_line' id='line_1_63' title="bbox 1238 949 1976 994; baseline 0.001 -13"><span class='ocrx_word' id='word_1_321' title='bbox 1238 960 1274 982; x_wconf 79' lang='lat' dir='ltr'>ex</span> <span class='ocrx_word' id='word_1_322' title='bbox 1312 961 1521 994; x_wconf 82' lang='lat' dir='ltr'>quocumque</span> <span class='ocrx_word' id='word_1_323' title='bbox 1558 950 1621 982; x_wconf 89' lang='lat' dir='ltr'>alio</span> <span class='ocrx_word' id='word_1_324' title='bbox 1654 949 1824 993; x_wconf 82' lang='lat' dir='ltr'>privilegio</span> <span class='ocrx_word' id='word_1_325' title='bbox 1863 949 1976 983; x_wconf 88' lang='lat' dir='ltr'>electis</span> 
     </span>
     <span class='ocr_line' id='line_1_64' title="bbox 1238 1002 1976 1046; baseline -0.001 -10"><span class='ocrx_word' id='word_1_326' title='bbox 1238 1003 1405 1046; x_wconf 73' lang='lat' dir='ltr'>suffragari</span> <span class='ocrx_word' id='word_1_327' title='bbox 1449 1003 1583 1035; x_wconf 89' lang='lat' dir='ltr'>minime</span> <span class='ocrx_word' id='word_1_328' title='bbox 1629 1002 1725 1035; x_wconf 85' lang='lat' dir='ltr'>etiam</span> <span class='ocrx_word' id='word_1_329' title='bbox 1764 1010 1859 1045; x_wconf 85' lang='lat' dir='ltr'>posse</span> <span class='ocrx_word' id='word_1_330' title='bbox 1888 1002 1976 1045; x_wconf 84' lang='lat' dir='ltr'>quod</span> 
     </span>
     <span class='ocr_line' id='line_1_65' title="bbox 1239 1055 1975 1100; baseline -0.003 -11"><span class='ocrx_word' id='word_1_331' title='bbox 1239 1056 1410 1100; x_wconf 84' lang='lat' dir='ltr'>approbati</span> <span class='ocrx_word' id='word_1_332' title='bbox 1437 1057 1516 1089; x_wconf 77' lang='lat' dir='ltr'>alias</span> <span class='ocrx_word' id='word_1_333' title='bbox 1534 1055 1654 1089; x_wconf 87' lang='lat' dir='ltr'>suerint</span> <span class='ocrx_word' id='word_1_334' title='bbox 1671 1055 1711 1088; x_wconf 85' lang='lat' dir='ltr'>ab</span> <span class='ocrx_word' id='word_1_335' title='bbox 1732 1055 1888 1099; x_wconf 81' lang='lat' dir='ltr'>episcopo</span> <span class='ocrx_word' id='word_1_336' title='bbox 1905 1055 1975 1095; x_wconf 89' lang='lat' dir='ltr'>illo,</span> 
     </span>
    </p>
   </div>
   <div class='ocr_carea' id='block_1_11' title="bbox 1216 1107 1979 1152">
    <p class='ocr_par' dir='ltr' id='par_1_18' title="bbox 1216 1107 1979 1152">
     <span class='ocr_line' id='line_1_66' title="bbox 1216 1107 1979 1152; baseline -0.003 -10"><span class='ocrx_word' id='word_1_337' title='bbox 1216 1124 1219 1136; x_wconf 62' lang='grc' dir='ltr'><strong>ι</strong></span> <span class='ocrx_word' id='word_1_338' title='bbox 1239 1109 1295 1152; x_wconf 89' lang='lat' dir='ltr'>qui</span> <span class='ocrx_word' id='word_1_339' title='bbox 1317 1109 1492 1152; x_wconf 83' lang='lat' dir='ltr'>aliquando</span> <span class='ocrx_word' id='word_1_340' title='bbox 1518 1108 1615 1142; x_wconf 90' lang='lat' dir='ltr'>suerit</span> <span class='ocrx_word' id='word_1_341' title='bbox 1637 1107 1828 1141; x_wconf 83' lang='lat' dir='ltr'>Ordinarius</span> <span class='ocrx_word' id='word_1_342' title='bbox 1851 1107 1924 1147; x_wconf 87' lang='lat' dir='ltr'>loci,</span> <span class='ocrx_word' id='word_1_343' title='bbox 1945 1107 1979 1140; x_wconf 89' lang='lat' dir='ltr'>in</span> 
     </span>
    </p>
   </div>
   <div class='ocr_carea' id='block_1_12' title="bbox 1239 1160 1984 1838">
    <p class='ocr_par' dir='ltr' id='par_1_19' title="bbox 1239 1160 1984 1838">
     <span class='ocr_line' id='line_1_67' title="bbox 1240 1160 1979 1205; baseline -0.001 -11"><span class='ocrx_word' id='word_1_344' title='bbox 1240 1173 1302 1205; x_wconf 87' lang='lat' dir='ltr'>qua</span> <span class='ocrx_word' id='word_1_345' title='bbox 1334 1162 1559 1195; x_wconf 82' lang='lat' dir='ltr'>consessiones</span> <span class='ocrx_word' id='word_1_346' title='bbox 1591 1161 1774 1194; x_wconf 83' lang='lat' dir='ltr'>audiendae</span> <span class='ocrx_word' id='word_1_347' title='bbox 1809 1160 1896 1201; x_wconf 84' lang='lat' dir='ltr'>sint,</span> <span class='ocrx_word' id='word_1_348' title='bbox 1920 1160 1979 1194; x_wconf 88' lang='lat' dir='ltr'>sed</span> 
     </span>
     <span class='ocr_line' id='line_1_68' title="bbox 1239 1213 1976 1258; baseline -0.001 -11"><span class='ocrx_word' id='word_1_349' title='bbox 1239 1215 1312 1247; x_wconf 81' lang='lat' dir='ltr'>talis</span> <span class='ocrx_word' id='word_1_350' title='bbox 1345 1220 1422 1247; x_wconf 89' lang='lat' dir='ltr'>tunc</span> <span class='ocrx_word' id='word_1_351' title='bbox 1455 1214 1609 1258; x_wconf 84' lang='lat' dir='ltr'>temporis</span> <span class='ocrx_word' id='word_1_352' title='bbox 1644 1213 1782 1257; x_wconf 84' lang='lat' dir='ltr'>amplius</span> <span class='ocrx_word' id='word_1_353' title='bbox 1817 1224 1882 1247; x_wconf 90' lang='lat' dir='ltr'>non</span> <span class='ocrx_word' id='word_1_354' title='bbox 1907 1213 1976 1247; x_wconf 80' lang='lat' dir='ltr'>exi-</span> 
     </span>
     <span class='ocr_line' id='line_1_69' title="bbox 1240 1267 1980 1311; baseline -0.001 -11"><span class='ocrx_word' id='word_1_355' title='bbox 1240 1273 1311 1309; x_wconf 85' lang='lat' dir='ltr'>stat,</span> <span class='ocrx_word' id='word_1_356' title='bbox 1331 1268 1381 1300; x_wconf 88' lang='lat' dir='ltr'>vel</span> <span class='ocrx_word' id='word_1_357' title='bbox 1400 1268 1473 1311; x_wconf 90' lang='lat' dir='ltr'>quia</span> <span class='ocrx_word' id='word_1_358' title='bbox 1491 1268 1530 1300; x_wconf 84' lang='lat' dir='ltr'>ab</span> <span class='ocrx_word' id='word_1_359' title='bbox 1552 1267 1702 1300; x_wconf 86' lang='lat' dir='ltr'>humanis</span> <span class='ocrx_word' id='word_1_360' title='bbox 1719 1267 1909 1307; x_wconf 79' lang='lat' dir='ltr'>excesserit,</span> <span class='ocrx_word' id='word_1_361' title='bbox 1926 1271 1980 1299; x_wconf 82' lang='lat' dir='ltr'>aut</span> 
     </span>
     <span class='ocr_line' id='line_1_70' title="bbox 1240 1319 1980 1365; baseline -0.001 -11"><span class='ocrx_word' id='word_1_362' title='bbox 1240 1321 1441 1365; x_wconf 84' lang='lat' dir='ltr'>episcopatui</span> <span class='ocrx_word' id='word_1_363' title='bbox 1480 1320 1733 1360; x_wconf 82' lang='lat' dir='ltr'>renuntiaverit,</span> <span class='ocrx_word' id='word_1_364' title='bbox 1758 1320 1808 1353; x_wconf 90' lang='lat' dir='ltr'>vel</span> <span class='ocrx_word' id='word_1_365' title='bbox 1837 1319 1913 1362; x_wconf 85' lang='lat' dir='ltr'>quia</span> <span class='ocrx_word' id='word_1_366' title='bbox 1940 1319 1980 1353; x_wconf 85' lang='lat' dir='ltr'>ad</span> 
     </span>
     <span class='ocr_line' id='line_1_71' title="bbox 1240 1371 1982 1415; baseline -0.004 -8"><span class='ocrx_word' id='word_1_367' title='bbox 1240 1374 1335 1407; x_wconf 83' lang='lat' dir='ltr'>aliam</span> <span class='ocrx_word' id='word_1_368' title='bbox 1371 1374 1542 1407; x_wconf 84' lang='lat' dir='ltr'>ecclesiam</span> <span class='ocrx_word' id='word_1_369' title='bbox 1575 1372 1768 1406; x_wconf 88' lang='lat' dir='ltr'>auctoritate</span> <span class='ocrx_word' id='word_1_370' title='bbox 1800 1371 1982 1415; x_wconf 72' lang='lat' dir='ltr'>apostolica</span> 
     </span>
     <span class='ocr_line' id='line_1_72' title="bbox 1241 1425 1982 1468; baseline -0.003 -9"><span class='ocrx_word' id='word_1_371' title='bbox 1241 1427 1414 1459; x_wconf 81' lang='lat' dir='ltr'>translatus</span> <span class='ocrx_word' id='word_1_372' title='bbox 1440 1426 1646 1468; x_wconf 85' lang='lat' dir='ltr'>reperiatur;</span> <span class='ocrx_word' id='word_1_373' title='bbox 1681 1425 1737 1458; x_wconf 90' lang='lat' dir='ltr'>sed</span> <span class='ocrx_word' id='word_1_374' title='bbox 1762 1425 1982 1458; x_wconf 85' lang='lat' dir='ltr'>necessariam</span> 
     </span>
     <span class='ocr_line' id='line_1_73' title="bbox 1241 1477 1982 1520; baseline -0.003 -8"><span class='ocrx_word' id='word_1_375' title='bbox 1241 1479 1374 1512; x_wconf 88' lang='lat' dir='ltr'>omniuo</span> <span class='ocrx_word' id='word_1_376' title='bbox 1400 1489 1471 1512; x_wconf 79' lang='lat' dir='ltr'>esse</span> <span class='ocrx_word' id='word_1_377' title='bbox 1497 1478 1592 1517; x_wconf 91' lang='lat' dir='ltr'>illius,</span> <span class='ocrx_word' id='word_1_378' title='bbox 1611 1477 1665 1520; x_wconf 91' lang='lat' dir='ltr'>qui</span> <span class='ocrx_word' id='word_1_379' title='bbox 1684 1477 1853 1510; x_wconf 82' lang='lat' dir='ltr'>actualiter</span> <span class='ocrx_word' id='word_1_380' title='bbox 1870 1482 1901 1509; x_wconf 88' lang='lat' dir='ltr'>et</span> <span class='ocrx_word' id='word_1_381' title='bbox 1922 1486 1982 1519; x_wconf 92' lang='lat' dir='ltr'>pro</span> 
     </span>
     <span class='ocr_line' id='line_1_74' title="bbox 1240 1529 1983 1575; baseline -0.003 -10"><span class='ocrx_word' id='word_1_382' title='bbox 1240 1538 1386 1575; x_wconf 85' lang='lat' dir='ltr'>tempore</span> <span class='ocrx_word' id='word_1_383' title='bbox 1404 1531 1603 1565; x_wconf 79' lang='lat' dir='ltr'>ordinariam</span> <span class='ocrx_word' id='word_1_384' title='bbox 1621 1530 1875 1563; x_wconf 86' lang='lat' dir='ltr'>iurisdictionem</span> <span class='ocrx_word' id='word_1_385' title='bbox 1892 1529 1925 1562; x_wconf 92' lang='lat' dir='ltr'>in</span> <span class='ocrx_word' id='word_1_386' title='bbox 1946 1530 1983 1563; x_wconf 71' lang='lat' dir='ltr'>ea</span> 
     </span>
     <span class='ocr_line' id='line_1_75' title="bbox 1241 1582 1982 1627; baseline -0.004 -9"><span class='ocrx_word' id='word_1_387' title='bbox 1241 1584 1384 1618; x_wconf 83' lang='lat' dir='ltr'>dioecesi</span> <span class='ocrx_word' id='word_1_388' title='bbox 1411 1588 1570 1623; x_wconf 60' lang='lat' dir='ltr'>exerceat,</span> <span class='ocrx_word' id='word_1_389' title='bbox 1591 1583 1876 1627; x_wconf 85' lang='lat' dir='ltr'>approbationem.</span> <span class='ocrx_word' id='word_1_390' title='bbox 1895 1582 1982 1615; x_wconf 88' lang='lat' dir='ltr'>Haec</span> 
     </span>
     <span class='ocr_line' id='line_1_76' title="bbox 1242 1635 1982 1679; baseline -0.001 -10"><span class='ocrx_word' id='word_1_391' title='bbox 1242 1643 1348 1669; x_wconf 85' lang='lat' dir='ltr'>tamen</span> <span class='ocrx_word' id='word_1_392' title='bbox 1375 1636 1566 1679; x_wconf 73' lang='lat' dir='ltr'>suffragetur</span> <span class='ocrx_word' id='word_1_393' title='bbox 1600 1635 1694 1669; x_wconf 78' lang='lat' dir='ltr'>etiam</span> <span class='ocrx_word' id='word_1_394' title='bbox 1732 1635 1846 1676; x_wconf 87' lang='lat' dir='ltr'>tacita,</span> <span class='ocrx_word' id='word_1_395' title='bbox 1880 1645 1982 1678; x_wconf 86' lang='lat' dir='ltr'>eaque</span> 
     </span>
     <span class='ocr_line' id='line_1_77' title="bbox 1241 1688 1983 1732; baseline -0.001 -9"><span class='ocrx_word' id='word_1_396' title='bbox 1241 1690 1355 1723; x_wconf 83' lang='lat' dir='ltr'>adesse</span> <span class='ocrx_word' id='word_1_397' title='bbox 1382 1694 1563 1729; x_wconf 86' lang='lat' dir='ltr'>censeatur,</span> <span class='ocrx_word' id='word_1_398' title='bbox 1585 1699 1756 1732; x_wconf 87' lang='lat' dir='ltr'>quousque</span> <span class='ocrx_word' id='word_1_399' title='bbox 1782 1688 1983 1731; x_wconf 85' lang='lat' dir='ltr'>praecedens</span> 
     </span>
     <span class='ocr_line' id='line_1_78' title="bbox 1241 1741 1983 1786; baseline -0.001 -10"><span class='ocrx_word' id='word_1_400' title='bbox 1241 1743 1373 1777; x_wconf 77' lang='lat' dir='ltr'>licentia</span> <span class='ocrx_word' id='word_1_401' title='bbox 1402 1743 1467 1775; x_wconf 89' lang='lat' dir='ltr'>sive</span> <span class='ocrx_word' id='word_1_402' title='bbox 1493 1742 1688 1786; x_wconf 87' lang='lat' dir='ltr'>approbatio</span> <span class='ocrx_word' id='word_1_403' title='bbox 1715 1741 1810 1774; x_wconf 87' lang='lat' dir='ltr'>duret</span> <span class='ocrx_word' id='word_1_404' title='bbox 1834 1746 1867 1774; x_wconf 89' lang='lat' dir='ltr'>et</span> <span class='ocrx_word' id='word_1_405' title='bbox 1892 1751 1983 1775; x_wconf 91' lang='lat' dir='ltr'>revo-</span> 
     </span>
     <span class='ocr_line' id='line_1_79' title="bbox 1242 1795 1984 1838; baseline -0.003 -9"><span class='ocrx_word' id='word_1_406' title='bbox 1242 1802 1312 1830; x_wconf 83' lang='lat' dir='ltr'>cata</span> <span class='ocrx_word' id='word_1_407' title='bbox 1347 1797 1385 1829; x_wconf 89' lang='lat' dir='ltr'>ab</span> <span class='ocrx_word' id='word_1_408' title='bbox 1419 1807 1457 1830; x_wconf 88' lang='lat' dir='ltr'>eo</span> <span class='ocrx_word' id='word_1_409' title='bbox 1493 1806 1559 1829; x_wconf 90' lang='lat' dir='ltr'>non</span> <span class='ocrx_word' id='word_1_410' title='bbox 1593 1796 1708 1836; x_wconf 80' lang='lat' dir='ltr'>suerit;</span> <span class='ocrx_word' id='word_1_411' title='bbox 1745 1795 1779 1828; x_wconf 93' lang='lat' dir='ltr'>in</span> <span class='ocrx_word' id='word_1_412' title='bbox 1813 1805 1876 1838; x_wconf 91' lang='lat' dir='ltr'>quo</span> <span class='ocrx_word' id='word_1_413' title='bbox 1908 1805 1984 1828; x_wconf 90' lang='lat' dir='ltr'>casu</span> 
     </span>
    </p>
   </div>
   <div class='ocr_carea' id='block_1_13' title="bbox 1220 1845 1982 1892">
    <p class='ocr_par' dir='ltr' id='par_1_20' title="bbox 1220 1845 1982 1892">
     <span class='ocr_line' id='line_1_80' title="bbox 1220 1845 1982 1892; baseline -0.003 -9"><span class='ocrx_word' id='word_1_414' title='bbox 1220 1845 1323 1883; x_wconf 52' lang='lat' dir='ltr'>&#39;nova</span> <span class='ocrx_word' id='word_1_415' title='bbox 1360 1855 1393 1882; x_wconf 88' lang='lat' dir='ltr'>et</span> <span class='ocrx_word' id='word_1_416' title='bbox 1424 1859 1577 1892; x_wconf 78' lang='lat' dir='ltr'>expressa</span> <span class='ocrx_word' id='word_1_417' title='bbox 1609 1848 1814 1892; x_wconf 88' lang='lat' dir='ltr'>impetranda</span> <span class='ocrx_word' id='word_1_418' title='bbox 1846 1848 1929 1888; x_wconf 89' lang='lat' dir='ltr'>erit,</span> <span class='ocrx_word' id='word_1_419' title='bbox 1955 1848 1982 1882; x_wconf 91' lang='lat' dir='ltr'>si</span> 
     </span>
    </p>
   </div>
   <div class='ocr_carea' id='block_1_14' title="bbox 1241 1901 2180 2581">
    <p class='ocr_par' dir='ltr' id='par_1_21' title="bbox 1241 1901 1984 2094">
     <span class='ocr_line' id='line_1_81' title="bbox 1242 1901 1983 1946; baseline -0.004 -10"><span class='ocrx_word' id='word_1_420' title='bbox 1242 1903 1314 1942; x_wconf 88' lang='lat' dir='ltr'>illa,</span> <span class='ocrx_word' id='word_1_421' title='bbox 1333 1903 1568 1946; x_wconf 84' lang='lat' dir='ltr'>praecedenter</span> <span class='ocrx_word' id='word_1_422' title='bbox 1586 1901 1734 1940; x_wconf 86' lang='lat' dir='ltr'>obtenta,</span> <span class='ocrx_word' id='word_1_423' title='bbox 1753 1901 1802 1934; x_wconf 90' lang='lat' dir='ltr'>vel</span> <span class='ocrx_word' id='word_1_424' title='bbox 1828 1911 1886 1944; x_wconf 90' lang='lat' dir='ltr'>per</span> <span class='ocrx_word' id='word_1_425' title='bbox 1904 1907 1983 1933; x_wconf 87' lang='lat' dir='ltr'>tem-</span> 
     </span>
     <span class='ocr_line' id='line_1_82' title="bbox 1241 1953 1982 1998; baseline -0.003 -10"><span class='ocrx_word' id='word_1_426' title='bbox 1241 1955 1332 1998; x_wconf 88' lang='lat' dir='ltr'>poris</span> <span class='ocrx_word' id='word_1_427' title='bbox 1358 1954 1514 1997; x_wconf 87' lang='lat' dir='ltr'>adscripti</span> <span class='ocrx_word' id='word_1_428' title='bbox 1540 1955 1665 1997; x_wconf 84' lang='lat' dir='ltr'>lapsum</span> <span class='ocrx_word' id='word_1_429' title='bbox 1692 1953 1906 1996; x_wconf 78' lang='lat' dir='ltr'>expiraverit,</span> <span class='ocrx_word' id='word_1_430' title='bbox 1933 1953 1982 1986; x_wconf 85' lang='lat' dir='ltr'>vel</span> 
     </span>
     <span class='ocr_line' id='line_1_83' title="bbox 1242 2005 1984 2052; baseline -0.004 -11"><span class='ocrx_word' id='word_1_431' title='bbox 1242 2018 1302 2052; x_wconf 90' lang='lat' dir='ltr'>per</span> <span class='ocrx_word' id='word_1_432' title='bbox 1333 2007 1552 2051; x_wconf 82' lang='lat' dir='ltr'>posteriorum</span> <span class='ocrx_word' id='word_1_433' title='bbox 1585 2005 1824 2039; x_wconf 85' lang='lat' dir='ltr'>revocationem</span> <span class='ocrx_word' id='word_1_434' title='bbox 1856 2005 1984 2038; x_wconf 88' lang='lat' dir='ltr'>sublata</span> 
     </span>
     <span class='ocr_line' id='line_1_84' title="bbox 1243 2061 1759 2094; baseline -0.004 0"><span class='ocrx_word' id='word_1_435' title='bbox 1243 2061 1368 2094; x_wconf 86' lang='lat' dir='ltr'>suisset.</span> <span class='ocrx_word' id='word_1_436' title='bbox 1756 2084 1759 2087; x_wconf 80' lang='grc'><strong>-</strong></span> 
     </span>
    </p>

    <p class='ocr_par' dir='ltr' id='par_1_22' title="bbox 1243 2112 2180 2581">
     <span class='ocr_line' id='line_1_85' title="bbox 1287 2112 2180 2164; baseline -0.004 -16"><span class='ocrx_word' id='word_1_437' title='bbox 1287 2115 1302 2158; x_wconf 65' lang='grc' dir='ltr'><strong>ἓ</strong></span> <span class='ocrx_word' id='word_1_438' title='bbox 1327 2114 1380 2148; x_wconf 76' lang='lat'>⁶20.</span> <span class='ocrx_word' id='word_1_439' title='bbox 1407 2113 1613 2147; x_wconf 86' lang='lat' dir='ltr'>Meminerint</span> <span class='ocrx_word' id='word_1_440' title='bbox 1646 2122 1777 2156; x_wconf 89' lang='lat' dir='ltr'>quoque</span> <span class='ocrx_word' id='word_1_441' title='bbox 1812 2112 2180 2164; x_wconf 46' lang='lat' dir='ltr'>regularesnffiartggssstn}</span> 
     </span>
     <span class='ocr_line' id='line_1_86' title="bbox 1244 2149 2180 2217; baseline -0.006 -15"><span class='ocrx_word' id='word_1_442' title='bbox 1244 2180 1278 2202; x_wconf 86' lang='lat' dir='ltr'>se</span> <span class='ocrx_word' id='word_1_443' title='bbox 1297 2168 1449 2211; x_wconf 80' lang='lat' dir='ltr'>excipere</span> <span class='ocrx_word' id='word_1_444' title='bbox 1467 2177 1533 2200; x_wconf 91' lang='lat' dir='ltr'>non</span> <span class='ocrx_word' id='word_1_445' title='bbox 1559 2177 1655 2210; x_wconf 86' lang='lat' dir='ltr'>posse</span> <span class='ocrx_word' id='word_1_446' title='bbox 1674 2165 1897 2199; x_wconf 80' lang='lat' dir='ltr'>confessiones</span> <span class='ocrx_word' id='word_1_447' title='bbox 1916 2150 2034 2216; x_wconf 52' lang='grc' dir='ltr'>1110-ξζὲἰ</span> <span class='ocrx_word' id='word_1_448' title='bbox 2057 2149 2180 2217; x_wconf 54' lang='lat' dir='ltr'>”zssssgffil</span> 
     </span>
     <span class='ocr_line' id='line_1_87' title="bbox 1243 2212 2047 2261; baseline -0.007 -6"><span class='ocrx_word' id='word_1_449' title='bbox 1243 2220 1390 2261; x_wconf 84' lang='lat' dir='ltr'>nialium,</span> <span class='ocrx_word' id='word_1_450' title='bbox 1409 2219 1534 2253; x_wconf 89' lang='lat' dir='ltr'>tametsi</span> <span class='ocrx_word' id='word_1_451' title='bbox 1561 2229 1672 2253; x_wconf 90' lang='lat' dir='ltr'>eorum</span> <span class='ocrx_word' id='word_1_452' title='bbox 1696 2217 1848 2261; x_wconf 84' lang='lat' dir='ltr'>regimini</span> <span class='ocrx_word' id='word_1_453' title='bbox 1874 2222 1906 2251; x_wconf 87' lang='lat' dir='ltr'>et</span> <span class='ocrx_word' id='word_1_454' title='bbox 1930 2212 2047 2260; x_wconf 65' lang='lat' dir='ltr'>gii-ium-</span> 
     </span>
     <span class='ocr_line' id='line_1_88' title="bbox 1244 2270 1986 2312; baseline -0.005 -5"><span class='ocrx_word' id='word_1_455' title='bbox 1244 2274 1360 2307; x_wconf 87' lang='lat' dir='ltr'>bernio</span> <span class='ocrx_word' id='word_1_456' title='bbox 1386 2273 1551 2306; x_wconf 85' lang='lat' dir='ltr'>subiectae</span> <span class='ocrx_word' id='word_1_457' title='bbox 1577 2272 1657 2312; x_wconf 85' lang='lat' dir='ltr'>sint,</span> <span class='ocrx_word' id='word_1_458' title='bbox 1683 2270 1755 2311; x_wconf 88' lang='lat' dir='ltr'>nisi,</span> <span class='ocrx_word' id='word_1_459' title='bbox 1776 2272 1860 2303; x_wconf 85' lang='lat' dir='ltr'>ultra</span> <span class='ocrx_word' id='word_1_460' title='bbox 1883 2270 1986 2304; x_wconf 88' lang='lat' dir='ltr'>licen-</span> 
     </span>
     <span class='ocr_line' id='line_1_89' title="bbox 1244 2322 1984 2369; baseline -0.005 -10"><span class='ocrx_word' id='word_1_461' title='bbox 1244 2326 1320 2359; x_wconf 81' lang='lat' dir='ltr'>tiam</span> <span class='ocrx_word' id='word_1_462' title='bbox 1359 2336 1490 2360; x_wconf 83' lang='lat' dir='ltr'>suorum</span> <span class='ocrx_word' id='word_1_463' title='bbox 1516 2326 1735 2369; x_wconf 85' lang='lat' dir='ltr'>praelatorum</span> <span class='ocrx_word' id='word_1_464' title='bbox 1771 2322 1984 2366; x_wconf 80' lang='lat' dir='ltr'>regularium,</span> 
     </span>
     <span class='ocr_line' id='line_1_90' title="bbox 1245 2376 1987 2423; baseline -0.005 -10"><span class='ocrx_word' id='word_1_465' title='bbox 1245 2380 1419 2423; x_wconf 82' lang='lat' dir='ltr'>praecedat</span> <span class='ocrx_word' id='word_1_466' title='bbox 1437 2389 1573 2412; x_wconf 79' lang='lat' dir='ltr'>examen</span> <span class='ocrx_word' id='word_1_467' title='bbox 1591 2387 1698 2411; x_wconf 87' lang='lat' dir='ltr'>coram</span> <span class='ocrx_word' id='word_1_468' title='bbox 1723 2376 1882 2420; x_wconf 86' lang='lat' dir='ltr'>episcopo</span> <span class='ocrx_word' id='word_1_469' title='bbox 1901 2377 1987 2410; x_wconf 89' lang='lat' dir='ltr'>dioe-</span> 
     </span>
     <span class='ocr_line' id='line_1_91' title="bbox 1246 2428 1987 2472; baseline -0.005 -7"><span class='ocrx_word' id='word_1_470' title='bbox 1246 2442 1363 2465; x_wconf 81' lang='lat' dir='ltr'>cesano</span> <span class='ocrx_word' id='word_1_471' title='bbox 1408 2430 1590 2464; x_wconf 78' lang='lat' dir='ltr'>faciendum</span> <span class='ocrx_word' id='word_1_472' title='bbox 1609 2456 1616 2469; x_wconf 91' lang='lat'>,</span> <span class='ocrx_word' id='word_1_473' title='bbox 1658 2429 1794 2472; x_wconf 85' lang='lat' dir='ltr'>eiusque</span> <span class='ocrx_word' id='word_1_474' title='bbox 1835 2428 1987 2471; x_wconf 87' lang='lat' dir='ltr'>specialis</span> 
     </span>
     <span class='ocr_line' id='line_1_92' title="bbox 1247 2481 1985 2528; baseline -0.005 -10"><span class='ocrx_word' id='word_1_475' title='bbox 1247 2484 1353 2528; x_wconf 84' lang='lat' dir='ltr'>quoad</span> <span class='ocrx_word' id='word_1_476' title='bbox 1372 2483 1596 2517; x_wconf 83' lang='lat' dir='ltr'>consessiones</span> <span class='ocrx_word' id='word_1_477' title='bbox 1613 2482 1773 2515; x_wconf 85' lang='lat' dir='ltr'>dictarum</span> <span class='ocrx_word' id='word_1_478' title='bbox 1794 2481 1985 2514; x_wconf 83' lang='lat' dir='ltr'>monialium</span> 
     </span>
     <span class='ocr_line' id='line_1_93' title="bbox 1247 2536 1987 2581; baseline -0.007 -11"><span class='ocrx_word' id='word_1_479' title='bbox 1247 2537 1440 2581; x_wconf 85' lang='lat' dir='ltr'>approbatio</span> <span class='ocrx_word' id='word_1_480' title='bbox 1456 2547 1464 2576; x_wconf 91' lang='grc'>;</span> <span class='ocrx_word' id='word_1_481' title='bbox 1493 2536 1615 2568; x_wconf 67' lang='lat' dir='ltr'>remota</span> <span class='ocrx_word' id='word_1_482' title='bbox 1634 2544 1838 2578; x_wconf 87' lang='lat' dir='ltr'>quacumque</span> <span class='ocrx_word' id='word_1_483' title='bbox 1856 2538 1987 2566; x_wconf 82' lang='lat' dir='ltr'>contra-</span> 
     </span>
    </p>
   </div>
   <div class='ocr_carea' id='block_1_15' title="bbox 1247 2585 1984 2625">
    <p class='ocr_par' dir='ltr' id='par_1_23' title="bbox 1247 2585 1984 2625">
     <span class='ocr_line' id='line_1_94' title="bbox 1247 2585 1984 2625; baseline -0.007 -1"><span class='ocrx_word' id='word_1_484' title='bbox 1247 2591 1294 2624; x_wconf 76' lang='lat' dir='ltr'>ria</span> <span class='ocrx_word' id='word_1_485' title='bbox 1319 2587 1555 2625; x_wconf 84' lang='lat' dir='ltr'>consuetudine</span> <span class='ocrx_word' id='word_1_486' title='bbox 1587 2587 1684 2622; x_wconf 88' lang='lat' dir='ltr'>etiam</span> <span class='ocrx_word' id='word_1_487' title='bbox 1719 2585 1984 2621; x_wconf 84' lang='lat' dir='ltr'>immemorabili.</span> 
     </span>
    </p>
   </div>
  </div>
 </body>
</html>
