2269 3203
301 226 397 253 Amo.
419 225 483 252 ¹710
529 217 592 250 368

494 275 614 308 annulo
652 275 849 315 piscatoris,
891 276 942 309 die
980 286 1053 309 xvilt
1098 274 1232 308 ianuarii

493 337 610 367 ninccx,
630 328 834 371 pontificatus
860 329 961 361 nostri
983 340 1067 362 anno
1093 339 1121 362 x.

529 390 587 417 Dat.
607 390 650 418 die
670 392 699 418 18
716 391 830 418 ianuarii
849 391 926 423 1710,
944 391 1040 426 pontif.
1058 399 1129 418 auno
1145 400 1170 417 x.

497 576 739 617 Confirmmitur
769 575 901 617 ressitlczc
930 586 988 619 pro
1021 576 1154 619 colleyio
1181 576 1234 609 As-

535 628 666 660 sisiensi
691 628 977 661 missionoriorum
1013 628 1148 662 Ordinis
1172 629 1233 662 Mi-

536 691 652 713 norum
679 681 953 714 szventualium
968 681 987 715 ¹⁴

701 751 834 778 Clemens
855 753 935 786 Papa
954 752 1008 783 XI,

623 795 659 822 ad
687 796 819 823 futuram
846 797 890 824 rei
917 797 1100 824 memoriam.

537 856 655 890 Crediti
683 858 775 890 nobis
794 857 927 891 caelitus
945 858 1139 891 sacrosancti
1159 870 1233 903 apo-

493 911 630 943 stolatus
649 910 743 944 officii
771 912 852 944 ratio
875 911 985 954 exigit,
1004 917 1038 944 ut
1055 911 1131 951 iltis,
1149 923 1232 955 quae

493 974 552 1006 pro
571 963 784 1006 collegiorum
800 974 856 997 seu
873 964 1135 1006 seminariorum,
1147 965 1233 998 cliri-

493 1015 614 1048 stianae
653 1016 819 1059 religionis
856 1017 1088 1060 propagandae
1121 1017 1233 1050 catho-

493 1069 639 1112 licaeque
656 1068 732 1102 fidei
752 1070 890 1103 tuendae
912 1069 1050 1103 consilio
1068 1069 1233 1114 sapienter
1253 1093 1254 1096 =

493 1122 731 1162 institutorum,
759 1123 937 1156 directione
974 1122 1125 1167 felicique
1159 1134 1255 1167 pro-¹

494 1185 604 1217 gressu
634 1176 769 1219 provide
794 1175 970 1209 constituta
996 1187 1066 1209 esse
1092 1187 1232 1209 noscun-

493 1234 552 1269 tur,
575 1240 638 1272 quo
664 1229 788 1262 firmius
813 1229 990 1262 subsistant
1012 1234 1042 1262 et
1061 1235 1233 1263 Serventur

493 1282 645 1322 exactius,
666 1283 836 1326 apostolici
863 1283 1051 1316 muniminis
1076 1284 1233 1327 adiunga-

493 1346 562 1368 mus
589 1335 787 1368 firmitatem.

298 1396 340 1441 3.ίέ
360 1396 482 1444 ,ἷέἓῗιᾞῑὶξ
724 1441 728 1446 .
1039 1442 1044 1447 .
1211 1443 1218 1451 =

297 1450 482 1501 fissssssu'rssiffl‘ffiii
496 1451 555 1483 per
579 1441 781 1474 venerabiles
808 1443 920 1475 fratres
945 1448 1045 1475 nostri
1071 1442 1101 1475 S.
1131 1442 1168 1475 R.
1195 1443 1229 1475 L.

298 1503 388 1548 prame?
426 1506 482 1550 ιηῆιι-
495 1494 694 1535 cardinales,
719 1495 858 1536 negotiis
884 1495 1131 1538 prropagandae
1158 1495 1231 1528 fidei

298 1535 483 1603 βῗέξὲὼῑῖἒῗὲἑιξῖ
494 1547 694 1590 praepositi,
722 1547 808 1590 quod
835 1547 920 1589 <cum
946 1558 1004 1580 nos
1029 1548 1119 1587 alias,
1147 1548 1233 1580 iuxta

299 1614 340 1634 qun
379 1599 660 1632 coenubmdocretum
685 1600 773 1643 quod
799 1599 907 1642 prius,
935 1610 1052 1643 nempe
1084 1601 1116 1633 in
1153 1600 1233 1634 Con-

298 1635 325 1655 ad
345 1635 409 1655 instar
429 1636 483 1656 iltius

299 1662 320 1681 s.
338 1652 682 1698 igaufflugeigregatione
716 1653 906 1685 eorumdem
943 1653 1155 1686 cardinalium
1182 1653 1233 1687 die

298 1688 388 1734 {iim
404 1688 428 1709 ὼ
446 1689 529 1737 Lr'111
548 1703 690 1736 octobris
709 1712 845 1736 iioccvil
867 1713 975 1736 coram
998 1703 1092 1737 nobis
1113 1705 1231 1745 habito,

494 1756 714 1797 edicteramus,
743 1757 868 1790 dilectis
906 1756 979 1790 filiis
1017 1759 1230 1801 quorumdam

493 1809 723 1852 religiosorum
736 1809 890 1842 Ordinum
906 1810 1129 1853 superioribus
1146 1822 1221 1854 prae

492 1862 704 1906 cepissemus,
722 1867 757 1894 ut
782 1863 913 1896 omnino
939 1869 970 1896 et
995 1864 1231 1907 quamprimum

492 1927 552 1949 suo
578 1916 697 1960 quique
731 1915 760 1948 in
788 1915 907 1949 Ordine
939 1922 1131 1950 conventum
1168 1918 1229 1950 ali-

492 1980 588 2012 quem
619 1969 716 2002 veluti
735 1980 795 2013 pro
814 1969 988 2003 seminario
1010 1970 1233 2003 missionario-
1253 1983 1255 1986 ·

492 2032 570 2062 rum,
590 2022 627 2054 ad
648 2022 748 2055 instar
774 2023 1025 2056 seminariorum
1052 2035 1106 2056 seu
1134 2025 1232 2057 eolle-

492 2076 618 2117 giorum
653 2075 683 2107 in
714 2075 743 2108 S.
773 2076 932 2109 Pancratii
959 2087 1061 2120 prope
1089 2083 1120 2109 ct
1145 2083 1232 2110 extra

491 2138 598 2161 muros
623 2128 712 2161 Urbis
731 2128 859 2161 Ordinis
887 2130 1019 2162 fratrum
1042 2130 1156 2163 beatae
1174 2130 1232 2163 Ma-

528 2218 537 2241 t
562 2216 709 2243 lnnoceutii
730 2216 760 2243 xt
783 2218 888 2244 constit.
911 2218 975 2244 edit.
997 2225 1166 2252 Μῡυωκκνι,
1189 2219 1231 2245 die

492 2259 523 2285 16
543 2260 670 2292 octobris,
686 2261 779 2294 pontif.
802 2268 827 2287 xi
849 2262 1004 2289 confirmata
1026 2262 1100 2289 fuere
1121 2263 1232 2297 collegia

490 2303 722 2331 missiouariorum
753 2313 799 2340 pro
829 2305 976 2332 Minoribus
1005 2307 1030 2333 S.
1053 2306 1187 2333 Francisci
1204 2307 1230 2333 in
1252 2329 1253 2333 ,

490 2347 617 2382 Hispania
643 2352 669 2374 et
697 2348 779 2375 lndiis
803 2349 1041 2382 Occidentalibus;
1063 2351 1142 2377 huius
1163 2351 1231 2378 Pon-
1251 2363 1253 2387 3

489 2391 569 2417 tificis
585 2391 693 2418 constit.
715 2392 779 2418 edit.
793 2399 882 2426 trucci,
901 2392 943 2419 die
959 2393 993 2419 30
1010 2394 1083 2424 maii,
1098 2394 1194 2428 pontis.
1211 2401 1229 2426 t,
1251 2392 1253 2395 ’

489 2439 608 2462 erectum
628 2436 674 2462 fuit
689 2436 830 2471 collegium
847 2437 874 2462 in
894 2441 1027 2463 conventu
1042 2437 1229 2470 Urbinatensi;
1251 2432 1253 2440 ’

489 2484 516 2506 et
536 2480 673 2506 Benedicti
703 2480 761 2506 thl
791 2481 898 2507 constit.
920 2481 986 2507 edit.
1017 2488 1164 2514 nocexxiv,
1186 2482 1231 2509 die

489 2524 523 2550 20
542 2524 626 2558 iunii,
648 2524 744 2558 pontis.
765 2531 783 2557 t,
804 2525 982 2552 confirmatur
1001 2527 1103 2553 erectio
1124 2526 1230 2561 collegii

490 2568 515 2594 in
537 2568 673 2603 provincis]
701 2568 832 2595 castellae
854 2568 957 2596 Veteris
983 2570 1097 2596 fratrum
1128 2570 1229 2597 Discat-

489 2615 636 2640 ceatoruui.

1076 227 1255 251 ttt'titAtttt'M
1280 227 1433 251 nontnmt

538 1388 552 1430 ξ
578 1387 608 1420 ’1.
635 1388 863 1431 Exposuerunt
884 1389 1044 1432 siquidem
1064 1389 1159 1422 nobis
1178 1400 1233 1422 nu-
1253 1408 1255 1415 ·

2024 228 2072 255 An.
2093 227 2121 255 C.
2140 228 2208 256 ¹7¹0

1277 274 1342 307 riae
1376 274 1515 318 Virginis
1551 274 1590 307 de
1622 274 1727 308 Monte
1760 274 1907 309 Carmelo
1946 275 2013 308 Dis-

1254 337 1256 352 1
1277 327 1493 360 calceatorum
1516 332 1786 370 nuncupatorum,
1812 332 1844 360 et
1868 328 1899 361 S.
1928 328 2013 362 Petri

1277 379 1309 412 in
1328 379 1432 413 Monte
1461 380 1566 412 Aureo
1592 380 1631 413 de
1653 380 1765 413 eadem
1784 380 1868 413 Urbe
1886 380 2015 414 Ordinis

1253 433 1409 485 'fratrum
1449 433 1608 466 ltlinorum
1645 432 1746 465 sancti
1786 432 1948 467 Francisci
1974 434 2013 467 de

1277 485 1484 519 Observantia
1502 486 1760 519 Reformatoruin
1778 485 1874 519 etiarn
1893 496 2014 519 nuncu-

1254 552 1256 584 ς
1278 543 1422 581 potorum
1443 538 1656 571 conventibus
1681 538 1864 582 respective
1889 539 2016 572 institu-

1254 585 1256 630 Ξ
1280 597 1397 630 torum,
1423 592 1626 635 deputarent,
1654 591 1686 624 in
1712 602 1776 634 quo
1801 591 1855 624 diu
1881 602 1916 625 ac
1942 592 2015 626 dili-

1278 650 1394 687 genter
1420 645 1545 678 vocatio
1578 649 1609 677 et
1635 644 1768 687 spiritus
1798 655 1930 685 eorum,
1960 645 2013 689 qui

1254 695 1256 738 j
1278 697 1486 730 missionibus
1512 697 1767 737 destinarentur,
1793 698 2012 741 probaretur,

1277 752 1388 795 illique
1414 751 1511 784 etium
1538 751 1657 784 ibidem
1684 751 1724 784 de
1750 751 1912 791 omnibus,
1933 763 2014 795 quac

1276 805 1314 837 ad
1344 804 1406 838 lioc
1438 804 1654 848 apostolicum
1692 804 1908 837 ministerium
1943 815 2013 837 cuin

1277 857 1369 890 laudo
1384 862 1415 889 et
1435 857 1538 890 fructu
1560 857 1779 890 exercendum
1798 856 1889 890 utilia
1908 862 1937 890 et
1959 868 2015 890 ne—

1276 910 1419 943 cessaria
1456 910 1581 950 forent,
1614 910 1711 953 plene
1748 909 2012 950 instruerentur·‚

1277 967 1436 1005 quatenus
1455 973 1529 996 vero
1555 962 1588 995 in
1610 962 1718 1006 aliquo
1736 962 1856 995 Ordine
1878 973 2015 995 conven-

1277 1021 1326 1048 tus
1353 1016 1537 1049 huiusmodi
1564 1016 1736 1049 destinatio
1761 1016 1799 1048 ad
1825 1015 1913 1048 bunc
1939 1015 2015 1049 etl'e-

1276 1073 1361 1101 ctum
1381 1073 1503 1102 tantum
1530 1079 1593 1102 non
1623 1073 1684 1102 tam
1710 1068 1774 1102 cito
1800 1068 1867 1101 sieri
1890 1073 2013 1112 posset,

1277 1122 1380 1155 donec
1401 1133 1438 1155 ea
1462 1122 1565 1163 fieret,
1586 1132 1623 1155 ea
1640 1121 1748 1155 omnia
1766 1120 1796 1153 in
1815 1120 1924 1164 aliquo
1939 1132 2015 1154 con-

1278 1180 1373 1208 ventu
1398 1176 1447 1208 vel
1475 1175 1571 1208 domo
1604 1175 1750 1208 eiusdem
1784 1173 1933 1214 Ordinis,
1959 1175 2013 1208 ubi

1277 1228 1436 1271 regularis
1450 1229 1656 1262 observantia
1671 1228 1773 1270 magis
1792 1228 1924 1271 vigeret,
1940 1238 2014 1261 exc-

1276 1281 1399 1314 cutioni
1425 1282 1672 1324 mandarentur)
1691 1281 1876 1321 novissime,
1896 1291 2013 1325 nempe
2036 1290 2209 1319 ‚conexum-⁴³-

2005 1335 2011 1341 ,
2023 1322 2112 1337 srsrvnm
2143 1317 2209 1338 an-

1277 1336 1327 1369 die
1357 1345 1433 1369 xxm
1458 1335 1651 1379 septembris
1675 1344 1815 1375 nnccix,
1842 1341 2011 1368 memorati
2024 1343 2210 1391 'rx-ixlqaelaffivffinna‘-

1277 1388 1458 1421 cardinales
1496 1388 1670 1430 collegium
1708 1398 1765 1420 seu
1803 1387 2013 1420 seminarium
2048 1386 2050 1389 ’
2203 1387 2208 1392 ”

1279 1440 1462 1473 huiusmodi
1481 1451 1542 1484 pro
1563 1440 1780 1473 missionariis
1805 1439 1935 1473 Ordinis
1954 1440 2016 1472 sra-

1254 1499 1255 1510 ¹
1277 1498 1359 1528 trum
1385 1494 1541 1527 Minorum
1568 1493 1668 1526 sancti
1689 1493 1851 1526 Francisci
1873 1492 2017 1526 Conven-

1278 1547 1411 1580 tualium
1436 1551 1695 1590 nuncupatorum
1711 1572 1718 1586 ‚
1743 1556 1777 1579 re
1802 1550 1928 1579 mature
1953 1546 2017 1579 dis-

1278 1603 1387 1640 cussd,
1418 1600 1450 1632 in
1476 1605 1636 1633 conventu
1663 1598 1836 1633 Assisiensi
1869 1599 2015 1633 eiusdem

1277 1653 1415 1694 Ordinis,
1430 1654 1517 1686 iuxta
1535 1653 1730 1686 oblationem
1746 1652 1853 1686 dilecti
1872 1652 1929 1686 filii
1947 1664 2016 1686 mo-

1254 1734 1255 1744 ,
1278 1707 1370 1740 derni
1399 1706 1537 1739 ministri
1564 1706 1725 1749 generalis
1751 1706 1852 1749 ipsius
1873 1705 2015 1746 Ordinis,

1277 1760 1380 1793 donec
1405 1759 1496 1793 aliter
1527 1759 1754 1802 provideatur,
1787 1759 2015 1792 destinandum

1278 1823 1347 1846 esse
1373 1813 1601 1852 decreverunt,
1621 1822 1656 1845 ac
1676 1811 1815 1855 proinde
1842 1811 1960 1845 dilecto
1982 1811 2016 1843 fi-

1277 1866 1320 1899 lio
1338 1869 1446 1899 nostro
1464 1865 1600 1908 Ioseplio
1621 1865 1766 1898 eiusdem
1784 1864 1814 1897 S.
1840 1865 1876 1897 R.
1896 1864 1931 1897 E.
1951 1875 2016 1897 car-

1253 1919 1377 1953 ldinali
1413 1919 1599 1952 Vallemano
1636 1923 1849 1961 nuncupato,
1886 1917 2014 1951 Ordinis

1276 1972 1433 2015 praedieti
1459 1971 1544 2014 apud
1575 1981 1632 2004 nos
1658 1976 1689 2003 et
1712 1970 1828 2003 Sedem
1855 1970 2016 2014 Apostoli-

1253 2047 1255 2062 2
1277 2036 1344 2058 cam
1365 2024 1556 2068 protectori,
1574 2033 1699 2056 necnon
1726 2023 1845 2056 dilecto
1872 2022 1937 2057 filio
1954 2034 2016 2057 ma-

1253 2066 1376 2120 igistro
1401 2077 1508 2121 Sylvio
1544 2077 1582 2110 de
1619 2076 1793 2110 Cax'aleriis
1819 2077 1848 2108 in
1875 2079 2014 2120 utraque

1276 2131 1443 2173 signatura]
1482 2132 1591 2163 nostr-2¹
1628 2129 1869 2170 referendario,
1911 2130 2014 2163 dictae

1275 2183 1544 2226 Congregationis
1571 2182 1785 2215 cardinalium
1810 2182 1988 2215 secretario
2005 2209 2012 2222 ,

1274 2242 1309 2268 ut
1333 2237 1462 2279 regulas
1482 2246 1543 2279 pro
1569 2235 1714 2269 eiusdem
1741 2234 1869 2277 collegii
1891 2244 1946 2267 seu
1966 2245 2014 2268 se-

1252 2298 1253 2313 1
1275 2289 1401 2321 minarii
1420 2288 1538 2322 salubri
1561 2287 1741 2321 directione
1763 2287 1800 2319 ad
1819 2287 1920 2320 instar
1938 2287 2014 2320 duo-

1274 2352 1344 2374 rum
1370 2341 1587 2384 praesatorum
1625 2339 1840 2382 collegiorum
1873 2339 1904 2373 S.
1933 2340 2013 2373 Pan·

1274 2394 1363 2426 cratii
1391 2399 1422 2425 et
1445 2393 1476 2426 S.
1504 2391 1587 2425 Petri
1615 2392 1646 2424 in
1672 2391 1778 2425 Monte
1808 2392 1913 2426 Aureo
1940 2403 2012 2426 con·

1251 2460 1252 2481 1
1275 2445 1420 2485 licerent,
1446 2450 1544 2488 prout
1569 2445 1608 2477 ab
1634 2445 1678 2478 eis
1711 2445 1818 2488 reipsa
1843 2445 2010 2479 consectae
2049 2448 2207 2473 ¹³⁹ss=¹¹³⁶r0'⁰·

2022 2479 2101 2497 nititur.

1251 2520 1252 2531 1
1275 2499 1403 2531 suerunt
1423 2498 1547 2531 tenoris
1580 2498 1632 2541 qui
1659 2499 1812 2542 sequitur,
1840 2499 2010 2531 videlicet:

1250 2550 1252 2605 i
1314 2569 1332 2590 i.
1357 2561 1443 2590 Pater
1465 2560 1612 2599 generalis
1635 2561 1761 2591 destinet
1783 2565 1811 2591 et
1826 2561 1955 2599 assignet
1970 2560 2012 2590 lo-
2049 2573 2078 2603 125³
2100 2573 2147 2594 ioco
2161 2572 2205 2594 cot-

1250 2608 1340 2650 lcum
1372 2619 1423 2641 seu
1452 2609 1657 2641 dormitorium
1693 2611 1723 2641 iu
1758 2610 1835 2642 dicto
1864 2600 2078 2642 couventu¹⁶⁸¹¹'
