2269 3203
257 221 306 250 An.
324 221 352 249 c.
376 219 443 248 1712
490 209 552 244 5⁶28

1026 216 1124 241 rium
1130 216 1203 240 mm!
1230 215 1382 240 nonaum

1971 212 2020 240 An.
2037 213 2064 240 C.
2085 213 2154 241 1712

451 278 561 311 garum
599 267 801 301 sententiam
828 277 900 299 cuni
931 266 1027 298 totius
1063 265 1185 297 summa
1205 264 1208 282 ¹
1230 274 1323 304 esse,
1353 269 1448 307 atque
1481 263 1566 296 inter
1601 266 1730 296 sanctos
1763 263 1962 297 consessores

451 321 622 364 processus
659 320 822 353 retulisset
846 319 878 350 in
910 316 1102 351 consistorio
1129 326 1186 348 no-

450 379 515 406 stro
547 378 694 412 secreto,
721 371 837 415 reliqui
864 370 1045 403 cardinales
1070 369 1123 412 qui
1148 380 1183 401 a-

452 426 567 458 derant
591 425 622 457 in
642 424 786 458 eamdem
807 426 1040 456 concesserunt
1057 426 1187 455 senten-

452 477 540 510 tiam.

495 530 586 573 §35
619 529 682 562 Nos
719 528 839 571 itaque,
877 538 947 560 cuin
986 527 1017 560 in
1054 527 1186 570 publico

451 582 645 616 consistorio
671 582 807 614 dilectus
833 580 929 614 etiam
955 579 1039 613 filius
1065 579 1187 622 Philip-

452 645 512 677 pus
537 634 751 677 Sacripantes,
784 632 851 665 sisci
877 632 1028 666 Gamerae
1053 632 1189 674 Aposto-

452 688 531 720 licae
557 692 589 719 et
614 686 847 720 consistorialis
873 686 964 718 aulae
989 690 1121 718 nostrae
1139 684 1189 716 ad-

451 744 594 780 vocatus,
621 749 682 782 pro
721 737 789 771 eius
820 737 1068 770 canonizatione
1100 736 1188 770 lucu—

451 795 558 827 lenter
597 797 802 836 perorasset,
843 802 879 824 ac
916 790 1049 823 nomine
1092 788 1190 822 totius

451 845 582 878 Ordinis
607 843 797 877 elericorum
832 841 1030 885 regularium
1066 841 1190 884 praesa-

452 904 572 938 torum,
598 903 635 930 ut
658 897 697 930 ad
728 907 797 929 eam
822 895 1004 939 procedere
1041 895 1191 936 dignare-

453 960 532 990 mur,
559 950 726 982 humiliter
744 948 969 992 supplicasset,
987 947 1025 980 de
1048 948 1134 978 tanta
1155 955 1189 978 re

453 1002 656 1036 venerabiles
683 1002 796 1035 fratres
821 1006 951 1034 nostros
980 999 1094 1033 S.R.E.
1123 1009 1191 1031 car-

455 1053 579 1085 dinales
594 1057 625 1085 et
642 1052 812 1095 episcopos
829 1051 990 1094 praefatos
1002 1054 1191 1093 praesentes

454 1105 668 1138 vehementer
685 1104 717 1136 in
735 1103 914 1136 visceribus
933 1101 1052 1135 Christi
1070 1100 1190 1134 hortati

455 1167 573 1198 sumus,
599 1162 643 1197 ut,
669 1156 874 1189 orationibus
900 1155 1070 1195 instantes,
1089 1154 1122 1187 in
1148 1153 1193 1186 ie-

447 1210 551 1248 iuniis
578 1214 609 1243 et
634 1209 849 1253 eleemosynis
868 1218 981 1242 eorum
998 1207 1119 1240 animas
1141 1217 1193 1239 co-

455 1274 524 1296 ram
546 1263 611 1296 Deo
630 1262 797 1296 nobiseum
820 1261 1039 1300 humiliantes,
1054 1260 1191 1293 assiduis

456 1316 610 1360 precibus
640 1326 657 1348 a
678 1315 771 1348 Patre
799 1313 958 1348 luminum
980 1318 1195 1357 exposcerent

456 1374 492 1401 ut
516 1379 552 1401 ex
579 1370 644 1401 alto
679 1378 861 1412 supernos
895 1368 1000 1400 lucem
1036 1376 1125 1399 suam
1163 1370 1195 1397 ct

456 1423 624 1455 veritatem
652 1432 739 1454 suam
767 1420 942 1460 emittere¹,
961 1430 1043 1464 quae
1069 1429 1128 1452 nos
1155 1418 1192 1452 ad

457 1476 657 1509 voluntatem
675 1479 705 1506 et
721 1473 964 1517 beneplacitum
986 1472 1055 1505 eius
1080 1482 1194 1514 cogno-

459 1528 615 1561 scendum
640 1532 672 1560 et
695 1525 934 1570 perficiendum
960 1525 1147 1558 deduceret.
1176 1516 1181 1521 ³

299 1590 449 1621 emmaum
504 1581 519 1624 g
543 1580 596 1614 37.
624 1580 723 1623 Igitur
747 1580 779 1612 in
805 1578 1019 1623 semipublieo
1038 1578 1195 1611 consisto-

266 1618 518 1675 0⁹2²''1}'1‚¹³‡'n¹.'i1¹1⁴i2³¹¹¹0.1·i0,
544 1633 629 1676 quod
662 1632 800 1665 subinde
825 1633 1023 1665 celebratum
1057 1636 1113 1670 est,
1146 1641 1196 1663 xo-

266 1676 343 1718 }'u‘ss'f'm
364 1677 539 1719 co”³³¹³'eatis
565 1696 629 1718 non
661 1685 758 1718 modo
792 1684 1021 1724 cardinalibus,
1049 1684 1103 1715 sed
1140 1694 1196 1726 pa-

461 1738 622 1777 triarchis,
649 1737 909 1780 archiepiscopis
934 1741 964 1770 et
982 1736 1145 1780 episcopis
1164 1735 1193 1768 in

289 543 440 563 nonustormm

259 570 364 596 pul-licum
379 575 441 595 super

259 596 332 617 eadem
347 601 420 616 canza.

460 1791 553 1825 Curia
567 1791 709 1823 Romana
728 1790 951 1829 existentibus,
969 1789 1195 1832 praesentibus
1216 1803 1218 1832 3:

460 1845 556 1877 etiam
582 1843 702 1877 nostris
728 1853 762 1875 ac
787 1842 878 1875 Sedis
907 1842 1113 1885 Apostolieae
1139 1852 1218 1874 no·=

461 1898 562 1938 tanis,
589 1907 647 1930 nce
679 1906 742 1929 non
773 1905 945 1929 causarum
978 1895 1195 1938 praefatarum

461 1950 672 1990 auditoribus,
698 1959 770 1982 cum
795 1949 888 1991 plura
913 1959 929 1980 a
954 1948 1048 1981 nobis
1069 1948 1108 1981 de
1134 1948 1197 1980 cxi-

461 2003 524 2037 mia
548 2002 716 2036 sanctitate
733 2001 814 2034 servi
837 2001 892 2034 Dei
915 2011 950 2033 ac
967 2000 1196 2034 miraculorum

462 2055 625 2090 celeritate
637 2055 645 2071 ¹
670 2059 922 2088 commemorata
940 2053 1089 2094 fuissent,
1105 2063 1197 2096 expo-

461 2108 530 2142 sitis
555 2108 651 2140 etiam
677 2107 838 2140 instantiis
869 2116 949 2150 quae
980 2116 997 2138 a
1026 2105 1197 2139 catholicis

463 2161 594 2204 regibus
612 2166 641 2193 et
663 2159 864 2203 principibus
890 2160 1012 2192 dudum
1038 2159 1069 2191 in
1090 2158 1198 2191 buius-
1218 2166 1219 2176 ¹

462 2213 548 2246 modi
567 2222 682 2245 causae
705 2211 887 2255 primordio
903 2211 1106 2254 Apostolicae
1125 2210 1196 2243 Sedi
1218 2202 1220 2233 3

461 2269 633 2309 porrectae
654 2264 780 2296 fuerant
798 2269 827 2296 et
841 2264 852 2280 ‘²
869 2263 960 2296 nobis
987 2273 1071 2296 nunc
1095 2274 1112 2295 a
1132 2268 1198 2296 toto

462 2317 579 2350 Ordine
609 2317 753 2359 praefato
784 2317 1056 2359 porrigebantur,
1088 2325 1199 2348 omncs

463 2370 668 2403 concorditer
704 2381 739 2402 ac
773 2379 838 2402 uno
872 2380 926 2402 ore
964 2368 1198 2401 benedicentes

462 2423 573 2460 Deum,
601 2423 727 2455 beatum
754 2422 916 2454 Andream
940 2420 1199 2454 canonizandum

500 2505 510 2530 1
534 2502 582 2528 Vel
598 2502 753 2533 emitteret,
772 2501 810 2528 vel
826 2501 896 2527 adde
912 2500 1085 2535 dignaretur
1098 2500 1137 2535 (a.
1153 2501 1200 2536 T-).

498 2549 511 2574 1
534 2546 634 2574 Forsan
654 2546 820 2573 celebritate
838 2549 876 2578 (a.
893 2548 942 2577 τ.).

498 2591 514 2619 2
533 2590 682 2628 Praeposit.
703 2597 720 2618 a
739 2589 805 2617 hine
824 2588 967 2618 abiicimus
985 2590 1026 2625 (n.
1042 2589 1091 2624 Μ.

1230 316 1490 358 adscribendum,
1507 321 1713 348 censuerunt.
1740 314 1880 354 Quorum
1900 327 1963 349 om-

1230 369 1317 401 nium
1354 369 1465 401 audito
1502 378 1672 408 consensu,
1706 368 1820 401 intimo
1856 369 1963 402 cordis

1230 420 1344 453 affeetu
1371 419 1584 453 exultavimus
1611 419 1642 453 in
1666 419 1814 460 Domino,
1837 420 1889 464 qui
1908 421 1965 453 Ec-

1230 473 1361 506 clesiam
1379 483 1466 506 suam
1486 472 1742 505 misericorditer
1760 479 1963 516 respexerat3

1231 526 1483 559 canonizationis
1508 525 1746 569 publicavimus
1773 525 1870 564 diem3
1896 535 1965 559 eos-

1232 579 1372 622 demque
1402 579 1516 611 sratres
1550 589 1586 610 ae
1615 577 1697 611 lilios
1728 583 1859 611 nostros
1890 588 1962 613 ino.-

1232 631 1361 664 nuimus
1388 636 1423 664 ut
1447 630 1481 663 in
1511 630 1711 664 orationibus
1737 635 1769 663 et
1793 631 1966 674 eleemosy-

1232 684 1282 717 nis
1318 688 1583 727 perseverarent,
1619 688 1652 715 ut
1680 683 1712 715 in
1746 688 1835 716 tanto
1865 693 1966 726 opere

1233 736 1426 780 exequendo
1451 736 1605 779 splendor
1628 735 1755 768 Domini
1784 735 1839 768 Dei
1867 736 1967 768 nostri

1235 794 1320 822 esset
1344 799 1443 832 super
1467 798 1537 829 nos,
1563 798 1709 831 opusque
1732 798 1884 820 manuum
1909 779 1968 820 no*-

1234 846 1373 874 strarum
1400 841 1438 873 ad
1464 840 1533 873 eius
1566 841 1761 873 voluntatem
1797 840 1968 884 persicien-

1234 895 1307 927 dam
1332 894 1498 936 dirigeret.

1278 947 1292 990 ἓ
1316 946 1370 979 38.
1398 946 1540 986 Demum,
1559 947 1698 990 peractis
1719 947 1867 980 omnihus
1886 958 1968 991 quae
1993 955 2161 987 cinomannis

1235 1010 1271 1033 ex
1297 999 1396 1032 sacris
1425 998 1710 1032 constitutionibus
1741 985 2107 1043 Rotnanaequem'fflu'm'

1234 1052 1398 1085 Ecclesiae
1416 1051 1651 1084 consuetudine
1669 1051 1853 1094 peragenda
1870 1057 1969 1092 erant,

1237 1104 1345 1144 hodie,
1372 1114 1452 1147 quae
1479 1104 1538 1136 suit
1562 1104 1629 1137 dies
1656 1103 1816 1136 dominica
1836 1103 1888 1137 SS.
1908 1103 1971 1137 Tri-

1236 1157 1357 1197 nitatis,
1384 1157 1417 1189 in
1435 1154 1639 1189 sacrosancta
1657 1155 1812 1199 Principis
1835 1157 1971 1199 Aposto-

1236 1212 1342 1244 lorum
1375 1210 1510 1243 basilica
1545 1209 1696 1243 caelestis
1733 1219 1873 1252 sponsae
1908 1208 1969 1242 ritu

1236 1266 1359 1304 ornata,
1377 1273 1449 1296 cum
1470 1262 1712 1296 venerabilibus
1737 1262 1888 1295 fratribus
1913 1273 1972 1296 no-

1236 1317 1311 1350 stris
1337 1316 1464 1350 S.ll.E.
1492 1315 1719 1356 cardinalibus,
1744 1326 1803 1348 nec
1828 1325 1890 1349 non
1917 1326 1971 1359 pa-

1238 1369 1398 1409 triarchis,
1431 1368 1689 1411 archiepiscopis
1729 1374 1758 1401 et
1794 1368 1968 1411 episcopis,

1237 1423 1467 1465 Romanaeque
1493 1421 1606 1455 Curiae
1639 1421 1800 1464 praelatis,
1828 1420 1972 1454 officiali-

1236 1477 1296 1510 bus
1321 1481 1352 1508 et
1384 1474 1595 1508 familiaribus
1626 1474 1761 1513 nostris,
1787 1474 1874 1507 clero
1907 1484 1973 1506 sae-

1238 1528 1339 1562 culari
1366 1533 1398 1561 et
1428 1527 1580 1570 regulari,
1616 1538 1652 1559 ac
1686 1526 1822 1559 maxima
1857 1525 1970 1570 populi

1239 1581 1419 1626 frequentia
1453 1579 1688 1620 convenimus,
1720 1579 1796 1619 ubi,
1827 1578 1972 1622 repetitis

1238 1646 1297 1679 pro
1327 1633 1581 1667 canonizationis
1606 1633 1736 1666 decreto
1761 1631 1972 1674 petitionibus

1240 1688 1370 1720 nomine
1403 1686 1548 1729 praelato
1579 1696 1595 1717 a
1621 1685 1739 1718 dilecto
1769 1683 1836 1717 lilio
1862 1690 1972 1718 nostro

1241 1740 1398 1772 Annibale
1436 1738 1519 1771 tituli
1548 1737 1580 1771 S.
1616 1737 1779 1770 Eustachii
1816 1736 1971 1771 cardinali

1240 1792 1365 1826 Albano
1406 1794 1592 1834 nuncupato
1612 1817 1619 1830 ,
1649 1795 1760 1822 nostro
1795 1789 1973 1822 seeundum

1241 1855 1370 1879 earnem
1397 1855 1434 1877 ex
1461 1844 1557 1876 fratre
1584 1848 1712 1885 nepote,
1737 1852 1794 1885 per
1820 1841 1973 1875 dilectum

1241 1898 1336 1931 etiam
1363 1897 1461 1930 lilium
1488 1895 1709 1928 Marcellinum
1730 1894 1857 1928 Corium
1884 1893 1974 1927 advo·

1241 1956 1363 1990 catum,
1402 1948 1581 1982 decantatis
1619 1947 1717 1980 sacris
1756 1946 1908 1990 precibus
1943 1951 1976 1979 et

1241 2003 1371 2042 litaniis,
1396 2012 1430 2035 ac
1455 2000 1594 2044 Spiritus
1614 1999 1718 2033 Sancti
1745 1999 1846 2042 gratia
1870 1999 1976 2032 humi-

1241 2057 1314 2090 liter
1346 2052 1530 2098 implorata,
1569 2053 1606 2085 ad
1635 2052 1792 2086 honorem
1828 2051 1973 2084 eiusdem

1241 2113 1369 2142 sanctae
1394 2113 1425 2140 et
1450 2105 1632 2139 individuae
1656 2104 1820 2137 Trinitatis
1845 2109 1876 2137 et
1901 2103 1973 2136 fidei

1241 2161 1421 2195 catholicae
1442 2157 1680 2197 exaltationem,
1700 2156 1892 2190 auctoritate
1910 2166 1976 2189 om-

1242 2213 1420 2259 nipotentis
1445 2212 1500 2245 Dei
1525 2211 1637 2251 Patris,
1663 2216 1693 2243 et
1717 2209 1796 2249 Filii,
1823 2214 1857 2242 et
1879 2209 1975 2253 Spiri-

1242 2273 1290 2300 tus
1314 2265 1430 2304 Sancti,
1456 2265 1628 2297 beatorum
1649 2262 1867 2305 apostolorum
1890 2261 1974 2295 Petri

1242 2325 1273 2352 et
1304 2318 1404 2357 Pauli,
1436 2328 1472 2349 ac
1503 2317 1623 2355 nostra,
1661 2316 1699 2348 de
1741 2313 1974 2348 venerabilium

1243 2371 1376 2404 fratrum
1402 2375 1588 2402 nostrorum
1621 2367 1734 2400 S.R.E.
1763 2366 1974 2400 cardinalium

1243 2422 1513 2467 patriarcharum,
1541 2419 1863 2463 archiepiscoporum
1889 2423 1922 2452 et
1945 2428 1976 2451 e-

1243 2475 1455 2520 piscoporum
1481 2473 1513 2506 in
1539 2472 1683 2506 Romana
1711 2471 1803 2505 Curia
1827 2481 1976 2515 praesen-

1243 2528 1323 2561 tium
1341 2526 1476 2562 consilio
1494 2536 1531 2559 ae
1544 2525 1689 2559 unanimi
1707 2534 1880 2564 consensu,
1901 2523 1975 2567 piae

1243 2579 1418 2614 memoriae
1444 2578 1605 2614 Andream
1623 2577 1812 2619 Avellinum,
1831 2576 1870 2611 de
1887 2574 1974 2610 cuius
