2269 3203
93 234 147 263 An.
161 232 189 261 C.
211 233 279 262 ¹710

288 281 344 322 quo
366 290 380 311 a
403 282 487 311 sacra
502 279 730 319 Congregatione
748 276 883 307 destinati
900 275 1024 312 suerint3
1046 301 1047 323 ¹

288 329 363 369 quod
386 330 410 360 si
433 329 531 360 nullus
553 333 621 358 tunc
638 325 776 367 temporis
792 325 829 355 sit
845 325 873 355 in
890 328 1025 364 promptu
1046 331 1047 368 ᾗ

289 379 434 409 missionis
462 379 554 416 locus,
584 377 642 407 illis
669 385 682 406 a
707 380 788 416 patre
817 374 945 413 generali
975 374 1027 403 ali-

287 428 352 467 quis
375 433 536 458 conventus
559 427 724 466 deputetur,
750 426 778 454 in
798 433 889 464 eoque.
912 432 1025 463 perma-
1046 438 1047 454 ι

287 481 385 513 neant,
399 485 550 516 quousque
563 476 713 506 advenerit
729 474 842 504 occasio
866 472 1024 508 missionis,
1047 472 1048 497 l

286 530 314 556 et
336 535 449 555 sacram
478 524 738 563 Congregationem
762 522 916 557 certiorem
949 521 1025 561 quod
1047 555 1048 560 ¹

286 574 310 604 si
333 575 439 614 aliquis
462 575 578 604 illorum
612 573 647 603 ad
680 573 838 603 destinatas
872 571 1048 600 missiones,

286 628 423 653 renueret
445 628 492 653 aut
522 623 684 661 negligeret
714 621 871 657 accedere,
905 619 1048 659 arliitri03

286 682 385 703 sacrae
408 671 649 711 Congregationis
672 671 826 710 plectatur.

330 731 385 752 xix.
408 722 445 752 U
466 725 562 752 autem
585 720 654 751 dicti
676 720 795 751 Ordinis
817 719 947 758 religiosi
974 718 1026 748 ali-

289 780 345 810 quo
367 771 454 801 etiam
479 770 632 810 temporali
648 779 835 809 congruoque
860 768 1026 798 alliciantur

288 819 425 859 praemio⁷
450 819 620 858 animosque
644 819 746 849 fortius
769 817 922 848 intendant
941 816 973 846 ad
994 816 1026 846 li-

286 868 402 899 bentius
424 869 595 909 semetipsos
628 868 767 898 dicandas
801 877 882 897 sacro
913 866 1025 896 missio-

286 927 355 948 num
392 919 564 949 ministerio.
601 928 632 948 ac.
670 922 881 957 consequenter
921 915 1025 946 studiis

286 967 423 1007 praefatis
445 967 535 997 veluti
558 968 592 997 ad
615 968 770 997 missiones
793 968 869 1005 ipsas
893 965 1023 1003 directis,

287 1020 344 1046 tam
367 1016 518 1046 studentes
540 1025 626 1055 quam
656 1015 833 1045 missionarii
863 1015 1025 1054 respective

287 1065 332 1094 his
354 1065 527 1104 privilegiis,
552 1074 625 1104 quae
649 1070 824 1104 sequuntur,
848 1063 1003 1102 gaudeant.
1045 1068 1047 1086 l

327 1122 375 1143 xx.
400 1113 495 1153 liqui
522 1114 551 1144 in
580 1114 718 1151 missione
747 1113 841 1152 aliqua
872 1121 923 1151 per
952 1113 1027 1142 inte-

287 1171 371 1200 grum
394 1162 565 1192 sexennium
590 1162 727 1201 praefecti
751 1170 873 1191 munere
896 1160 1026 1190 laudabi-

288 1211 355 1240 liter
376 1211 520 1250 persuncti
545 1211 664 1247 fuerint,
689 1210 724 1240 ad
744 1210 871 1239 lauream
889 1209 1026 1247 magiste-

288 1259 324 1289 rii
347 1264 593 1299 promoveautur3
617 1259 641 1288 si
666 1268 733 1288 vero
755 1259 785 1288 in
815 1258 957 1296 religione
985 1257 1027 1287 di-

289 1312 364 1338 etam
386 1307 515 1338 lauream
548 1307 607 1337 iam
629 1307 753 1337 assecuti
781 1307 900 1345 suerint,
931 1310 1026 1345 patres

289 1356 457 1396 provinciae
479 1356 680 1392 declarentur,
699 1355 749 1386 alii
766 1365 833 1396 vero
851 1354 1026 1384 missionarii

289 1405 312 1435 si
337 1415 388 1445 per
403 1405 582 1436 novennium
599 1405 628 1435 in
645 1405 783 1434 missione
797 1404 1024 1444 permanserint,

289 1454 390 1484 eadem
422 1454 583 1493 magisterii
616 1454 715 1484 laurea
739 1454 931 1491 decorentur3
954 1457 981 1483 et
1004 1453 1027 1483 si

290 1503 399 1534 fuerint
421 1504 451 1534 in
474 1499 555 1534 sacra
585 1503 730 1542 theologia
760 1503 902 1541 magistri,
931 1507 1028 1542 patres

290 1562 405 1592 quoque
429 1553 596 1592 provinciae
618 1552 831 1582 instituantur:
856 1552 958 1582 ordine
988 1556 1029 1581 ta-

291 1611 357 1632 men
380 1612 479 1633 sacrae
501 1602 740 1641 Congregationis
764 1601 965 1641 praecedente.

332 1659 390 1680 xxl.
413 1651 554 1681 Studeant
581 1651 747 1690 superiores
769 1650 886 1680 Ordinis
915 1649 1027 1688 singula

291 1700 405 1731 debitae
441 1700 605 1731 executioni
638 1700 826 1731 demandare.
861 1700 892 1729 ln
924 1699 1029 1738 quibus

291 1757 392 1778 eorum
414 1748 609 1778 conscientias
631 1756 712 1777 sacra
741 1747 931 1784 Congregatio
963 1755 1030 1776 one-

291 1798 346 1830 rat,
370 1794 472 1824 relicta
494 1803 594 1824 eorum
611 1793 732 1823 arbitrio
748 1793 882 1822 facultate
900 1793 955 1822 alia
972 1797 1029 1821 tam

291 1839 478 1880 disciplinam
500 1850 587 1880 quan]
611 1839 774 1870 studiorum
797 1839 961 1878 profectum
987 1848 1030 1869 re-

292 1887 458 1927 spicientia,
481 1887 658 1926 supradictis
692 1891 788 1916 tamen
814 1885 905 1915 sirmis
938 1894 1031 1915 rema-

291 1933 447 1972 nentibus,
481 1934 649 1970 statuendi,
673 1938 701 1963 et
732 1941 797 1963 cum
821 1932 1031 1972 approbatione

291 1990 391 2012 sacrae
413 1980 653 2020 Congregationis
673 1979 860 2010 decernendi.

338 2037 353 2080 ξ
377 2035 408 2068 ⁶2.
435 2035 511 2069 Cum
536 2040 651 2075 autem,
677 2034 758 2067 sicut
791 2033 903 2066 eadem
935 2043 1032 2076 expo-

295 2089 368 2122 sitio
409 2089 641 2132 subiungebat,
667 2087 848 2120 cardinales
874 2087 1030 2129 praefati,

296 2143 376 2175 sacta
400 2142 462 2175 sibi
494 2152 553 2185 per
585 2141 734 2174 eumdem
768 2139 977 2173 secretarium
1002 2150 1032 2172 o-

294 2195 416 2229 mnium
442 2201 473 2228 et
496 2195 697 2237 singularum
717 2194 901 2236 regularum
918 2193 1032 2225 huius-

294 2249 380 2282 modi
407 2248 558 2282 distineta
581 2247 758 2287 relatione,
783 2245 927 2279 unanimi
955 2255 1030 2279 con-

295 2311 392 2334 sensu
421 2301 494 2334 illas
529 2300 766 2344 approbantes,
793 2298 1032 2332 confirmandas

297 2364 367 2387 esse
381 2354 582 2387 censuerint:
599 2353 676 2386 hinc
689 2352 837 2396 estquod
852 2362 921 2391 nos,
936 2351 1032 2384 invio-

298 2406 387 2439 labili
402 2407 588 2440 earumdem
603 2407 788 2449 regularum
803 2405 914 2437 robori
930 2409 961 2436 et
971 2403 1032 2436 effi-

299 2458 422 2491 caciae¹
436 2460 610 2502 providere
627 2460 782 2499 volentes,
794 2457 1034 2501 supplicationi-

299 2511 359 2543 bus
377 2511 563 2545 eorumdem
580 2511 793 2545 cardinalium
816 2510 911 2543 nobis
936 2520 1035 2553 super

302 2563 366 2596 hoc
396 2564 562 2597 humiliter
587 2564 746 2608 porrectis
774 2563 917 2606 benigue
944 2563 1034 2596 incli-

339 2628 348 2655 1
372 2625 444 2652 Edit.
461 2625 540 2652 Maia.
557 2626 621 2661 legit
640 2627 769 2660 efficacia
787 2627 829 2661 (rt,
847 2628 897 2660 τ.).

113 742 142 762 De
154 747 225 762 eorum
239 742 278 768 pri-

93 770 184 796 vitegus.

122 1664 280 1694 Praendictorum

96 1693 203 1714 executio.

150 2054 284 2076 Confirmatio

100 2083 220 2103 eorumdem
237 2088 284 2107 pre-

100 2109 160 2128 citius
186 2109 283 2129 cardina-

101 2135 150 2156 lium
167 2135 230 2156 sacta.

917 226 1058 251 CLEMENS
1082 225 1115 249 311
1139 225 1186 249 FP.

1047 434 1298 469 ,confirmamus
1339 438 1370 466 et.
1406 433 1651 476 approbamus,

1045 1052 1047 1067 ,
1069 1023 1175 1058 sortiri
1202 1028 1231 1056 et
1259 1022 1409 1055 obtinere
1432 1048 1438 1061 ‚
1466 1031 1502 1053 ac
1535 1020 1622 1058 illis,

1701 213 1759 248 5371

1069 274 1146 314 uati,
1167 273 1298 307 easdem
1323 272 1544 316 praeinsertas
1571 272 1714 315 regulas,
1733 283 1806 304 cum

1070 329 1220 361 omnibus
1236 333 1266 360 et
1287 326 1422 368 singulis
1440 326 1469 358 in
1490 327 1535 359 eis
1554 325 1730 364 contentis,
1753 335 1807 357 au-

1070 381 1217 414 ctoritate
1237 380 1423 424 apostolica,
1442 385 1556 412 tenore
1575 378 1806 422 praesentium,

1298 428 1302 431 ⁵
1678 431 1809 474 illisque

1070 487 1266 521 inviolabilis
1293 485 1491 529 apostolicae
1521 484 1682 517 firmitatis
1708 483 1810 516 robur

1070 542 1250 581 adiicimus3
1287 551 1322 572 ac
1354 549 1468 572 omncs
1501 544 1530 571 et
1560 538 1704 580 singulos
1732 536 1809 568 iuris

1070 602 1100 629 et
1126 595 1197 628 sacti
1220 594 1377 633 desectus,
1395 594 1419 626 si
1439 593 1493 636 qui
1513 592 1654 635 desuper
1673 600 1808 635 quomo-

1070 650 1194 683 dolibet
1220 647 1467 686 intervenerint,
1493 647 1698 690 supplemus:
1722 644 1810 676 salva

1071 708 1177 736 tamen
1203 712 1331 745 semper
1357 701 1388 733 iu
1411 698 1597 744 praemissis
1620 697 1808 730 auctoritate

1069 760 1265 790 memoratae
1290 752 1559 797 Congregationis
1580 751 1806 784 cardinalium.

1113 809 1127 852 ἓ
1152 809 1182 843 3.
1212 809 1444 846 Decernentes,
1464 806 1595 838 easdem
1618 808 1809 848 praesentes

1069 864 1192 897 litteras
1208 872 1243 894 ac
1257 862 1385 905 regulas
1403 859 1589 893 huiusmodi
1608 868 1737 903 semper
1757 857 1810 890 fir-

1069 927 1144 958 mas,
1169 916 1290 949 validas
1316 920 1345 947 et
1363 913 1509 948 efficaces
1527 912 1663 945 existere
1683 916 1713 944 et
1732 910 1809 950 fore,

1069 980 1209 1013 suosque
1235 969 1402 1013 plenarios
1428 973 1459 1001 et
1495 968 1640 1009 integros
1677 964 1808 998 effectus

1659 1019 1696 1052 ad
1727 1029 1810 1062 quos

1069 1083 1193 1122 spectat
1219 1082 1249 1110 et
1274 1086 1332 1119 pro
1359 1080 1505 1118 tempore
1538 1073 1810 1117 quandocumque

1070 1130 1241 1175 spectabit,
1268 1129 1299 1162 in
1325 1128 1473 1162 omnibus
1495 1133 1525 1160 et
1542 1137 1601 1170 per
1619 1125 1726 1159 omnia
1746 1126 1811 1168 ple-

1069 1184 1201 1218 nissime
1226 1182 1408 1224 suffragari,
1435 1186 1467 1213 et.
1492 1180 1531 1212 ab
1557 1180 1602 1212 eis
1628 1178 1809 1222 respective

1070 1235 1303 1270 inviolabiliter
1328 1233 1508 1273 observari,
1535 1232 1646 1275 sicque
1665 1231 1696 1263 in
1716 1240 1809 1274 prae—

1070 1290 1175 1323 missis
1200 1299 1259 1333 per
1285 1296 1511 1331 quoscumque
1538 1286 1661 1318 iudices
1680 1284 1811 1317 ordina-

1069 1343 1179 1376 narios
1216 1347 1248 1374 et
1284 1341 1477 1382 delegatos,
1510 1338 1609 1370 etiam
1642 1346 1810 1370 causarum

1070 1395 1181 1440 palatii
1207 1393 1375 1438 apostolici
1409 1391 1587 1431 auditores,
1611 1390 1748 1423 iudicari
1783 1394 1813 1422 et

1071 1448 1199 1482 definiri
1225 1447 1364 1486 debere3
1392 1456 1428 1478 ac
1454 1444 1584 1477 irritum
1606 1448 1638 1476 et
1663 1443 1760 1476 inane
1786 1442 1811 1474 si

1070 1513 1165 1537 secus
1192 1512 1288 1546 super
1313 1501 1364 1533 his
1390 1510 1406 1533 a
1431 1509 1607 1543 quoquam,
1625 1498 1737 1542 quavis
1757 1507 1813 1530 au-

1071 1556 1244 1594 ctoritate,
1271 1555 1414 1587 scienter
1440 1553 1489 1585 vel
1515 1552 1719 1595 ignoranter,
1735 1560 1812 1584 con-

1073 1609 1181 1653 tigerit
1205 1604 1370 1641 attentari.

1115 1663 1130 1707 5
1154 1662 1185 1695 4.
1205 1661 1275 1694 Non
1293 1660 1504 1693 obstantibus
1522 1658 1811 1692 constitutionibus
1823 1665 2006 1712 aeiii-i'iiss‘mfflm

1073 1722 1104 1749 et
1131 1714 1395 1749 ordinationibus
1414 1711 1615 1756 apostolicis,
1634 1721 1679 1751 ac,
1698 1716 1812 1754 quate·
1865 1708 1885 1717 ‘⁸
1935 1708 1941 1713 ”

1073 1780 1134 1802 nus
1148 1778 1230 1812 opus
1245 1767 1297 1807 sit,
1312 1766 1449 1810 praefati
1464 1770 1643 1798 conventus
1657 1764 1812 1797 Assisien-

1074 1822 1126 1861 sis,
1145 1826 1175 1854 et
1194 1820 1282 1853 illius
1300 1818 1443 1858 Ordinis,
1470 1817 1605 1860 aliisque
1632 1817 1810 1860 quibusvis,

1075 1874 1171 1907 etiam
1196 1873 1391 1911 iuramento,
1419 1870 1664 1905 confirmatione
1686 1875 1812 1912 aposto-

1074 1928 1149 1966 lica,
1167 1927 1217 1959 vel
1235 1925 1347 1969 quavis
1371 1924 1520 1956 firmitate
1552 1923 1615 1956 alia
1638 1923 1812 1962 roboratis,

1074 1980 1199 2013 statutis
1213 1985 1245 2013 et
1257 1977 1556 2017 consuetudinibus,
1571 1975 1809 2014 stabilimentis,

1075 2033 1185 2067 usibus
1204 2038 1235 2065 et
1259 2031 1394 2072 naturis,
1413 2029 1590 2074 privilegiis
1609 2040 1748 2073 quoque,
1770 2029 1814 2061 in-

1076 2086 1172 2120 dultis
1187 2091 1219 2118 et
1235 2084 1351 2117 litteris
1363 2082 1554 2126 apostolicis
1566 2083 1600 2114 in
1614 2082 1814 2114 contrarium

1074 2139 1329 2184 praemissorum
1363 2136 1612 2180 quomodolibet
1636 2136 1812 2173 concessis,

1075 2191 1271 2226 confirmatis
1288 2198 1320 2224 et
1335 2190 1507 2231 innovatis,
1527 2189 1644 2232 quibus
1662 2189 1813 2222 omnibus

1076 2251 1105 2280 et
1122 2245 1269 2289 singulis,
1287 2245 1419 2277 illorum
1443 2249 1570 2276 tenores
1585 2243 1812 2285 praesentibus

1075 2310 1134 2343 pro
1166 2300 1264 2342 plene
1299 2303 1330 2331 et
1362 2296 1561 2330 sufficienter
1585 2295 1746 2339 expressis
1773 2305 1809 2327 ac

1076 2353 1115 2386 ad
1136 2350 1429 2385 verbum-insertis
1454 2349 1625 2388 babentes,
1653 2348 1718 2381 illis
1735 2348 1813 2380 alias

1076 2406 1108 2438 in
1127 2415 1185 2437 suo
1207 2403 1326 2436 robore
1346 2401 1578 2446 permansuris,
1597 2401 1636 2434 ad
1659 2400 1815 2444 praemis-

1812 222 1865 249 An.
1885 221 1914 249 C.
1932 221 2001 249 1710

1849 813 1966 835 clausulae.

1063 2467 1186 2491 ,sorum
1205 2455 1365 2494 ellectum,
1385 2455 1446 2487 hac
1466 2454 1534 2488 vice
1552 2454 1724 2492 dumtaxat,
1743 2463 1816 2495 spe-

1077 2509 1204 2542 cialiter
1221 2514 1253 2541 et
1277 2518 1431 2552 expresse
1450 2508 1658 2550 derogamus,
1685 2506 1816 2539 ceteris-

1078 2573 1140 2605 que
1165 2561 1337 2595 contrariis
1363 2561 1635 2604 quibuscumque.

1123 2616 1136 2657 ξ
1173 2615 1203 2647 G.
1232 2614 1384 2648 Volumus
1417 2620 1523 2646 autem
1558 2619 1591 2644 ut
1629 2603 2012 2656 earumdem,uuffffissfflfffl'
