2269 3203
143 266 192 294 An.
210 265 240 293 C.
265 263 331 291 ¹722

220 752 327 772 Statiliam

142 778 282 806 praedm-tum.

175 2136 298 2160 clausulae.

187 2296 335 2323 Transnmpto-

153 2329 197 2344 rum
213 2323 273 2344 tides.

925 260 1136 285 INNOCENTIUS
1162 260 1218 284 xut
1243 260 1292 284 FP.
1761 250 1824 284 89⁴.)
1872 258 1920 286 An.
1943 258 1970 285 (ἵ.
1991 258 2056 286 ψῃ

338 313 418 346 citer
444 312 635 356 fulgentium
661 312 752 352 votis,
771 311 810 345 ad
837 311 1018 354 aagendam
1045 309 1077 342 in

339 366 433 400 terris
457 367 645 400 Sanctorum
671 377 743 399 cum
769 364 895 397 Christo
921 364 952 396 iu
979 364 1078 396 caele-

338 420 377 453 sti
404 421 605 466 Hierusalem
633 419 853 462 regnantium,
880 418 931 461 qui
960 418 1077 450 tradita

337 473 396 506 sibi
425 475 544 506 talenta
571 485 635 507 uon
662 473 853 506 defoderunt
882 472 911 504 iu
940 477 1075 509 terram,

337 527 392 560 sed
411 527 501 560 uberi
529 528 688 560 bonorum
707 536 842 569 operum
871 525 973 557 fructu
1000 525 1077 556 mul-

338 579 545 623 tiplicarunt,
584 579 827 612 venerationem
873 577 1079 611 laudabiliter

339 633 559 673 tendentibus,
588 632 797 665 favorabilem
828 641 996 664 assensum
1023 642 1078 673 pa-

339 687 429 719 terna
454 686 656 729 benignitate
682 685 905 729 praebeamus.

383 740 397 783 ς
423 739 454 772 1.
481 738 556 772 Cum
583 738 702 782 itaque,
722 738 805 771 sicut
830 749 890 781 pro
918 743 1007 781 parte
1033 748 1080 769 ca-

339 792 456 825 rissimi
483 792 514 825 in
545 792 674 826 Christo
707 791 764 825 lilii
803 792 905 825 nostri
937 790 1078 834 Philippi

340 846 567 890 Hispaniarum
588 845 674 888 regis
693 845 842 878 catholici
862 845 956 878 nobis
974 855 1080 888 nuper

339 899 520 944 expositum
548 900 627 940 suit,
655 899 722 943 ipse
745 899 914 943 Philippus
938 909 1001 939 rex,
1021 909 1080 942 pro

339 954 495 998 singulm-i
518 955 572 987 sua
598 954 867 997 subditorumque
893 964 1026 986 suorum
1049 953 1078 985 in

338 1008 566 1051 Hispaniarum
590 1013 621 1040 et
646 1007 814 1040 Americae
841 1007 949 1050 regnis
975 1007 1080 1039 eidem

340 1061 490 1106 Philippo
523 1062 590 1105 regi
616 1062 768 1094 subiectis
794 1061 979 1104 degentium
1005 1072 1081 1104 erga

338 1115 370 1148 S.
395 1115 568 1148 Antonium
589 1116 627 1148 de
654 1115 760 1147 Padua
785 1115 1007 1147 consessorem
1026 1114 1080 1147 de-

339 1169 490 1209 votione,
519 1170 635 1202 festum
661 1169 805 1202 eiusdem
831 1169 861 1200 S.
890 1167 1021 1201 Antonii
1048 1168 1081 1200 in

340 1223 435 1256 dietis
462 1223 571 1266 regnis
597 1223 636 1256 de
661 1228 835 1266 praecepto
866 1222 984 1255 serrari
1011 1222 1083 1265 plu-

341 1277 456 1310 rimum
483 1277 663 1310 desideret:
687 1287 755 1316 uos,
783 1277 898 1309 devota
925 1277 1081 1318 grataque

340 1330 437 1363 animi
451 1330 630 1363 intentione
642 1330 885 1363 considerantes
897 1329 982 1373 quod
995 1329 1080 1361 idem

339 1384 474 1417 Sanctus
500 1383 639 1416 illustria
664 1383 843 1415 sanctitatis
877 1393 953 1415 suae
982 1382 1083 1415 moni-

339 1441 448 1469 menta
466 1435 642 1479 reliquerit,
659 1442 692 1468 et
706 1435 789 1479 quod
810 1435 984 1473 i‘niraculis,
1000 1445 1081 1478 quae

340 1489 447 1523 divina
465 1489 593 1522 bonitas
612 1488 680 1522 eius
698 1488 934 1521 intercessione
954 1488 1080 1531 operari

341 1541 472 1584 dignata
490 1546 551 1582 est,
572 1541 687 1574 eximie
706 1541 868 1580 claruerit,
884 1552 920 1573 ae
946 1541 1082 1584 proinde

341 1595 404 1639 piis
427 1595 596 1638 enixisque
630 1595 797 1628 memorati
828 1594 969 1638 Philippi
998 1595 1082 1638 regis

342 1648 494 1692 precibus
519 1647 614 1680 nobis
632 1658 731 1691 super
749 1648 810 1680 lioc
829 1647 994 1681 humiliter
1009 1659 1084 1691 por—

343 1701 441 1734 rectis
455 1700 596 1743 benigne
616 1700 770 1739 inclinati,
790 1701 828 1733 de
847 1700 1082 1733 venerabiliuu'i

343 1755 476 1787 fratrum
502 1759 687 1787 nostrorum
706 1753 734 1786 S.
754 1753 790 1786 R.
813 1753 846 1786 E.
868 1753 1081 1786 cardinalium

342 1808 442 1842 sacris
460 1808 577 1841 ritibus
599 1808 863 1851 praepositorum
883 1807 1031 1846 consilio,
1051 1813 1084 1840 ut

343 1861 511 1906 perpetuis
529 1861 646 1893 suturis
660 1867 758 1903 temp«
772 1861 859 1893 ribus
875 1861 989 1893 festum
1005 1860 1083 1893 eius-

343 1916 416 1948 dem
440 1914 472 1947 S.
499 1913 628 1947 Antonii
655 1913 694 1946 de
712 1913 820 1946 Padua
842 1913 871 1945 in
899 1913 1083 1946 memoratis

343 1969 450 2011 regnis
466 1974 496 2000 et
511 1966 663 2000 dominiis
680 1971 839 2010 tamquam
855 1967 892 1999 de
907 1971 1083 2010 praecepto

343 2027 502 2060 servetur,
531 2020 720 2053 auctoritate
746 2019 942 2063 apostolica,
972 2025 1084 2052 tenore

343 2074 577 2118 praesentium,
604 2073 773 2106 statuimus
804 2079 836 2106 et
861 2073 1060 2106 ordinamus.

388 2129 403 2172 ξ,
428 2127 457 2160 2.
475 2127 545 2161 Non
571 2127 777 2160 obstantibus
803 2126 1086 2159 constitutionibus

345 2187 376 2215 et
396 2181 656 2215 ordinationibus
683 2180 884 2223 apostolicis,
905 2180 1086 2222 ceterisque

345 2234 518 2268 contrariis
545 2233 819 2277 quibuscumque.

389 2288 404 2331 ἓ
434 2287 465 2321 3.
496 2287 648 2320 Volumus
683 2292 789 2319 autem
828 2291 862 2317 ut
898 2285 1086 2318 earumdem

346 2340 567 2383 praesentium
584 2339 765 2372 litterarum
779 2338 998 2382 transumptis,
1012 2337 1086 2370 etc.¹

390 2393 502 2426 Datum
526 2393 661 2433 Romae,
683 2393 768 2436 apud
790 2392 822 2424 S.
841 2391 972 2424 Mariam
991 2391 1088 2424 Maio-

347 2457 424 2487 rem,
455 2447 515 2480 sub
541 2448 663 2480 annulo
696 2447 885 2486 piscatoris,
920 2445 971 2478 die
1004 2455 1087 2478 xxvu

347 2500 482 2532 ianuarii
516 2510 694 2540 unecxxu,
741 2498 947 2543 pontificatus
984 2498 1087 2531 nostri

348 2564 433 2586 anno
462 2565 484 2587 1.

384 2607 442 2634 Dat.
460 2607 504 2634 die
519 2608 552 2633 ⁹27
569 2607 683 2634 ianuarii
701 2608 779 2640 1722,
797 2607 892 2643 pontis.
914 2612 1016 2632 annot.

386 2672 394 2698 t
419 2668 535 2705 Reliqua
557 2674 584 2696 ut
605 2677 664 2704 pag.
687 2669 738 2696 704
759 2677 775 2696 α
796 2670 835 2703 (a.
857 2670 905 2703 T.).

1121 390 1314 422 Declaratur
1339 389 1469 421 nullum
1494 389 1632 421 edictum
1667 393 1797 421 senalus
1828 399 1863 421 ac

1166 443 1380 485 iriayi'stralus
1406 443 1571 475 Lacernae
1600 454 1697 484 super
1723 442 1866 473 modera-

1167 497 1251 528 tione
1281 496 1502 528 subsidiorum
1538 495 1711 532 dotalium,
1742 494 1865 527 livella-

1165 561 1259 589 rwa,
1293 550 1505 592 aliarumque
1552 559 1768 591 &pensuram
1801 559 1867 579 ‘mo-

1165 603 1319 641 m'alium,
1346 614 1415 635 cum
1441 602 1611 635 nonnullis
1647 602 1867 634 omlfnate'oni-

1167 657 1259 688 lncs‘.

1140 737 1312 764 Venerabili
1337 737 1427 764 fratri
1449 737 1588 771 episcopo
1610 736 1849 769 constantiensi,

1296 782 1492 809 Innocentius
1513 782 1593 815 Papa
1613 782 1692 808 xm.

1336 835 1523 861 Venerabilis
1545 835 1654 865 frater,

1159 880 1290 906 salutem
1311 883 1341 906 et
1362 879 1559 912 apostolicam
1580 879 1830 906 benedictionem.

1170 950 1334 983 Romanus
1360 950 1504 983 Pontifex
1528 950 1559 982 in
1581 949 1709 982 sublimi
1733 950 1869 992 Aposto-
1906 957 2028 978 Exordium

1126 1004 1204 1037 licae
1231 1004 1323 1037 Sedis
1350 1004 1480 1047 specula
1507 1014 1577 1035 cum
1605 1003 1774 1046 potestatis
1802 1005 1870 1046 ple-

1126 1057 1272 1090 nitudiue
1296 1068 1311 1089 a
1330 1056 1463 1090 Domino
1483 1056 1684 1095 constitutus,
1708 1056 1869 1088 Ecclesiae

1126 1112 1196 1144 iura
1222 1111 1341 1154 ubique
1368 1116 1453 1143 sarta
1481 1115 1561 1143 tecta
1589 1109 1680 1147 tueri,
1700 1120 1736 1142 ae
1758 1109 1870 1142 adver->

1127 1175 1180 1197 sus
1205 1174 1441 1207 quaecumque,
1469 1174 1527 1207 per
1552 1174 1633 1206 quae
1661 1162 1723 1195 illis
1749 1163 1871 1206 aliquid

1127 1217 1315 1250 detrimenti
1351 1216 1464 1249 inferri
1503 1216 1727 1259 dignoscitur,
1756 1216 1872 1248 tradita

1127 1272 1187 1303 sibi
1215 1271 1369 1303 divinitus
1407 1271 1596 1303 auctoritate
1627 1270 1793 1302 vindicare
1825 1275 1872 1301 te-

1127 1330 1234 1365 netur,
1257 1324 1354 1363 sicut,
1377 1324 1527 1357 omuibus
1555 1329 1698 1356 maturae
1726 1323 1872 1356 conside-

1128 1379 1263 1411 rationis
1290 1378 1407 1410 trutina
1440 1378 1622 1421 perpensis,
1658 1377 1812 1420 aequitati
1840 1382 1872 1409 et

1126 1432 1266 1464 iustitiae
1290 1437 1447 1474 rectoque
1474 1431 1579 1463 ordini
1614 1436 1870 1463 consentaneum

1127 1496 1195 1517 esse
1222 1485 1253 1517 in
1280 1485 1414 1517 Domino
1439 1485 1629 1517 arbitratur.

1171 1539 1184 1581 ξ
1210 1538 1236 1570 l.
1266 1539 1312 1570 Ad
1339 1538 1441 1571 nostri
1469 1538 1627 1581 siquidem
1667 1538 1869 1580 apostolatus
1905 1544 2067 1571 Epitomeseaa-

1862 1590 1867 1595 ,
1881 1572 2067 1597 ειμιηηιιῡιίιειμπ-

1127 1592 1275 1624 notitiam
1310 1602 1374 1624 non
1409 1591 1478 1623 sine
1505 1591 1592 1633 gravi
1631 1591 1727 1623 animi
1768 1596 1986 1623 uostrinunaniur
2023 1605 2068 1618 mo-

1862 1643 1867 1648 ,
1880 1625 1969 1645 nialium
2000 1626 2069 1644 subsi-

1128 1645 1276 1677 molestia
1290 1644 1449 1688 pervenit,
1461 1645 1556 1687 quod,
1572 1644 1703 1676 nomine
1723 1643 1868 1676 moderni
1881 1652 1915 1671 dn·
1932 1651 2028 1674 dotalia.
2045 1652 2068 1671 ιι-

1881 1678 1947 1701 vella.
1968 1680 2068 1704 aliaeque

1127 1698 1287 1742 praetoris
1315 1704 1345 1731 et
1370 1703 1512 1737 senatus,
1548 1708 1675 1730 necnon
1702 1697 2069 1739 magistra-expensam.22.

1128 1757 1176 1785 tus
1202 1752 1234 1785 C.
1263 1757 1392 1784 centum
1419 1751 1593 1794 nuncupati
1621 1750 1732 1794 oppidi
1753 1751 1869 1783 Lucer-
1880 1737 1924 1779 ilii}
1940 1737 2067 1779 issc‘iss‘ifflssl‘

1128 1815 1186 1837 nae
1212 1804 1303 1837 istius
1324 1803 1580 1837 Constantieusis
1605 1803 1776 1843 dioecesis,
1794 1813 1869 1846 pro-

1128 1858 1225 1890 dierit
1251 1857 1413 1901 quoddam
1441 1857 1608 1890 decretum
1639 1857 1705 1889 sive
1727 1857 1870 1890 edietum

1128 1923 1193 1945 non
1220 1912 1263 1944 ita
1297 1911 1424 1955 pridem
1452 1912 1645 1954 evulgatum,
1673 1921 1759 1954 quo,
1785 1910 1871 1942 inter

1129 1966 1200 2005 alia,
1216 1965 1441 2008 superiorissis
1459 1964 1730 1997 monasteriorum
1749 1963 1873 1996 monia-

1130 2019 1205 2052 lium
1232 2019 1264 2051 in
1292 2018 1405 2051 eodem
1431 2018 1552 2061 oppido
1574 2017 1708 2060 eiusque
1729 2017 1873 2050 dominio

1130 2072 1376 2106 consistentium
1404 2072 1518 2104 modus
1538 2077 1569 2103 et,
1589 2071 1691 2103 forma
1711 2070 1874 2110 indicitur,

1131 2137 1226 2169 quem
1254 2126 1291 2157 dc
1317 2130 1427 2157 cetero
1461 2124 1493 2156 in
1527 2124 1724 2157 admissione
1760 2129 1787 2156 et
1825 2134 1874 2156 re*

1130 2179 1280 2223 ceptione
1306 2179 1491 2212 earumdem
1517 2178 1706 2211 monialium
1734 2177 1823 2221 sequi
1844 2182 1877 2210 et

1131 2243 1258 2265 serrare
1300 2233 1450 2270 debeant,
1487 2242 1523 2264 ac
1559 2231 1780 2264 subsidiorum
1819 2242 1875 2263 seu

1131 2286 1410 2328 eleemosynarum
1445 2284 1602 2317 dotalium
1638 2284 1800 2327 quantitas
1826 2284 1876 2315 de-

1168 2358 1177 2383 1
1202 2355 1348 2382 Clementis
1369 2355 1400 2381 XI
1422 2359 1506 2381 const.
1529 2355 1595 2381 edit.
1617 2361 1763 2387 uoccxvui,
1785 2353 1827 2380 die
1848 2354 1878 2380 to

1131 2400 1294 2431 decembris,
1324 2399 1419 2434 pontis.
1449 2406 1502 2433 xix,
1529 2398 1621 2425 uultus
1647 2398 1799 2425 declaratus
1827 2398 1878 2423 fuit

1132 2449 1260 2472 tractatus
1282 2444 1478 2480 pacificationis
1505 2444 1574 2470 iuter
1601 2442 1727 2470 abbatem
1756 2443 1784 2468 S.
1806 2441 1877 2467 Galli

1131 2494 1158 2517 et
1177 2490 1351 2524 magistratus
1382 2489 1544 2515 Bernensem
1567 2492 1592 2515 et
1612 2488 1792 2521 Tigurinum,
1813 2491 1840 2512 et
1862 2494 1876 2512 a

1132 2534 1269 2561 Benedicti
1284 2533 1342 2560 XIII
1363 2537 1449 2560 const.
1466 2533 1531 2559 edit.
1553 2538 1697 2564 iioccxxxi,
1719 2531 1761 2557 die
1785 2530 1816 2557 14
1836 2530 1877 2557 fe-

1131 2578 1244 2612 bruarii,
1274 2578 1369 2613 pontis.
1402 2585 1431 2610 u,
1459 2577 1534 2603 nulla
1562 2576 1736 2603 declarantur
1763 2578 1840 2609 gesta
1862 2583 1877 2600 a

1132 2622 1264 2650 saeculari
1283 2626 1417 2657 potestate
1445 2622 1470 2647 iu
1495 2620 1627 2647 Sabaudia
1654 2623 1681 2645 et
1702 2619 1877 2645 Pedeinontio

1133 2667 1261 2694 adversus
1282 2667 1474 2693 monasterium
1497 2673 1622 2699 inagnum
1643 2664 1667 2689 S.
1691 2663 1830 2690 Bernardi.
