2269 3203
255 217 436 246 Amol-iot
486 208 528 242 38

446 277 538 299 caces
570 265 711 299 existere
751 271 783 297 et
813 265 898 304 sore,
932 274 1073 307 suosque
1109 264 1184 306 ple—

1032 215 1207 239 BULLARIUM
1233 213 1384 237 ROMANUM

1971 211 2020 238 Aa.
2037 211 2065 238 e.
2088 211 2156 240 ¹701

1550 257 1653 291 XXIV.

447 329 555 351 ¹¹³s¹0⁵
580 324 611 351 et
635 323 782 365 mtegFOS
801 316 937 350 effffl‘t'ffi
955 322 1063 349 gorm]
1085 314 1184 348 emh*
1231 331 1422 364 Conceditur
1444 329 1628 362 volantibus
1651 330 1842 371 siynalurae
1867 330 1965 362 iusti-

449 373 563 413 tinerc‚
581 384 618 405 ar,
644 372 718 411 illis,
749 372 786 404 ad
810 382 892 414 quos
922 375 1049 413 spectat
1076 374 1106 401 et
1126 378 1183 410 pro

448 431 596 468 tempore
618 425 797 468 spectabit,
832 424 862 455 in
896 422 1046 455 omnibus
1072 426 1102 453 et
1127 430 1184 462 per

449 478 557 511 onmia
583 478 770 521 plenissime
804 475 989 518 suffragari,
1013 475 1125 516 sieque
1152 472 1182 504 in

447 530 634 574 praemissis
659 541 717 573 per
742 538 963 572 quoscumque
990 526 1112 558 iudices
1132 536 1183 557 or-

448 584 589 616 dinarios
615 589 646 615 et
671 583 856 624 delegatos,
884 580 980 612 etiam
1015 588 1182 611 causarum

448 636 558 678 palatii
585 635 753 678 apostolici
780 634 963 672 auditores,
991 631 1125 664 iudicari
1152 634 1184 662 et

449 687 575 721 deliniri
603 688 741 726 debere,
768 698 802 719 ac
830 686 952 718 irritum
980 689 1012 716 et
1037 684 1131 716 inane
1157 682 1181 714 si

448 751 541 773 secus
567 751 667 783 super
686 741 734 772 liis
761 751 776 771 a
802 749 974 782 quoquam,
994 736 1107 779 quavis
1126 746 1182 768 au-

448 794 605 834 ctoritate,
633 793 775 826 scienter
800 793 849 825 vel
876 792 1079 834 ignoranter,
1107 800 1183 822 con-

448 846 557 889 tigerit
580 846 743 879 attentari.

491 900 505 942 §
529 899 558 932 4.
584 899 651 932 Nou
678 897 881 931 obstantibus
912 895 1121 940 praemissis,
1147 906 1183 927 ac

447 951 733 985 constitutionibus
759 956 791 984 et
816 949 1078 983 ordinationibus
1107 959 1183 991 apo-

446 1005 591 1045 stolicis,
619 1015 745 1038 necnon
781 1004 885 1036 dictae
911 1002 1183 1045 Congregationis

445 1059 626 1098 Cliaritatis‚
653 1058 748 1090 etiam
775 1058 957 1089 iuramento
974 1082 981 1095 ,
1013 1055 1184 1088 confirma—

445 1113 533 1145 tione
570 1111 771 1155 apostolica‚
805 1112 853 1143 vel
889 1110 1001 1153 quavis
1028 1109 1182 1142 firmitate

445 1166 507 1198 alia
532 1165 705 1205 roboratis,
727 1164 854 1197 statutis
880 1169 912 1196 et
936 1162 1184 1196 consuetudini-

445 1218 516 1258 bus,
545 1217 724 1261 privilegiis
750 1227 892 1260 quoque,
918 1216 1055 1249 indultis
1081 1221 1113 1248 et
1138 1215 1185 1248 lit-

446 1272 523 1304 teris
542 1271 732 1314 apostolicis
755 1271 785 1303 in
808 1270 1004 1303 contrarium
1026 1269 1185 1312 praemis-

447 1336 557 1358 sorum
583 1323 830 1367 quomodolibet
854 1322 1040 1362 concessis,
1069 1321 1186 1355 confir-

446 1378 541 1412 matis
566 1383 598 1411 et
627 1378 807 1418 innovatis3
834 1376 953 1420 quibus
978 1375 1130 1409 omnibus
1155 1380 1187 1407 et

447 1431 584 1474 singulis
601 1458 608 1472 ,
633 1430 762 1463 illorum
800 1436 932 1463 tenores
957 1428 1184 1473 praesentibus

447 1496 507 1529 pro
533 1486 628 1528 plene
661 1490 691 1518 et
725 1484 927 1517 sufficienter
960 1482 1122 1527 expressis
1149 1493 1184 1515 ac

449 1539 488 1572 de
513 1538 613 1572 verbo
639 1539 678 1571 ad
704 1539 838 1571 verbum
864 1538 994 1571 insertis
1010 1537 1184 1576 habentes,

448 1592 512 1625 illis
535 1592 614 1625 alias
631 1592 663 1624 in
684 1602 742 1625 suo
763 1591 880 1625 robore
897 1591 1129 1635 permansuris,
1147 1589 1186 1622 ad

449 1644 704 1688 praemissorum
724 1644 883 1685 effectum,
899 1645 959 1677 hac
973 1644 1042 1677 vice
1065 1643 1188 1676 dumta-

449 1703 511 1738 xat,
536 1697 722 1740 specialiter
740 1702 771 1730 et
795 1708 948 1741 expresse
974 1697 1187 1739 derogamus,

451 1750 635 1794 ceterisque
660 1750 830 1783 contrariis
856 1750 1129 1793 quibuscumque.

494 1804 509 1847 ἓ
542 1804 573 1837 5.
613 1803 764 1836 Volumus
798 1807 902 1836 autem
935 1808 970 1835 ut
1001 1802 1190 1836 earumdem

451 1856 671 1900 praesentium
689 1856 869 1889 litterarum
894 1856 1115 1899 transumptis,
1133 1865 1190 1888 seu

452 1909 621 1953 exemplis,
635 1909 730 1942 etiam
746 1909 925 1953 impressis,
942 1919 1039 1942 manu
1056 1909 1190 1942 alicuius

453 1962 570 1995 notarii
607 1961 729 2005 publici
767 1962 973 2006 subscriptis,
1013 1967 1045 1996 et
1081 1962 1191 2005 sigillo

453 2026 611 2058 personae
638 2016 668 2048 in
690 2016 912 2049 ecclesiastiea
939 2016 1097 2059 dignitate
1115 2027 1193 2049 con-

454 2068 582 2102 stitutae
609 2069 750 2109 munius,
767 2069 880 2102 eadem
899 2080 1032 2112 prorsus
1058 2069 1138 2102 fides
1162 2081 1194 2101 u-

454 2121 552 2164 bique
571 2123 718 2155 locorum
744 2128 805 2155 tam
832 2123 864 2155 in
889 2122 1010 2156 iudicio
1028 2133 1122 2166 quarn
1141 2133 1193 2155 ex—

456 2179 503 2206 tra
527 2174 606 2207 illud
632 2175 798 2216 habeatur,
825 2186 907 2219 quae
933 2176 1011 2219 ipsis
1043 2186 1193 2219 praesen-

456 2226 540 2258 tibus
566 2226 740 2260 haberetur
771 2229 796 2261 si
822 2229 929 2263 forent
953 2228 1117 2262 exhibitae
1142 2230 1192 2262 vcl

455 2284 618 2312 ostensae.

498 2331 608 2364 Datum
631 2332 758 2373 Romae,
784 2334 870 2376 apud
905 2334 936 2367 S.
964 2334 1107 2375 Petrum,
1134 2334 1192 2367 sub

456 2386 576 2417 annulo
601 2384 786 2425 piscatoris,
814 2387 865 2419 die
890 2397 950 2420 xxv
976 2387 1054 2420 iunii
1080 2397 1191 2428 MDCCt,

455 2437 660 2480 pontificatus
684 2438 787 2471 nostri
813 2449 895 2473 anno
917 2451 940 2474 1.

489 2498 552 2526 Dat.
574 2498 617 2526 die
637 2499 670 2526 25
689 2499 755 2526 iunii
775 2500 854 2535 1701,
876 2501 972 2535 pontis.
994 2510 1065 2529 anno
1081 2508 1100 2528 1.

281 912 436 932 Contrariorum

255 939 373 963 derogatio.

298 1807 361 1830 Fides
385 1812 441 1831 trau-

259 1839 394 1863 sumptorum.

1274 385 1337 416 tz'ae
1357 384 1455 416 etiam
1472 387 1541 426 post
1558 382 1778 415 dimissionem
1804 383 1900 425 officii
1919 383 1968 426 fa-

1272 436 1375 468 cultas
1401 435 1621 478 transferendi
1641 436 1812 478 pensiones
1836 435 1857 468 ¹.

1447 517 1582 544 clemens
1603 516 1682 549 Papa
1701 515 1750 549 XI,

1348 562 1384 589 ad
1402 564 1578 596 perpetuam
1598 561 1642 588 rei
1657 560 1840 588 memoriam.

1272 632 1418 666 Creditae
1436 632 1530 665 nobis
1546 631 1698 665 divinitus
1713 631 1969 675 dispensationis
2007 641 2127 665 Exordium.

1228 686 1308 719 ratio
1331 686 1440 728 exigit,
1466 690 1510 726 ut,
1529 686 1612 726 illos,
1631 685 1683 728 qui
1702 686 1776 728 plus
1797 685 1916 718 laboris
1940 690 1972 718 et

1228 739 1375 782 obsequii
1401 739 1433 771 in
1460 738 1666 782 Apostolicae
1692 737 1783 771 Sedis
1807 738 1968 771 honorem

1228 803 1264 826 ac
1282 792 1445 824 Ecclesiae
1459 790 1645 824 Catholicae
1663 790 1833 824 utilitatem
1853 790 1970 833 iugiter

1228 845 1377 889 perferre
1413 849 1444 877 et
1477 844 1667 888 impendere
1700 854 1763 876 non
1798 844 1969 883 desistunt,

1228 898 1385 942 peculiari
1404 903 1558 942 paternae
1577 897 1747 931 charitatis
1765 897 1879 930 affeetu
1896 907 1971 940 pro-

1228 957 1413 995 sequentes,
1440 951 1486 984 eis
1512 951 1666 984 uberiora
1697 949 1882 993 pontificiae
1915 960 1971 982 no-

1228 1010 1314 1037 strae
1339 1004 1551 1046 benignitatis
1574 1004 1657 1036 dona
1683 1003 1870 1045 largiamur.

1272 1058 1287 1100 ξ
1312 1057 1343 1089 l.
1374 1057 1458 1089 Alias
1483 1056 1645 1099 siquidem
1671 1066 1728 1089 nos
1754 1061 1830 1088 tunc
1855 1060 1887 1088 et.
1911 1065 1970 1098 pro
2007 1064 2111 1094 Auioaab
2124 1064 2165 1085 noc

1229 1116 1374 1153 tempore
1391 1109 1604 1142 existentibus
1622 1108 1853 1141 referendariis
1867 1108 1971 1151 signa·
1981 1091 2096 1139 ξὲςῖἓῆῗιῗῑι
2107 1096 2166 1137 ‹1⁰12'2'2'

1230 1169 1320 1195 turae
1346 1167 1474 1195 nostrae
1512 1162 1653 1194 iustitiae
1688 1161 1873 1193 rotantibus
1897 1144 2166 1204 per-iivigflffiius.⁸c²⁰

1230 1221 1327 1260 petuo
1353 1215 1571 1248 concessimus
1590 1220 1621 1247 et
1638 1214 1830 1247 indulsimus
1855 1218 1891 1246 ut
1908 1214 1970 1257 ipsi

1230 1269 1405 1313 pensiones
1432 1278 1565 1308 annuas,
1582 1267 1759 1310 apostolica
1780 1267 1971 1300 auctoritate

1231 1323 1276 1356 eis
1294 1332 1395 1366 super
1412 1320 1581 1364 quibusvis
1606 1321 1761 1353 fructibus
1779 1320 1973 1352 ecclesiasti-

1230 1376 1273 1409 cis
1288 1380 1465 1409 reservatas
1477 1379 1509 1408 et
1519 1384 1578 1417 pro
1591 1379 1736 1418 tempore
1750 1372 1971 1413 reservandas,

1230 1439 1334 1473 usque
1371 1428 1409 1461 ad
1446 1438 1604 1460 summam
1639 1431 1770 1460 centum
1806 1430 1972 1459 scutorum

1230 1488 1380 1516 monetae
1417 1482 1602 1521 dumtaxat,
1634 1480 1673 1513 ad
1710 1480 1852 1513 savorem
1876 1479 1972 1511 unius

1231 1547 1288 1569 seu
1318 1535 1460 1579 plurium
1494 1544 1707 1578 personarum
1739 1532 1974 1566 ecclesiastica-

1233 1600 1303 1622 rum
1320 1599 1376 1622 seu
1398 1588 1603 1628 clericorum,
1624 1598 1660 1620 ac
1676 1586 1755 1619 alias
1773 1585 1973 1629 pensionum

1234 1641 1422 1675 huiusmodi
1457 1640 1633 1684 capacium,
1672 1639 1767 1673 etiam
1804 1639 1837 1671 in
1861 1637 1974 1671 mortis

1233 1695 1383 1736 articulo,
1411 1705 1520 1728 coram
1545 1693 1673 1727 notario
1705 1698 1738 1726 et
1768 1692 1914 1733 testibus,
1940 1702 1976 1725 ac

1234 1759 1306 1781 cum
1333 1747 1469 1781 alieuius
1501 1746 1637 1790 praelati
1671 1755 1725 1778 seu
1760 1755 1918 1788 personae
1943 1744 1975 1777 in

1234 1801 1454 1835 ecclesiastica
1479 1800 1637 1844 dignitate
1663 1799 1857 1833 constitutae
1875 1798 1976 1831 inter-

1234 1861 1339 1896 ventu,
1367 1854 1542 1888 transferre
1567 1854 1715 1896 (servata
1740 1857 1847 1885 tamen
1872 1851 1976 1884 forma

1236 1909 1474 1943 constitutionis
1499 1908 1602 1942 felicis
1627 1905 1864 1941 recordationis
1882 1905 1977 1938 Inno-

1237 1963 1333 1996 centii
1368 1963 1473 2006 Papae
1498 1961 1538 1994 XI
1575 1958 1838 2005 praedecessoris
1874 1957 1976 1992 nostri

1236 2026 1333 2059 super
1366 2014 1578 2048 translatione
1610 2012 1804 2056 pensionum
1840 2011 1973 2054 editae)

1237 2070 1340 2104 libere
1366 2074 1397 2102 et
1422 2068 1508 2102 licite
1533 2071 1667 2110 possent
1698 2069 1729 2099 et
1757 2066 1917 2105 valerent,
1945 2068 1977 2098 et

1237 2123 1327 2163 alias,
1342 2126 1438 2165 prout
1461 2120 1494 2153 in
1519 2118 1636 2152 nostris
1654 2119 1795 2161 desuper
1818 2117 1851 2150 in
1876 2116 1975 2150 simili

1238 2176 1342 2209 forma
1365 2173 1475 2207 Brevis
1503 2172 1554 2206 die
1578 2181 1677 2205 xxvin
1703 2170 1807 2204 martii
1830 2168 1975 2214 proxime

1237 2226 1401 2272 praeteriti
1418 2224 1577 2269 expeditis
1594 2223 1721 2264 litteris,
1737 2233 1869 2266 quarum
1885 2227 1977 2256 teno-

1237 2292 1306 2314 rem
1325 2278 1550 2324 praesentibus
1574 2287 1634 2320 pro
1653 2277 1750 2320 plene
1767 2280 1799 2309 et
1816 2274 1977 2308 sufficien-

1238 2340 1286 2367 ter
1304 2342 1457 2376 expresso
1475 2341 1510 2364 ac
1533 2330 1571 2364 de
1589 2331 1687 2363 verbo
1712 2329 1751 2363 ad
1770 2329 1903 2362 verbum
1927 2328 1977 2360 in-

1237 2391 1324 2420 serto
1336 2384 1450 2418 haberi
1466 2384 1624 2424 volumus,
1636 2383 1767 2416 uberius
1778 2381 1973 2415 continetur.

1272 2477 1283 2502 1
1306 2474 1343 2501 De
1363 2473 1413 2500 hac
1432 2472 1558 2500 facultate
1578 2471 1638 2498 vide
1658 2471 1738 2498 huius
1753 2470 1891 2497 Pontifieis
1910 2462 1976 2500 con—

1236 2518 1290 2545 stit.
1308 2517 1372 2544 edit.
1388 2523 1477 2551 nocet,
1499 2516 1541 2542 die
1560 2515 1594 2541 28
1614 2514 1714 2546 martii,
1732 2514 1826 2549 pontif.
1848 2522 1875 2548 13
1897 2517 1924 2541 et
1943 2513 1976 2541 de

1236 2562 1353 2590 cordone
1374 2561 1471 2589 coloris
1492 2559 1613 2591 violacei,
1633 2558 1770 2586 Benedicti
1790 2558 1847 2586 XIII
1867 2554 1975 2587 constit.

1236 2606 1301 2635 edit.
1322 2612 1475 2641 moccxxvn,
1497 2604 1539 2633 die
1563 2605 1593 2633 12
1613 2604 1682 2639 iulii,
1704 2603 1798 2639 pontit.
1820 2610 1856 2633 lv.
