2269 3203
103 225 153 252 An.
172 223 202 252 C.
217 224 284 252 ¹701

124 1778 237 1798 Exordium
269 1784 282 1799 a

96 1810 166 1826 causis
184 1807 279 1828 iubiiaei-

933 218 1074 243 CLEMENS
1100 219 1129 243 xl
1154 219 1203 243 1³11.

299 272 549 307 confirmatione
574 269 764 314 apostolica,
787 269 839 302 vel
858 267 973 312 quavis
994 267 1048 301 fir-

299 327 412 361 mitate
429 325 492 359 alia
512 324 689 363 roboratis,
710 322 840 356 statutis
862 327 894 355 et
910 332 1047 355 consue·

300 379 490 419 tudinibu5‚
517 376 699 421 privilegiis
734 386 875 420 quoque,
909 375 1047 409 indultis

299 439 331 468 et
346 432 466 467 litteris
479 430 671 475 apostolicis
686 430 718 463 in
734 429 936 463 contrarium
957 439 1048 473 prae-

297 486 470 520 missorum
497 483 750 528 quomodolibet
777 482 953 522 concessis,
972 493 1046 515 con-

296 539 431 572 firmatis
453 543 484 572 et
504 537 686 578 innovatis;
707 537 826 581 quibus
843 537 997 570 omnibus
1015 541 1045 569 et

296 593 455 636 singulis,
481 592 614 626 illorum
650 597 782 624 tenores
819 591 1046 634 praesentibus

296 657 356 690 pro
387 647 485 690 plene
519 652 550 680 et
573 645 772 679 sufficienter
808 645 974 689 expressis
1008 656 1046 678 ac

296 700 336 734 ad
361 700 496 733 verbum
517 699 650 732 insertis
672 699 847 739 habentes,
867 698 933 732 illis
965 698 1045 731 alias

295 753 328 786 in
353 763 413 786 suo
437 753 560 786 robore
597 751 844 796 permansuris,
876 752 915 783 ad
951 761 1045 794 prae-

294 806 473 839 missorum
501 805 651 839 effectum
666 832 673 846 ‚
701 806 762 838 hac
780 805 849 838 vice
868 805 1042 844 dumtaxat,

295 859 485 903 specialiter
502 865 534 893 et
551 870 707 903 expresse
732 859 942 901 derogamus3
962 864 1043 892 cote-

294 913 405 956 risque
423 912 598 946 contrariis
620 913 892 956 quibuscumque.

338 966 453 1000 Datum
478 966 611 1007 Romae,
641 967 727 1009 apud
762 965 793 999 S.
815 966 956 1005 Petrum,
982 965 1041 998 sub

294 1021 415 1054 annulo
430 1020 616 1059 piscatoris,
631 1020 682 1053 die
696 1030 747 1053 xix
761 1018 915 1053 februarii
930 1029 1040 1059 nacci,

294 1073 504 1118 pontificatus
522 1073 627 1107 nostri
646 1084 733 1106 anno
752 1083 773 1107 1.

329 1136 388 1164 Dat.
407 1136 451 1163 die
469 1137 499 1163 19
515 1135 648 1163 februarii
665 1136 743 1167 1701,
761 1135 861 1171 pontif.
879 1143 952 1163 anno
968 1142 986 1162 1.

645 1280 697 1314 xl.

291 1362 458 1396 Indicitur
493 1362 678 1395 iubz'laeum
717 1362 904 1394 universale
942 1361 1040 1395 initio

335 1417 546 1462 pontificatus
560 1427 621 1460 pro
646 1416 791 1449 salutari
810 1416 972 1449 Ecclesiae
992 1426 1040 1449 re-

335 1471 460 1516 gimine
484 1470 506 1504 ¹.

515 1554 652 1582 clemens
673 1554 752 1587 Papa
771 1553 820 1588 XI,

292 1608 449 1638 Universis
469 1607 723 1636 christifidelibus
753 1610 933 1642 praesentes
953 1607 1038 1635 litte-

345 1661 395 1682 ras
415 1653 612 1687 inspecturis,
638 1654 769 1681 salutem
789 1656 820 1680 et
840 1652 1039 1687 apostolicam

346 1697 602 1726 benedictionem.

336 1770 371 1803 In
397 1779 553 1813 supremo
579 1768 747 1802 militantis
765 1769 930 1803 Ecclesiae
952 1769 1037 1803 solio

292 1835 352 1868 per
376 1822 576 1856 ineffabilem
598 1822 726 1855 divinae
751 1823 905 1856 bonitatis
935 1823 1037 1856 abun-

292 1876 449 1917 dantiam,
473 1876 598 1909 meritis
625 1876 701 1909 licet
725 1876 916 1919 imparibus,
939 1877 1037 1910 collo-

292 1930 367 1971 cati,
392 1929 467 1963 dum
485 1929 724 1974 pontificiarum
744 1940 891 1962 curarum
915 1931 1036 1963 molem

290 1983 466 2017 humilitati
496 1988 592 2026 atque
617 1982 799 2015 infirmitati
826 1988 955 2016 nostrae
980 1984 1036 2017 im-

289 2036 438 2081 positam,
463 2036 490 2069 si
519 2047 664 2079 unquam
701 2036 790 2075 alias,
816 2047 903 2069 nune
928 2042 1034 2078 certe,

289 2091 374 2124 inter
395 2096 459 2123 tam
477 2090 586 2133 gravia
606 2090 844 2123 imminentium
871 2091 1035 2125 bellorum

289 2142 477 2177 discrimina
502 2143 647 2187 aliasque
673 2143 830 2186 plurimas
859 2154 967 2177 rerum
999 2156 1035 2178 ac

290 2202 474 2241 temporum
500 2196 717 2237 difficultates,
751 2198 890 2231 maximo
917 2209 1034 2231 onero-

287 2262 355 2285 sam
381 2256 585 2292 contuemur,
612 2251 728 2285 crebra
764 2262 801 2284 cx
834 2251 899 2284 imo
935 2253 1033 2285 corde

288 2305 428 2349 suspiria
460 2310 493 2338 et
521 2305 640 2338 uberes
666 2316 703 2338 ex
738 2306 841 2339 oculis
877 2307 1033 2349 lacrymas

288 2358 425 2392 sundere
457 2358 612 2402 cogimur,
639 2359 765 2402 ingenti
802 2369 878 2392 sane
914 2370 1032 2403 pavore

288 2412 442 2456 correpti,
460 2422 501 2446 ne
522 2412 556 2445 in
581 2411 786 2447 altitudinem
803 2414 902 2447 maris
920 2414 1030 2456 delati,

324 2503 335 2528 1
349 2501 442 2529 Simile
453 2502 601 2530 iubilaeum
612 2506 684 2531 extat
696 2504 722 2531 in
739 2504 892 2532 Innocentii
908 2505 1031 2533 Xllcon-

288 2544 343 2572 stit.
364 2546 430 2574 edit.
450 2553 558 2580 Μυσίαι,
587 2547 629 2575 die
652 2549 684 2575 ¹2
703 2549 869 2584 novembris,
889 2550 984 2585 pontis.
1005 2558 1031 2583 1,

288 2594 315 2617 et
335 2589 482 2617 lnnocentii
496 2591 553 2618 xul
574 2593 682 2620 constit.
703 2593 768 2621 edit.
790 2601 914 2630 unccxxt,
936 2595 978 2623 die
998 2597 1030 2624 27

288 2634 364 2671 maii,
386 2634 480 2670 pontif.
502 2641 519 2662 1.

365 2688 446 2719 Buta.
460 2690 543 2720 Rom.
560 2705 591 2711 -
612 2691 672 2720 Vol.
688 2692 765 2721 XXI.
930 2694 946 2721 3

1755 213 1797 247 17

1091 269 1300 311 surgentibus
1326 270 1471 314 undique
1503 274 1735 314 tempestatum
1760 283 1835 315 pro-

1090 322 1201 365 cellis,
1227 323 1418 356 obruamur.
1445 324 1597 363 Quamvis
1622 335 1698 358 vero
1724 326 1757 358 in
1782 326 1836 360 bo-

1090 386 1207 409 norum
1228 377 1372 410 omnium
1397 377 1552 420 largitore
1582 378 1656 418 Deo,
1683 378 1738 422 qui
1764 390 1836 423 spe·

1091 436 1199 463 rantes
1225 431 1258 463 in
1280 441 1314 464 se
1333 431 1491 464 confundi
1511 442 1575 465 non
1592 432 1724 476 patitur,
1742 443 1834 476 spem

1088 489 1233 517 nostram
1255 485 1469 524 collocantes,
1495 495 1625 519 omnem
1643 496 1703 528 pro
1730 486 1835 519 salute

1089 537 1256 571 commissi
1276 538 1371 571 nobis
1389 539 1544 572 dominici
1562 540 1671 582 gregis
1688 540 1835 573 laborem

1088 592 1238 625 alacriter
1262 592 1373 626 subire
1399 592 1502 635 parati
1528 593 1641 633 simus,
1670 603 1730 626 nec
1755 604 1833 635 non,

1088 655 1148 688 pro
1174 655 1212 678 eo
1238 656 1302 689 quo
1328 645 1478 689 publicae
1497 645 1616 689 quietis
1646 646 1835 680 custodien-

1088 699 1148 731 dae
1175 699 1338 732 desiderio
1366 704 1524 740 tenemur,
1544 699 1697 743 quicquid
1723 700 1756 733 in
1782 711 1835 734 no·

1087 752 1136 785 bis
1163 759 1210 786 est
1233 753 1347 786 virium
1373 758 1469 797 atque
1497 754 1626 787 consilii
1645 755 1676 787 in
1704 754 1735 787 id
1762 765 1835 788 con-

1087 806 1170 840 serre
1197 807 1393 847 studeamus,
1421 812 1455 839 ut
1472 807 1656 851 principum
1683 808 1834 841 christia-

1088 870 1203 893 norum
1218 859 1327 899 animi,
1341 860 1476 894 sublatis
1496 861 1647 894 omnibus
1666 861 1730 894 illis
1748 872 1831 904 quae

1086 913 1295 946 concordiam
1331 914 1461 947 turbare
1499 920 1660 957 possent,
1701 914 1831 947 arctiori

1085 971 1183 1009 atque
1223 966 1446 1001 indissolubili
1491 968 1659 1001 charitatis
1703 968 1831 1001 vinculo

1086 1019 1349 1062 coniungantur3
1383 1026 1537 1061 attamen,
1558 1021 1633 1065 quia
1659 1022 1731 1054 vani
1757 1026 1833 1054 sunt

1086 1072 1258 1106 hominum
1285 1079 1430 1114 conatus,
1450 1075 1512 1107 nisi
1531 1075 1655 1118 gratiae
1682 1075 1833 1108 caelestis

1085 1136 1147 1169 ope
1184 1126 1387 1166 adiuventur,
1425 1128 1464 1160 ad
1503 1134 1644 1161 vestrum
1672 1129 1829 1168 omnium,

1085 1180 1204 1222 quibus
1229 1185 1342 1213 nostra
1358 1180 1579 1224 impendenda
1603 1187 1651 1215 est
1676 1182 1832 1215 sollicitu-

1084 1235 1137 1274 do,
1174 1234 1340 1267 orationes
1365 1234 1581 1277 confugimus,
1611 1240 1645 1267 ut
1679 1240 1830 1268 exoratus

1083 1288 1301 1321 concordibus
1325 1287 1470 1322 fidelium
1496 1289 1646 1332 precibus
1664 1289 1829 1330 Dominus,

1084 1342 1139 1386 qui
1166 1343 1220 1376 dat
1246 1343 1332 1376 lasso
1358 1343 1520 1385 virtutem,
1546 1348 1578 1376 et
1604 1343 1655 1376 his
1683 1344 1739 1387 qui
1765 1354 1830 1377 non

1083 1401 1157 1429 sunt
1178 1396 1403 1429 fortitudinem
1431 1402 1462 1429 et
1486 1397 1588 1430 robur
1608 1398 1828 1441 multiplicat,

1083 1452 1138 1485 det
1173 1451 1268 1485 nobis
1295 1451 1421 1484 sedium
1448 1461 1578 1484 suarum
1605 1452 1830 1486 assistitricern

1082 1505 1292 1549 sapientiam,
1330 1505 1554 1548 populumque
1580 1515 1673 1538 suum
1699 1511 1829 1549 optatae

1082 1562 1229 1594 cumulet
1266 1560 1390 1593 laetitia
1429 1559 1700 1603 tranquillitatis.
1744 1561 1830 1594 llaec

1082 1619 1189 1647 autem
1214 1619 1250 1646 ut
1281 1612 1472 1646 ferventiori
1505 1612 1665 1646 charitate
1698 1613 1830 1647 maiori-

1081 1679 1145 1712 que
1172 1669 1278 1700 fructu
1303 1666 1390 1707 fiant,
1424 1666 1569 1710 priscum
1605 1667 1828 1701 Romanorum

1081 1721 1274 1755 Pontificum
1311 1720 1603 1764 praedecessorum
1640 1726 1828 1754 nostrorum

1080 1786 1205 1810 morem
1231 1780 1421 1818 sequente&
1458 1774 1623 1807 Ecclesiae
1657 1775 1828 1808 thesauros

1081 1829 1319 1874 dispensationi
1351 1833 1484 1861 nostrae
1511 1828 1652 1861 creditos
1680 1830 1828 1872 proferre

1081 1890 1113 1917 et
1137 1883 1266 1918 liberali
1287 1893 1384 1915 manu
1412 1893 1549 1925 erogare
1573 1882 1791 1916 decrevimus.

1124 1938 1189 1981 §l
1220 1938 1332 1981 Itaque
1358 1937 1398 1970 de
1423 1936 1659 1979 omnipotentis
1686 1936 1742 1969 Dei
1767 1937 1828 1970 mi-

1078 1991 1257 2025 sericordia
1276 1990 1432 2033 (Reliqua
1450 1993 1482 2022 uc
1497 1989 1532 2021 in
1548 1989 1731 2022 Alexandri
1749 1989 1831 2024 HJJ

1078 2050 1177 2079 const.
1206 2045 1284 2078 edit.
1310 2053 1501 2083 nncmxmx,
1520 2042 1572 2076 ilie
1593 2053 1623 2076 xi
1640 2042 1824 2085 decembris,

1076 2099 1195 2142 pontis.
1224 2099 1272 2141 1).

1122 2153 1237 2185 Datum
1263 2152 1396 2191 Romae,
1422 2151 1508 2194 apud
1535 2151 1567 2184 S.
1596 2151 1738 2192 Petrum,
1765 2152 1825 2184 sub

1083 2208 1206 2240 annulo
1243 2205 1442 2245 piscatoris,
1486 2205 1538 2238 dio
1574 2215 1633 2239 xxv
1666 2206 1825 2239 februarii

1077 2269 1187 2299 mucci,
1214 2257 1422 2302 pontificatus
1447 2258 1551 2291 nostri
1576 2269 1663 2292 anno
1690 2270 1712 2292 1.

1113 2322 1173 2349 Dat.
1191 2321 1235 2349 die
1251 2321 1285 2349 25
1306 2320 1440 2348 februarii
1465 2321 1544 2354 170¹,
1567 2321 1665 2356 pontif.
1687 2330 1759 2348 anno
1775 2328 1793 2349 1.

1414 2444 1480 2477 XII.

1077 2525 1302 2569 Confirmatio·
1347 2525 1511 2558 decretum
1555 2525 1825 2569 Conqregyationis

1119 2580 1344 2624 episcoporum
1370 2583 1398 2612 el
1422 2579 1630 2624 reyularz'um
1662 2579 1699 2613 de
1723 2579 1824 2612 abba-

1121 2634 1205 2669 tibus
1232 2634 1500 2679 Conqreqationis
1524 2633 1632 2669 sancti
1655 2632 1825 2669 Bernardz‘

1844 222 1892 249 An.
1915 222 1943 249 C.
1963 222 2027 250 ¹701
