2269 3203
93 215 143 241 An.
158 213 187 241 C.
209 212 278 241 ¹703

123 563 152 583 Do
167 562 230 583 modo
246 561 279 581 iti-

94 589 183 610 timendi
199 591 279 608 cunti-0.

95 622 174 636 renutu
186 618 239 635 inter
247 620 277 634 «ῃ,

94 644 189 668 γετί-ητα
217 647 277 666 gann-

95 671 150 689 ratos
166 671 187 689 ul
205 669 277 688 denni-

95 699 152 716 ιιι-ει
175 696 206 715 vel
230 700 278 720 pra-

95 724 196 742 molun'u}
216 724 277 742 omi.

94 754 134 769 mn.

935 214 1078 239 CLEMENS
1103 214 1136 238 xt
1160 215 1208 239 Pr.

288 268 372 294 extra
398 267 512 304 tempus
534 263 734 302 convocando,
750 263 784 293 de
808 262 894 303 plano
917 268 945 293 et
968 264 1031 293 sine

288 313 410 353 strepitu
433 312 532 342 iudicii
555 312 786 351 praemissorum
810 312 960 342 convictus
983 312 1031 342 de-

291 362 359 401 poni
382 362 489 402 possit3
514 361 603 391 salvis
627 366 723 391 tamen
743 361 882 399 legitimis
904 362 1032 401 appella-

290 411 439 447 tionibus,
464 411 526 440 sine
556 420 681 450 quarum
705 411 883 450 praeiudicio
913 411 1029 440 decreta

290 459 479 493 huiusmodi,
503 460 596 489 donec
625 459 712 489 aliter
741 460 886 489 sancitum
921 460 1028 497 suerit,

288 508 495 539 servabuntur.

328 567 358 587 11.
381 557 438 594 Ne,
462 557 592 587 dissidiis
614 562 700 597 atque
730 557 831 588 litibus
860 562 941 588 extra
964 558 1031 588 reli-

288 606 404 644 gionem
435 607 627 644 transmissis,
645 607 837 646 (Iongregatio
865 612 962 637 nostra
985 617 1031 637 re-

289 655 410 686 formata
434 655 588 694 turbetur,
606 657 767 696 capitulum
794 657 931 694 generale
956 657 1028 692 vult,

289 704 389 734 statuit
421 709 448 735 et
478 705 619 744 praecipit
649 705 949 745 quod,gravialiqua
972 705 1030 735 dis-

288 753 423 784 sensione
446 753 524 783 inter
539 754 721 793 superiorem
748 754 914 793 gem-ratem
932 763 964 783 ac
982 754 1030 783 de-

288 802 420 833 finitores
443 812 545 833 omnes
571 808 622 834 aut
637 812 738 833 eorum
763 804 903 833 maiorem
929 812 1029 832 nume-

287 860 353 882 rum
393 854 492 882 exorta
532 861 621 892 super
660 853 757 882 causis
794 852 1029 892 quibuscumque

287 901 408 931 omnino
431 901 539 940 dubiiS,
564 906 653 942 atque
676 902 749 932 alias
772 911 823 941 per
845 901 1030 931 constitutio-

286 959 353 980 nem
376 949 496 980 Ordinis
518 952 580 981 sive
610 960 662 991 per
688 951 884 990 capitulorum
907 959 1031 989 genera-

287 998 359 1029 lium
382 999 497 1030 decreta
527 1009 676 1039 nunquam
707 1001 873 1038 declaratis,
897 999 1032 1030 definito-

287 1048 377 1086 rium,
401 1053 450 1079 aut
473 1049 566 1079 maior
588 1059 656 1089 pars
684 1050 774 1086 illius,
799 1049 927 1089 priorem
950 1049 1030 1079 clau-

288 1097 422 1134 stralem,
446 1098 626 1128 visitatorem
649 1103 818 1138 utrumque,
839 1103 888 1128 aut
904 1098 1029 1128 alterum

288 1155 324 1176 ex
346 1146 439 1186 ipsis,
459 1147 483 1177 si
506 1151 602 1177 tamen
625 1147 702 1178 intra
724 1152 782 1177 tres
805 1148 898 1178 dietas
920 1147 1028 1184 adsint,

288 1195 459 1234 superiores
481 1195 636 1226 domorum
667 1200 837 1226 nostrarum
863 1196 1028 1233 Comberii‚

288 1244 442 1283 Lugduni,
466 1244 595 1275 Viennae
611 1271 618 1281 ,
641 1245 742 1276 Pontis
764 1246 793 1275 in
826 1246 973 1286 Royanis,
1003 1250 1031 1276 et

287 1292 316 1324 S.
334 1293 507 1333 Marcellini,
525 1304 558 1324 ac
582 1295 753 1333 magistrum
777 1295 954 1325 novitiorum
974 1294 1031 1324 Ab·

288 1342 395 1381 batiae,
419 1343 535 1374 decreto
558 1344 700 1383 peculiari
719 1344 796 1384 apud
819 1344 1029 1374 monasterium

287 1391 317 1423 S.
341 1392 460 1423 Antonii
484 1393 518 1423 ad
542 1393 744 1433 praestitutam
766 1393 843 1424 diem
869 1403 1030 1424 convocare

289 1445 463 1481 teneantur,
489 1447 522 1473 ut
553 1452 619 1473 cum
653 1443 899 1474 reverendissimo
927 1443 1031 1473 abbate

289 1501 322 1522 ac
339 1492 557 1531 definitoribus,
574 1491 628 1523 sub
642 1492 955 1523 excommunicationis
966 1502 1032 1533 poe-

288 1542 337 1580 na,
361 1541 419 1571 nisi
450 1542 579 1580 legitime
612 1542 746 1581 impediti
781 1542 912 1580 suerint,
943 1542 1030 1572 simul

289 1591 475 1627 conveniant,
500 1595 528 1621 et
559 1591 635 1630 quod
658 1601 673 1620 a
697 1591 800 1621 maiori
832 1592 1031 1631 praesentium

290 1643 372 1677 parte
396 1639 546 1678 (absentes
573 1640 651 1669 enim
679 1644 834 1679 expectare
861 1649 919 1670 non
947 1640 1033 1670 debe-

289 1686 375 1727 bunt)
397 1688 589 1718 constitutum
613 1689 712 1726 suerit,
729 1698 822 1728 usque
837 1689 872 1719 ad
895 1689 1033 1727 generale

289 1737 449 1776 capitulum
464 1738 594 1777 proxime
611 1738 791 1778 subsequens
803 1739 922 1768 omnino
935 1748 1034 1769 serva-

289 1784 378 1815 bitur.
391 1785 420 1816 Si
434 1796 501 1816 vero
513 1787 591 1817 inter
606 1787 884 1817 reverendissimum
899 1787 1032 1817 abbatem

289 1839 318 1865 et
328 1834 496 1865 definitores
509 1836 665 1866 concordia
681 1846 735 1866 nec
748 1837 790 1866 sic
801 1837 912 1866 firmari
927 1838 1030 1876 possit,

290 1884 326 1914 ad
336 1883 438 1914 Sedem
450 1885 647 1924 Apostolicam
665 1895 750 1916 causa
767 1886 925 1923 deseratur,
944 1896 1030 1925 quae,

289 1932 314 1962 si
335 1942 443 1972 urgens
465 1943 498 1963 ac
520 1934 618 1972 graiis
646 1934 717 1965 adeo
742 1935 780 1965 sit
807 1939 839 1965 ut
861 1935 1032 1965 dilationem

290 1982 351 2022 pati
372 1992 431 2013 non
455 1984 563 2022 valeat,
581 1994 595 2014 a
613 1984 861 2014 reverendissimo
885 1984 988 2014 abbate
1005 1989 1032 2014 et

290 2031 496 2062 definitoribus
519 2033 618 2068 simul,
642 2033 699 2072 vel,
724 2034 747 2063 si
771 2033 836 2073 quis
858 2042 959 2063 eorum
988 2043 1033 2063 re-

290 2084 373 2119 nuat,
389 2081 425 2111 ab
447 2081 512 2112 aliis
528 2082 665 2112 omnibus
680 2087 874 2113 convocatum
890 2087 972 2112 extra
989 2091 1033 2112 as-

291 2134 406 2160 suetum
429 2135 543 2170 tempus
561 2132 722 2171 capitulum
741 2132 797 2162 rite
820 2131 1030 2170 celebrabitur,

290 2183 320 2209 et
341 2179 503 2210 discordiae
525 2181 642 2211 modum
665 2181 807 2221 imponet.

330 2229 360 2259 Si
375 2233 485 2268 autem,
503 2231 579 2270 quod
602 2231 688 2266 absit,
707 2231 970 2261 reverendissimus
985 2231 1033 2260 ab-

291 2276 343 2307 bas
365 2279 534 2315 gravissimi
557 2280 681 2310 alicuius
704 2289 852 2316 excessus,
875 2279 1032 2319 depositio-

291 2326 338 2356 nis
357 2329 454 2366 poena
483 2329 563 2358 iuxta
596 2329 822 2359 constitutiones
845 2333 960 2358 nostras
982 2338 1034 2368 pu-

292 2375 404 2415 niendi,
427 2386 443 2407 a
475 2382 642 2416 promotore
673 2378 804 2416 generali
827 2377 945 2408 Ordinis
967 2387 1033 2407 reus

293 2429 440 2463 ageretur,
463 2425 616 2465 inquisitio
643 2435 695 2456 seu
716 2426 885 2456 informatio
907 2426 942 2456 ad
966 2426 1034 2456 defi-

294 2472 457 2511 nitorium,
480 2475 653 2505 auctoritate
681 2475 738 2514 ipsi
766 2475 898 2514 delegata
925 2475 1034 2515 praesi-

295 2519 383 2550 dente
408 2522 457 2561 qui
489 2522 567 2553 inter
599 2524 767 2554 definitores
790 2524 892 2554 ordine
920 2524 1034 2563 primus

295 2568 368 2608 erit,
390 2569 531 2601 iudicium
553 2581 622 2602 vero
644 2572 680 2602 ad
702 2573 862 2612 capitulum
885 2573 1032 2611 generale,

295 2617 370 2649 citra
396 2623 543 2651 assuetum
573 2624 686 2662 tempus
716 2631 770 2662 per
799 2621 986 2661 definitores,
1010 2622 1035 2652 si

1741 209 1783 243 85
1831 219 1879 246 An.
1896 219 1923 246 o.
1950 220 2018 248 ¹703

1076 264 1113 293 ita
1137 264 1179 293 eis
1204 263 1360 301 videbitur,
1384 264 1471 294 ctiam
1495 266 1731 305 convocandum,
1755 276 1821 307 per-

1077 313 1194 343 tinebit.

1118 362 1250 399 Demum,
1274 362 1297 392 si
1332 363 1407 392 inter
1440 364 1621 402 superiorem
1650 365 1820 402 generalem

1075 420 1108 440 ac
1141 411 1310 441 definitores
1343 422 1430 442 can—'a
1465 413 1614 443 oboriatur
1637 415 1818 451 huiusmodi,

1075 469 1149 498 quae
1173 464 1254 490 extra
1279 460 1414 497 religion(
1424 471 1449 490 m
1467 462 1571 500 agitari
1590 463 1757 492 necessario
1773 463 1823 492 de-

1076 508 1151 547 beat,
1177 509 1346 539 definitores
1369 520 1403 539 ex
1427 511 1533 550 scipsis
1557 511 1694 548 alterurn,
1713 521 1764 541 seu
1788 521 1822 541 ex

1076 558 1216 588 fratribus
1246 559 1317 588 alios
1347 560 1488 598 quosdam
1517 560 1633 590 mittere
1656 565 1738 590 extra
1762 570 1824 590 mo-

1075 608 1246 645 nasterium,
1261 618 1293 637 ac
1308 609 1395 638 etiam
1414 614 1618 647 procuratores
1629 619 1698 638 suos
1716 610 1823 639 consti-

1075 661 1157 686 tuere
1181 657 1328 691 valebunt,
1353 662 1440 697 atque
1470 668 1615 697 expensae
1645 668 1679 688 ex
1710 659 1823 688 aerario

1074 707 1223 736 communi
1247 706 1451 737 desumcntur.

1114 765 1153 786 111.
1172 757 1241 786 Acta
1265 757 1384 796 capituli
1402 757 1548 795 generalis
1564 757 1719 796 cuiusque,
1743 757 1823 787 iuxta
1863 764 1891 784 ne
1907 765 1961 785 actis
1985 770 2020 784 va-

1074 805 1267 845 approbatum
1284 806 1526 845 Congregationis
1543 811 1661 837 nostrae
1678 816 1776 845 usum,
1792 807 1821 836 in
1834 793 2020 842 pssssi¹.¹‡[-rifiiifiii‘ii⁴.⁵

1075 854 1141 883 aula
1165 854 1320 894 capitulari
1337 855 1532 894 promulgata,
1548 859 1615 885 ante
1639 855 1718 885 illius
1741 847 1899 892 abso-{22⁰⁶
1936 847 2021 865 ⁰‘¹¹’⁴¹'⁴'

1074 903 1234 941 lutioncm,
1259 904 1499 934 reverendissimi
1533 903 1645 934 abbatis
1679 909 1729 934 aut
1761 905 1824 934 eius

1075 953 1176 982 vicarii
1194 957 1221 982 et
1237 953 1387 983 secretarii
1404 953 1608 992 chirographis
1628 957 1714 992 atque
1735 954 1822 983 etiam

1074 1002 1206 1031 eiusdem
1230 1002 1352 1042 capituli
1375 1003 1522 1041 generalis
1546 1003 1644 1041 sigillo
1662 1002 1825 1032 firmabun-

1075 1055 1144 1087 tur3
1168 1051 1245 1090 quod
1279 1051 1302 1081 si
1337 1060 1454 1090 praeses
1485 1050 1672 1081 subscribere
1701 1050 1822 1090 abnuat,

1075 1100 1150 1130 sacta
1173 1101 1310 1138 denegati
1327 1100 1362 1130 ab
1379 1101 1442 1140 ipso
1458 1101 1645 1140 chirographi
1663 1101 1823 1139 mentione,

1075 1149 1189 1179 vocales
1219 1150 1339 1189 capituli
1372 1154 1484 1189 septem
1517 1150 1658 1187 dignitate
1682 1149 1822 1188 potiores,

1074 1203 1123 1228 aut
1156 1203 1233 1228 certe
1266 1203 1480 1238 consequentes
1513 1199 1575 1237 alii,
1599 1199 1623 1228 si
1651 1207 1685 1228 ex
1719 1198 1823 1237 primis

1074 1247 1182 1286 aliquis
1204 1247 1232 1277 id
1255 1248 1343 1277 etiam
1361 1253 1488 1285 recuset,
1507 1249 1661 1277 consessus
1677 1247 1824 1285 generalis

1074 1296 1194 1326 nomine
1224 1295 1427 1334 subscribant,
1461 1296 1630 1336 patentibus
1670 1300 1767 1326 autem
1795 1300 1824 1326 et

1075 1345 1321 1376 obedientialibus
1338 1346 1446 1376 litteris
1463 1355 1591 1385 praeses,
1609 1350 1670 1382 aut,
1688 1345 1751 1375 eius
1774 1345 1825 1375 ob-

1077 1394 1188 1424 ventis¹
1206 1394 1280 1432 loco,
1298 1394 1349 1433 qui
1371 1394 1467 1424 ot'ficio
1485 1394 1597 1433 primus
1613 1394 1679 1431 erit,
1697 1403 1762 1423 curn
1782 1403 1825 1423 se-

1075 1444 1201 1474 cretario
1229 1444 1429 1484 syngraphum
1459 1447 1607 1483 apponet,
1638 1447 1823 1483 transumpta

1076 1502 1143 1523 vero
1166 1503 1217 1523 seu
1240 1496 1371 1523 extracta
1394 1493 1544 1523 secretarii
1566 1493 1656 1522 solius
1673 1492 1824 1531 chirogra-

1077 1542 1132 1582 plio
1155 1542 1339 1572 munientur,

1115 1599 1154 1621 lv.
1178 1591 1300 1621 Statutis
1322 1590 1564 1628 congregationis
1588 1594 1705 1620 nostrae
1729 1591 1823 1621 resor-
1869 1597 1898 1618 Da
1922 1598 2017 1618 ξυμψή-

1076 1645 1170 1670 matae
1193 1649 1225 1670 ac
1248 1640 1328 1669 illius
1362 1640 1584 1679 receptissimae
1614 1640 1696 1679 praxi
1721 1640 1822 1670 inhae-
1832 1625 2017 1682 {3¹⁶02‘p'ss'1'2l1'3512'3

1076 1694 1185 1726 rentes,
1202 1689 1347 1727 generalis
1363 1690 1518 1718 consessus
1535 1693 1633 1728 patres
1646 1689 1820 1727 decernunt,
1833 1681 1958 1698 '¹¹¹“⁵‘¹²'¹³'

1075 1739 1289 1776 definitorium,
1310 1738 1339 1767 in
1356 1738 1554 1777 capitulorum
1577 1738 1757 1776 interstitiis,
1775 1747 1824 1776 ge-

1076 1788 1186 1818 neralis
1219 1787 1343 1827 capituli
1376 1787 1455 1817 vices
1488 1796 1602 1825 gerere,
1636 1796 1669 1817 ac
1700 1787 1823 1826 proinde

1076 1837 1196 1866 verbum
1219 1836 1292 1866 illud
1319 1836 1351 1866 (le
1378 1835 1490 1865 consilio
1518 1835 1624 1875 pagina
1649 1835 1706 1865 227
1735 1845 1824 1875 appo-

1075 1886 1162 1915 situm
1186 1885 1215 1915 in
1239 1884 1359 1914 statutis
1376 1884 1496 1914 omnino
1522 1883 1691 1922 significare
1714 1893 1824 1913 consen-

1074 1944 1146 1971 sum,
1168 1943 1256 1973 quem
1279 1933 1355 1972 sapit
1373 1942 1407 1962 ex
1432 1933 1458 1962 vi
1482 1932 1639 1962 verborum
1663 1937 1720 1962 tam
1743 1936 1825 1962 ante-

1076 1982 1241 2012 cedentium
1266 1990 1352 2021 quam
1377 1981 1621 2020 consequentium
1636 1991 1643 2018 3
1661 1981 1738 2011 unde
1755 1990 1825 2011 con-

1076 2031 1175 2060 silium
1212 2030 1285 2060 illud
1318 2030 1506 2059 definitorum
1540 2029 1625 2069 plene
1661 2029 1823 2059 decisivum

1075 2089 1139 2110 esse
1162 2080 1364 2119 pronuntiant,
1383 2080 1467 2117 itaut,
1482 2079 1510 2108 in
1528 2079 1664 2108 omnibus
1687 2078 1824 2108 definito-

1075 2129 1111 2159 rii
1127 2129 1240 2159 actibus
1253 2128 1461 2158 exercentibus
1471 2128 1491 2165 Ἃ,
1509 2127 1598 2157 abbas
1616 2128 1751 2167 superior
1771 2137 1822 2167 ge—

1075 2179 1184 2209 neralis
1206 2178 1377 2208 definitores
1399 2187 1517 2215 omnes,
1542 2177 1591 2216 qui
1615 2177 1690 2207 ultra
1712 2177 1822 2207 dietam

1076 2237 1134 2258 non
1156 2227 1274 2264 absunt,
1299 2236 1394 2266 neque
1426 2231 1494 2256 sunt
1523 2226 1655 2264 legitime
1676 2226 1820 2265 impediti,

1076 2287 1192 2313 vocare,
1206 2277 1350 2315 omnium,
1363 2278 1413 2306 ant
1428 2276 1552 2306 duorum
1569 2276 1670 2306 saltem
1686 2286 1721 2306 ex
1737 2276 1820 2316 ipsis,

1076 2327 1101 2356 si
1128 2326 1178 2356 alii
1208 2326 1317 2363 absint,
1342 2330 1440 2355 votum
1463 2325 1630 2364 exquirere,
1650 2328 1679 2354 et
1701 2325 1822 2354 maioris

1076 2376 1191 2406 numeri
1213 2379 1371 2414 expectare
1400 2384 1433 2404 ac
1462 2374 1547 2414 sequi
1568 2373 1706 2412 suffragia
1729 2378 1757 2404 et
1777 2383 1823 2403 as-

1076 2434 1195 2455 sensum
1213 2428 1358 2461 teneatur,
1373 2423 1427 2454 sub
1444 2426 1538 2463 poena
1554 2423 1699 2454 nullitatis
1720 2432 1821 2453 eorum

1113 2493 1124 2519 1
1148 2491 1250 2519 Forsan
1270 2491 1394 2519 absentis
1411 2491 1453 2518 vel
1468 2491 1614 2518 renuentis
1631 2490 1671 2518 vel
1692 2490 1821 2517 abnuen-

1078 2538 1114 2565 tis
1132 2538 1172 2571 (κ.
1189 2537 1238 2570 τ.).

1112 2581 1129 2608 2
1142 2581 1258 2608 Videtur
1269 2581 1414 2616 legendum
1428 2588 1486 2609 esse
1497 2579 1664 2609 eaeercendis
1680 2587 1728 2615 pro
1739 2587 1820 2606 exer·-

1077 2626 1206 2654 centibus
1221 2629 1259 2661 (n.
1275 2628 1324 2654 ’τ.).
