2269 3203
103 184 159 213 An.
178 183 207 212 C.
226 183 295 212 1504

141 883 290 910 transumpto-

106 917 151 933 rum
167 911 228 932 fidos.

928 178 1071 204 cremans
1096 177 1130 203 xi
1154 178 1203 202 PP.
1720 167 1784 202 189
1831 175 1884 204 An.
1905 174 2019 204 &170⁴

299 232 426 266 statutis
453 237 484 266 et
515 229 829 269 consuetudinibus,
860 228 1039 273 privilegiis

299 297 431 330 quoque
452 313 458 325 ,
483 284 618 318 indultis
644 289 676 317 et
700 282 817 316 litteris
854 281 1042 325 apostolicis

299 340 332 372 in
358 339 556 373 contrarium
582 336 837 382 praemissorum
863 335 1043 379 quomodo-

300 393 381 426 libet
421 392 609 431 concessis,
643 390 841 423 confirmatis
879 394 910 421 ct
950 389 1043 420 inno-

300 446 395 486 vatis,
423 445 540 488 quibus
567 444 719 477 omnibus
745 448 777 476 et
802 442 949 485 singulis,
975 441 1044 474 illo-

300 509 371 531 rum
397 504 529 531 tenores
551 497 779 541 praesentibus
805 506 864 539 pro
889 496 986 538 plene
1012 500 1064 527 et¹

302 551 505 584 sufficienter
529 550 689 594 expressis
716 560 752 583 ae
777 550 815 582 ad
841 549 976 581 verbum
997 548 1044 580 in-

300 605 396 637 sertis
423 604 591 643 habentes
617 603 683 636 illis
701 602 778 635 alias
796 602 828 634 in
847 612 904 634 suo
924 601 1043 634 robore

301 657 532 700 permansuris,
548 657 586 690 ad
604 657 861 700 praemissorum
880 655 1042 694 effectum,

301 711 364 744 hac
376 712 444 744 vice
458 711 632 750 dumtaxat,
644 709 833 753 specialiter
846 713 877 742 et
891 719 1043 752 expresse

302 764 516 808 derogamus3
551 764 734 808 ceterisque
767 762 941 797 contrariis
973 762 1045 806 qui-

300 817 521 862 buscumque.

346 872 361 915 ἓ
390 872 422 905 4.
457 872 612 906 Volumus
648 877 755 905 autem
789 876 824 904 ut
855 870 1043 904 earumdem

302 925 526 968 praesentium
544 926 726 959 litterarum
745 923 968 967 transumptis,
987 934 1044 956 seu

304 979 463 1023 exemplis
479 1006 486 1019 ,
511 979 607 1013 etiam
631 979 800 1022 impressis
819 1006 826 1019 ,
858 989 955 1011 manu
989 977 1045 1010 ali-

304 1033 395 1065 euius
420 1033 539 1066 notarii
566 1033 689 1076 publici
715 1031 930 1075 subscriptis,
958 1036 990 1063 et
1007 1031 1047 1063 si-

304 1086 383 1128 gillo
402 1097 565 1129 personae
584 1087 616 1119 in
646 1085 862 1120 ecclesiastica
890 1085 1045 1128 dignitate

305 1139 503 1173 constitutae
534 1141 681 1179 munitis,
713 1140 824 1172 eadem
856 1149 989 1182 prorsus
1013 1139 1046 1170 fi-

306 1191 363 1225 des
378 1193 501 1236 ubique
517 1195 665 1226 locorum
682 1198 746 1225 tani
763 1193 793 1225 in
814 1192 933 1225 iudicio
949 1202 1046 1234 quam

306 1251 397 1279 extra
421 1246 502 1279 illud
530 1246 691 1279 habeatur
707 1273 714 1286 ‚
741 1256 823 1289 quae
849 1245 927 1288 ipsis
953 1255 1048 1288 prae-

306 1299 454 1333 sentibus
479 1300 660 1334 haberetur
694 1300 720 1333 si
751 1300 858 1333 forent
883 1299 1047 1332 exhibitae

305 1353 356 1387 vel
375 1360 536 1387 ostensae.

350 1407 463 1440 Datum
488 1407 621 1449 Romae,
646 1408 732 1451 apud
762 1408 794 1441 S.
822 1407 953 1440 Petrum
989 1406 1048 1439 sub

307 1461 429 1494 annulo
443 1460 629 1502 Piscatoris,
644 1461 695 1494 die
709 1471 748 1495 xv
769 1460 876 1494 martii
890 1459 898 1477 ¹
916 1470 1050 1499 iincclv,

307 1513 518 1559 pontificatus
542 1516 647 1548 nostri
673 1525 757 1549 anno
784 1526 825 1548 1v.

343 1577 407 1605 Dat.
425 1577 470 1605 die
486 1578 518 1605 15
533 1578 626 1605 martii
645 1578 723 1611 1704,
741 1578 839 1613 pontif.
858 1586 930 1605 anno
947 1585 983 1604 iv.

627 1791 731 1824 LXIII.

313 1908 540 1945 conceduntur
573 1908 743 1941 lectoribus
774 1906 960 1941 Car-metitis
991 1906 1052 1939 col-

358 1962 435 2005 legii
459 1961 666 1994 ecclesiastici
690 1962 726 1993 in
750 1961 879 1993 civitate
905 1960 1052 1992 Leonimi

356 2015 394 2048 de
428 2015 509 2049 Urbe
542 2015 722 2058 privileyia
755 2014 908 2047 lectorum
940 2013 1054 2046 itidem

357 2067 613 2102 Carmetitarum
637 2068 672 2100 in
705 2067 974 2111 archa'qynmasz'o
998 2066 1055 2100 Sa-

354 2121 499 2164 pientiae
522 2120 543 2154 ³.

350 2237 359 2262 1
384 2235 431 2263 Ed.
443 2235 522 2263 Mein.
533 2235 584 2271 leg.
601 2235 691 2269 maii;
707 2238 734 2262 at
748 2235 774 2261 in
793 2235 855 2262 nota
870 2234 902 2261 ad
919 2233 1055 2261 rubricam

313 2279 399 2307 habet
413 2281 519 2308 martii
533 2281 572 2314 (a.
591 2283 639 2309 τ.).

349 2324 365 2351 2
385 2325 423 2352 Ab
443 2325 494 2351 hoc
517 2325 645 2352 l'ontifice
665 2329 742 2351 const
774 2324 816 2352 ed.
839 2331 932 2351 nnccu
948 2342 955 2355 ‚
976 2324 1020 2351 die
1041 2325 1055 2351 7

314 2369 447 2400 ianuarii,
469 2369 565 2405 pontif.
594 2376 631 2403 11,
659 2378 788 2396 concessa
816 2369 891 2395 suere
921 2369 1054 2404 quaedam

314 2412 376 2440 iura
393 2413 565 2440 studentibus
585 2413 709 2441 coenobii
730 2414 759 2440 S.
781 2413 879 2440 Mariae
899 2413 1055 2447 Transpon-

315 2458 402 2491 tinae,
418 2462 444 2484 et
459 2458 493 2485 ab
507 2459 666 2486 Innocentio
683 2458 740 2485 XIII
752 2462 837 2485 const.
854 2458 898 2485 ed.
910 2464 1054 2492 nnccxxm,

316 2502 358 2529 die
375 2503 408 2528 14
421 2502 595 2537 iulii,p0ntif.
615 2510 652 2538 ιιι,
667 2503 825 2530 conceditur
844 2503 979 2538 magistris
995 2511 1056 2537 pro-

315 2546 420 2573 vinciae
441 2546 619 2582 I‘ortugalliae
640 2548 741 2574 dictum
770 2547 941 2583 privilegium
969 2546 1054 2574 susci-

316 2591 408 2627 piendi
427 2590 549 2618 lauream
568 2591 735 2620 doctoratus.

1304 227 1439 255 Clemens
1459 227 1538 260 Papa
1558 226 1613 260 xt,

1233 272 1270 299 ad
1288 272 1422 298 futuram
1442 270 1486 298 rei
1502 270 1684 297 memoriam.

1130 335 1144 377 ἓ
1164 334 1193 367 1.
1214 334 1444 377 Exposucrunt
1465 332 1560 366 nobis
1586 343 1692 376 nuper
1716 333 1826 366 dilecti
1876 348 1958 368 caueae
1975 353 2023 368 con-

1086 388 1142 421 fini
1154 389 1257 421 nostri
1269 388 1418 421 Leander
1431 387 1511 420 utun
1523 387 1568 419 ες.
1580 386 1673 419 Nerei
1685 386 1827 418 emetat-
1838 380 1944 421 ῧῗῑῐῖῖὶῖᾲζ
1954 380 2025 426 ἒὲξᾶῑ

1087 442 1127 474 lei
1143 442 1314 485 presbyter
1328 440 1503 473 cardinalis
1517 439 1708 473 Colloredus
1727 444 1760 471 et
1781 431 1888 479 Io-i‘ssffi
1911 428 2025 480 Λᾞῗιηᾞζ-ιξ

1086 497 1209 539 sephus
1236 496 1380 528 Renatus
1405 494 1436 527 S.
1460 493 1608 535 Gregorii
1636 494 1667 525 in
1690 492 1827 525 Velabro
1840 487 2025 532 {Kuffl'ii'fidssrssl

1087 549 1243 581 diaconus
1270 548 1301 581 S.
1330 548 1367 581 R.
1388 548 1420 581 E.
1447 546 1622 580 cardinalis
1649 545 1827 588 imperialis
1840 534 1919 556 mnae.

1086 602 1270 645 respective
1296 601 1497 644 nuncupati,
1533 610 1633 643 super
1668 599 1829 641 regimine

1087 659 1118 689 et
1142 654 1424 688 administratione
1458 653 1591 695 collegii
1617 653 1830 686 ecclesiastici

1088 708 1222 742 civitatis
1256 708 1420 742 Leoninae
1457 718 1513 740 seu
1540 706 1636 750 Burgi
1671 707 1710 740 de
1746 705 1830 739 Urbe

1088 762 1281 796 auctoritate
1315 761 1497 805 apostolica
1533 760 1706 804 deputati,
1730 759 1830 803 quod,

1088 827 1159 850 cum
1186 815 1326 849 dilectus
1355 814 1440 848 silius
1462 814 1574 847 Petrus
1599 814 1740 847 Thomas
1759 814 1833 847 San-

1088 870 1178 910 chez,
1189 870 1288 903 frater
1300 879 1455 913 expresse
1466 868 1631 912 professus
1646 868 1832 912 provinciae

1088 923 1119 956 S.
1133 923 1248 966 Angeli
1263 922 1392 956 Ordinis
1414 922 1529 955 beatae
1544 921 1659 954 Mariae
1674 922 1712 955 de
1727 922 1832 955 Monte

1089 977 1236 1010 Carmelo
1262 976 1295 1009 in
1327 978 1418 1009 sacra
1451 975 1618 1018 theologia
1653 976 1830 1018 magister,

1089 1042 1125 1064 ac
1149 1031 1181 1063 in
1207 1035 1366 1064 conventu
1393 1030 1539 1063 eiusdem
1571 1030 1682 1062 heatae
1715 1030 1832 1063 Mariae

1089 1084 1346 1127 Transpontinae
1372 1083 1593 1116 dictiOrdInis
1618 1093 1832 1123 commorans,

1090 1139 1244 1171 lecturam
1271 1137 1460 1179 theologiae
1485 1136 1615 1169 moralis
1634 1147 1650 1168 a
1668 1136 1833 1169 nonnullis

1091 1193 1184 1225 annis
1211 1192 1243 1224 in
1269 1192 1386 1224 eodem
1426 1190 1568 1233 collegio
1605 1201 1677 1223 cum
1714 1200 1832 1232 magno

1090 1245 1178 1278 illius
1196 1244 1423 1277 convictorum
1446 1244 1550 1275 fructu
1568 1248 1666 1286 atque
1684 1252 1834 1286 progres-

1092 1310 1128 1332 su
1154 1297 1347 1337 exercuerit,
1368 1303 1399 1329 et
1420 1296 1529 1329 adhuc
1547 1297 1585 1329 de
1602 1296 1765 1340 praesenti
1783 1306 1835 1329 ex-

1093 1358 1221 1393 erceat,
1249 1351 1310 1395 ipsi
1336 1350 1486 1384 Leander
1511 1355 1542 1383 et
1577 1349 1735 1393 Iosephus
1773 1349 1835 1382 Re-

1093 1411 1184 1439 natus
1210 1404 1402 1446 cardinales,
1428 1408 1464 1436 ut
1489 1403 1617 1436 debitus
1642 1403 1752 1436 virtuti
1778 1403 1836 1436 ho-

1093 1470 1155 1493 nor
1180 1458 1390 1503 rependatur,
1410 1468 1446 1490 ac
1462 1456 1548 1490 idem
1566 1456 1680 1490 Petrus
1696 1456 1836 1489 Thomas

1094 1523 1223 1546 necnon
1248 1512 1302 1545 alii
1329 1515 1506 1544 conventus
1532 1516 1564 1543 et
1587 1509 1716 1543 Ordinis
1745 1520 1838 1553 prae-

1095 1566 1257 1600 dictorum
1282 1565 1438 1607 religiosi,
1466 1564 1491 1596 si
1517 1574 1600 1606 quos
1618 1563 1652 1595 in
1669 1568 1836 1606 posterum

1095 1622 1134 1654 ad
1159 1622 1315 1654 lecturam
1341 1617 1532 1652 huiusmodi
1551 1617 1769 1650 exercendam
1787 1617 1837 1650 de-

1095 1674 1200 1718 putari
1225 1671 1422 1715 contigerit,
1450 1682 1488 1705 eo
1519 1670 1657 1704 alacrius
1693 1671 1732 1704 ad
1766 1670 1838 1703 sub-

1095 1728 1219 1761 eundos
1247 1726 1395 1760 eiusdem
1421 1726 1564 1759 lecturae
1591 1725 1721 1758 labores
1758 1724 1839 1756 inci-

1096 1786 1216 1822 tentur,
1232 1780 1305 1813 illos
1321 1780 1432 1822 aliquo
1452 1778 1732 1811 honoroficentiae
1749 1787 1839 1820 prae-

1096 1835 1161 1868 mio
1188 1845 1224 1867 ex
1251 1835 1362 1867 nostra
1388 1838 1419 1866 et
1443 1832 1578 1865 Sanctae
1603 1831 1694 1864 Sedis
1711 1837 1839 1874 aposto-

1096 1887 1178 1921 licae
1203 1887 1405 1930 benignitate
1421 1884 1569 1919 decorari
1588 1884 1764 1928 plurimum
1784 1885 1838 1918 de-

1097 1939 1252 1974 siderant.

1141 1994 1155 2037 g
1188 1992 1218 2025 2.
1253 1991 1339 2031 Nos,
1377 1991 1522 2034 ipsorum
1558 1990 1693 2023 Leandri
1728 1995 1759 2023 et
1790 1990 1868 2043 Io·in
1883 1994 1998 2043 fiffigfflsio
2013 1997 2035 2016 1¹2

1098 2046 1191 2090 sephi
1218 2045 1334 2078 Renati
1361 2043 1573 2077 cardinalium
1600 2043 1682 2076 votis
1711 2044 1772 2077 hac
1804 2043 1837 2076 iu
1957 2037 1975 2043 ‘'

1100 2112 1146 2140 re,
1165 2106 1321 2143 quantum
1340 2110 1411 2131 cum
1433 2098 1569 2131 Domino
1587 2108 1771 2141 possumus,
1794 2098 1839 2131 fa-

1100 2153 1290 2187 vorabiliter
1315 2162 1473 2192 annuere,
1494 2151 1683 2194 dictumque
1709 2151 1840 2184 Petrum

1099 2206 1254 2239 Thomam
1276 2204 1472 2248 specialibus
1491 2204 1656 2237 favoribus
1676 2210 1707 2236 et
1727 2203 1840 2246 gratiis

1099 2259 1258 2303 prosequi
1282 2259 1431 2291 volentes
1448 2284 1455 2298 ,
1483 2263 1515 2290 et
1539 2269 1556 2290 a
1588 2257 1754 2300 quibusvis
1790 2267 1839 2289 ex-

1100 2312 1414 2351 communicationis,
1442 2310 1668 2354 suspensionis
1695 2316 1726 2342 et
1747 2309 1842 2342 inter-

1100 2367 1198 2406 dicti,
1226 2366 1362 2408 aliisque
1389 2364 1621 2398 ecclesiasticis
1647 2363 1838 2403 sententiis,

1100 2421 1245 2454 censuris
1271 2425 1302 2452 et
1326 2419 1467 2462 poenis,
1506 2428 1523 2450 a
1548 2418 1617 2450 iure
1641 2418 1691 2449 vel
1717 2417 1755 2448 ab
1782 2417 1841 2449 ho—

1099 2475 1203 2514 mine,
1229 2473 1341 2517 quavis
1367 2472 1538 2506 occasione
1562 2471 1612 2504 vel
1638 2472 1732 2503 eausa
1757 2470 1839 2508 latis,

1099 2529 1124 2561 si
1163 2527 1279 2571 quibus
1311 2525 1561 2570 quomodolibet
1590 2523 1736 2556 innodati
1777 2522 1841 2555 exi-

1099 2581 1164 2623 stit,
1190 2581 1229 2615 ad
1255 2579 1403 2614 effectum
1428 2577 1651 2623 praesentium
1675 2576 1840 2610 dumtaxat
