2269 3203
128 229 178 258 An.
199 229 228 258 C.
246 229 314 258 ¹722

166 1986 242 2006 Postea
258 1986 313 2006 idem

129 2013 224 2034 clemen:
236 2013 260 2033 Χῐ
272 2016 313 2032 sta-

130 2039 169 2060 luil.
188 2042 209 2059 ut
230 2040 287 2064 frigi

129 2065 147 2085 si
163 2068 204 2085 tum
227 2065 314 2090 ilzsiani'

130 2094 173 2112 tum
195 2091 240 2112 Itali
267 2098 313 2116 pro-

129 2119 209 2139 miscue
245 2123 315 2139 uxora-

129 2147 209 2166 rentur.

890 232 1103 257 INNOCENTIUS
1128 233 1186 257 xm
1211 234 1261 258 1⁵1³.

321 284 410 312 motu
442 280 598 323 proprio,
627 290 662 313 ac
688 290 725 313 ex
752 282 839 313 certa
870 280 1004 313 scientia
1031 282 1083 314 et*

320 335 446 365 matura
472 333 709 366 deliberatione
736 333 817 373 suiS,
846 334 950 376 deque
976 345 1058 376 apo-

321 386 455 418 stolicae
482 388 651 428 potestatis
677 387 893 430 plenitudine,
921 398 1061 420 conven-

322 443 387 470 tum
414 439 445 471 S.
473 439 588 472 Luciae
625 441 664 473 de
701 440 806 473 Monte
843 446 1061 482 nuncupatum

324 543 362 576 tri
389 545 428 577 de
454 546 625 578 Aleantara
660 545 722 578 loci
749 545 787 578 de
814 545 931 577 Portici
958 546 1062 578 dietae

323 598 525 640 provinciae,
554 598 789 641 Neapolitanae
821 598 993 638 dioecesis,
1023 599 1062 631 ab

323 652 435 684 eadem
461 652 630 694 provincia
655 658 814 695 perpetuo
845 652 1007 695 separavit
1033 657 1065 684 et

323 704 580 744 dismembravit,
614 705 737 748 illaque
762 704 826 737 ita¹
853 711 1001 749 separata
1033 710 1064 737 et

322 758 553 791 dismembrata
570 758 757 801 provinciae
773 758 919 791 eiusdem
934 758 965 791 S.
980 758 1062 791 Petri

322 810 361 843 de
380 811 550 844 Alcantara
565 811 654 854 regni
673 811 831 845 Castellae
851 812 982 844 fratrum
999 811 1065 843 Dis<

321 864 535 897 ealceaiorum
570 864 644 897 dicti
686 864 817 898 Ordinis
851 864 962 897 itidem
989 875 1063 908 per-

322 922 421 960 petuo
447 918 568 959 univit,
595 918 751 951 annexuit
777 923 807 951 et
826 917 1062 961 incorporavit:

322 971 434 1003 volens
460 976 492 1003 et
517 970 674 1003 ordinans
699 976 734 1003 ut
764 970 795 1002 iu
828 970 891 1003 illis
917 969 1063 1013 religiosi

324 1022 479 1065 Hispani,
504 1023 557 1066 qui
592 1024 744 1066 deinceps
769 1023 917 1056 ministro
938 1023 1066 1066 provin-

323 1076 396 1108 ciali
423 1077 677 1109 seeundodictae
702 1077 889 1120 provinciae
906 1087 966 1120 pro
986 1082 1063 1110 tem-

323 1139 404 1173 pore
429 1129 579 1163 existenti
613 1130 748 1162 subiecti
783 1135 914 1169 essent,
940 1129 1064 1162 liabita-

323 1187 396 1215 rent
421 1188 453 1215 et
478 1184 737 1222 collocarentur·,
765 1183 817 1216 alii
844 1193 920 1216 vero
946 1183 1065 1226 primo-

277 1242 280 1244 ’
324 1235 426 1268 dictae
451 1236 638 1279 provinciae
676 1242 876 1275 conventus,
902 1237 955 1279 qui
990 1243 1064 1270 octo

324 1292 400 1321 tunc
417 1290 680 1329 numerabantur,
697 1289 858 1331 religiosis
881 1289 1066 1332 Neapolita-

323 1342 373 1374 nis
387 1347 419 1374 et
434 1342 519 1374 Italis
531 1347 651 1374 tantum
670 1347 891 1382 remanerent,
906 1353 941 1375 ae
953 1343 1064 1375 eadem

322 1394 516 1437 primodicta
553 1395 720 1437 provincia
761 1400 834 1427 octo
876 1395 1064 1428 huiusmodi

322 1447 545 1482 conventibus⁴
556 1454 707 1481 constans
719 1449 748 1480 in
762 1449 903 1481 futurum
916 1449 1065 1482 ministro
1086 1453 1088 1460 '

323 1501 467 1544 generali
486 1513 541 1535 seu
557 1502 779 1535 commissario
798 1503 941 1545 generali
957 1503 1064 1535 Italiae

323 1554 452 1587 Ordinis
477 1555 634 1598 praedicti
670 1566 731 1599 pro
769 1561 916 1599 tempore
942 1556 1067 1599 pariter

324 1608 473 1641 existenti
500 1608 707 1641 subiaceret:
735 1614 766 1641 et
791 1609 885 1649 alias,
910 1615 1009 1652 prout
1033 1610 1064 1642 in

323 1660 468 1693 eiusdem
494 1660 668 1693 Clementis
686 1662 950 1703 praedecessoris
975 1663 1066 1695 desu-

323 1724 381 1756 per
406 1713 438 1745 in
465 1713 561 1746 simili
600 1713 701 1746 forma
738 1714 846 1747 Brevis
880 1714 931 1748 die
956 1725 994 1748 xv
1020 1726 1067 1748 se-

322 1765 480 1809 ptembris
507 1775 618 1799 iinccn
645 1766 805 1809 expeditis
831 1767 969 1807 litteris,
992 1778 1067 1810 qua-

323 1829 393 1851 rum
421 1824 569 1852 tenorem
595 1819 821 1862 praesentibus
844 1830 902 1863 pro
921 1821 1017 1862 plene
1036 1826 1067 1853 et

324 1872 522 1905 sufficienter
538 1882 691 1915 expresso
710 1883 746 1905 ac
765 1873 803 1905 de
827 1873 924 1905 verbo
943 1873 980 1906 ad
1001 1884 1068 1906 ver-

323 1925 400 1958 bum
426 1925 548 1959 inserto
585 1925 698 1958 haberi
729 1927 900 1965 volumus,
934 1927 1067 1959 uberius

325 1978 524 2010 continetur.
543 1978 581 2010 Et
597 1978 779 2011 successive
800 1984 981 2012 memorato
1000 1979 1068 2013 Cle-

305 2031 427 2064 -menti
451 2032 699 2075 praedecessori
725 2032 884 2075 exposito,
909 2033 1008 2076 qnod,
1026 2033 1067 2066 ob

325 2084 485 2117 bellorum
517 2089 623 2117 motus
657 2089 733 2117 tune
767 2090 896 2118 exortos
932 2085 1068 2118 interdi-

325 2142 477 2180 ctumque
502 2137 733 2170 commercium
754 2143 785 2170 et
804 2138 1069 2172 communicatio-

325 2201 400 2223 nem
425 2190 511 2223 inter
535 2189 694 2223 Castellae
720 2195 752 2223 et
776 2190 927 2234 Neapolis
952 2202 1065 2234 regna,

324 2249 503 2277 conventus
527 2243 558 2276 S.
586 2243 700 2277 Luciae
720 2244 758 2277 de
776 2244 882 2277 Monte
903 2250 934 2277 et
958 2245 1068 2288 hospi-

324 2298 402 2329 tium
425 2296 456 2329 S.
476 2297 560 2329 Petri
584 2297 622 2330 de
644 2298 817 2330 Alc-antara
836 2298 1014 2340 praedicta,
1036 2305 1068 2331 et

325 2349 472 2392 religiosi
492 2349 524 2382 in
548 2350 669 2384 eisdem
689 2351 856 2394 degentes,
877 2362 893 2384 a
911 2352 1066 2384 ministris

325 2403 577 2445 provincialibus
614 2404 717 2437 dictae
756 2405 940 2448 provinciae
973 2406 1065 2448 regni

325 2455 483 2489 Castellae
508 2457 656 2499 pluribus
675 2457 768 2490 annis
790 2458 908 2491 visitati
934 2458 1067 2491 minime

326 2507 466 2548 fuerant,
485 2514 517 2541 et
536 2511 627 2543 valde
654 2511 866 2544 dubitandum
885 2517 953 2544 erat
970 2511 1066 2554 quod,

361 2579 374 2605 1
398 2579 518 2606 Pessime
534 2579 598 2607 edit.
610 2580 691 2608 Main.
712 2581 776 2617 legit
792 2582 823 2609 in
841 2590 890 2617 pro
908 2582 949 2610 ita
963 2583 1004 2616 (n.
1017 2582 1065 2616 T.).

315 2643 317 2645 .
361 2622 377 2650 2
396 2622 462 2651 Male
479 2623 544 2651 edit.
561 2624 644 2652 Main.
662 2625 727 2661 legit
742 2628 899 2654 conventus
919 2630 956 2661 (a.
975 2627 1012 2660 T.)

1105 283 1307 315 cessantibus
1335 283 1429 316 etiam
1464 284 1585 325 bellis,
1614 291 1749 328 propter
1774 297 1844 319 ma-

1105 345 1199 376 gnam
1227 337 1384 369 dictorum
1422 347 1598 379 regnorum
1635 339 1672 370 ad
1707 339 1846 371 invicem

1106 389 1300 430 distantiam,
1320 400 1385 422 non
1413 400 1485 423 raro
1513 390 1580 423 sine
1607 391 1716 422 debita
1742 391 1848 423 visita-

1083 471 1085 480 ,
1107 441 1194 474 tione
1217 447 1248 475 et
1266 443 1472 476 correctione
1492 454 1662 475 remanere
1682 449 1845 485 poterant,

322 490 459 523 civitatis
475 491 626 535 Neapolis
641 497 672 524 et
687 492 862 534 hospitium
883 492 957 524 dieti
969 491 998 524 S.
1010 492 1063 524 Pe·
1083 483 1085 523 l

1106 505 1178 527 cum
1197 506 1316 537 magno
1342 495 1586 528 ecclesiastieae
1606 495 1800 538 discipliuae
1818 501 1849 528 et

1107 549 1266 589 regularis
1284 548 1510 581 observantiae
1533 548 1744 587 detriniento·‚
1763 548 1849 581 idem

1107 599 1254 633 Clemens
1290 601 1525 644 praedecessor
1557 600 1848 643 Congregationem

1107 654 1339 696 particularem
1364 655 1597 687 nonnullorum
1624 664 1660 686 ex
1681 653 1850 686 venerabi-

1108 706 1193 739 libus
1210 707 1361 739 fratribus
1380 707 1498 740 nostris
1511 706 1529 747 ⁹,
1547 712 1621 739 tunc
1639 707 1714 746 sniS,
1731 706 1847 739 SRE.

1108 759 1327 792 cardinalibus
1345 760 1484 802 negotiis
1506 766 1536 792 et
1552 759 1848 793 consultationibus

1108 813 1335 856 episcoporum
1362 818 1394 846 et
1419 813 1618 855 regularium
1645 813 1848 856 praepositis,

1108 877 1207 909 super
1230 869 1403 909 praetensa
1434 867 1595 899 reunione
1628 867 1758 898 fratrum
1784 866 1849 899 Dis-

1107 921 1322 952 calceatoruin
1349 919 1564 962 Hispanorum
1585 920 1616 953 S.
1638 920 1721 952 Petri
1740 920 1778 952 dc
1797 920 1851 952 Al-

1108 977 1239 1004 cantara
1271 972 1399 1005 Ordinis
1441 973 1628 1006 huiusmodi
1669 978 1848 1005 conventus

1108 1025 1138 1058 S.
1160 1026 1276 1059 Lueiae
1303 1026 1341 1058 de
1367 1026 1472 1058 Monte
1498 1031 1530 1058 et
1551 1026 1683 1059 alterius
1710 1037 1850 1059 conven-

1110 1085 1158 1111 tus
1183 1078 1214 1111 S.
1243 1079 1359 1111 Mariae
1386 1079 1425 1112 de
1451 1079 1569 1112 Portici
1597 1090 1667 1112 eum
1693 1080 1763 1112 aliis
1789 1080 1850 1112 fra-

1110 1131 1210 1165 tribus
1226 1132 1312 1165 Italis
1333 1132 1437 1165 dictae
1456 1132 1640 1175 provinciae
1659 1132 1751 1175 regni
1770 1132 1850 1165 Nea-

1108 1185 1243 1227 politani
1272 1185 1416 1218 ciusdem
1443 1185 1572 1218 Ordinis
1592 1190 1623 1218 et
1641 1185 1775 1217 instituti
1795 1185 1850 1217 de-

1109 1238 1239 1281 putavit.
1269 1237 1353 1276 Quae
1379 1238 1511 1282 quidem
1538 1238 1772 1281 Congregatio,
1798 1238 1848 1270 die

1108 1302 1190 1325 xxvn
1205 1292 1334 1335 augusti
1347 1302 1464 1325 MDCCXI
1483 1293 1672 1331 coadunata,
1684 1302 1743 1335 per
1756 1302 1849 1324 sunm

1109 1345 1273 1377 decretum
1289 1345 1413 1378 censuit
1426 1345 1661 1378 consulendum
1677 1355 1747 1378 esse
1761 1355 1851 1388 prae-

1110 1398 1194 1431 dicto
1221 1398 1378 1431 Clementi
1405 1399 1648 1442 praedecessori
1670 1409 1730 1442 pro
1749 1399 1850 1441 depu-

1111 1450 1231 1483 tatione
1257 1452 1390 1485 alterius
1416 1452 1562 1494 religiosi
1580 1453 1683 1495 gravis
1704 1453 1735 1484 in
1764 1463 1850 1485 com-

1109 1503 1293 1536 missarium
1313 1510 1344 1537 et
1360 1505 1558 1537 visitatorem
1577 1506 1790 1548 apostolieum
1809 1506 1849 1538 ad

1109 1557 1253 1590 eiusdem
1274 1558 1447 1590 Clementis
1465 1559 1726 1601 praedecessoris
1748 1565 1778 1591 et
1795 1559 1849 1591 Se—

1109 1610 1157 1642 dis
1178 1611 1385 1653 Apostolicae
1411 1611 1651 1654 beneplacitum
1671 1616 1732 1644 tam
1757 1621 1850 1654 prae-

1110 1664 1269 1697 dictorum
1296 1669 1516 1697 conventuum
1542 1664 1684 1697 nationis
1701 1665 1850 1708 Hispani-

1110 1728 1164 1750 cae
1186 1723 1216 1750 et
1234 1717 1262 1750 S.
1283 1718 1367 1750 Petri
1388 1718 1426 1751 de
1452 1718 1635 1759 Alcantara,
1655 1729 1749 1762 quam
1769 1719 1850 1752 alio-

1109 1781 1179 1803 rum
1205 1777 1422 1803 conventuum
1446 1771 1578 1803 fratrum
1604 1772 1757 1805 Italorum
1784 1782 1851 1805 tne-

1109 1829 1253 1857 moratae
1278 1823 1466 1867 provinciae
1485 1825 1577 1867 regni
1602 1824 1752 1868 Neapolis
1772 1825 1850 1858 eius-

1111 1876 1183 1910 dem
1218 1877 1364 1917 instituti,
1392 1888 1464 1910 cum
1494 1878 1660 1919 facultate,
1689 1884 1850 1921 quatenns

1112 1930 1142 1962 in
1161 1930 1299 1963 Domino
1319 1930 1380 1963 sibi
1408 1931 1584 1974 expediens
1608 1931 1708 1964 visum
1728 1932 1848 1971 fuisset,

1110 1983 1291 2016 collocandi
1318 1983 1433 2016 fratres
1454 1983 1551 2017 Italos
1578 1979 1672 2017 etiam
1698 1984 1729 2017 in
1756 1985 1850 2018 dictis

1111 2036 1322 2069 conventibus
1359 2035 1511 2079 Neapolis
1556 2038 1741 2080 promiscue
1778 2048 1850 2070 eum

1110 2089 1272 2132 Hispanis,
1289 2094 1321 2122 et
1336 2089 1498 2122 vieeversa
1516 2090 1696 2123 collocandi
1715 2091 1850 2134 religio-

1110 2151 1162 2173 sos
1188 2140 1348 2183 Hispanos
1382 2141 1574 2173 eorumdem
1609 2141 1747 2174 duorum
1773 2153 1851 2175 con-

1110 2198 1263 2226 ventuum
1281 2193 1312 2225 in
1331 2193 1401 2226 aliis
1426 2193 1638 2227 conventibus
1664 2195 1850 2238 provinciae

1109 2245 1203 2289 regni
1228 2246 1413 2289 promiscue
1431 2257 1502 2279 eum
1531 2247 1601 2280 aliis
1617 2247 1713 2289 Italis,
1735 2250 1783 2281 vel
1803 2259 1851 2281 re=

1110 2300 1252 2343 spective
1287 2301 1476 2333 remittendi
1513 2301 1672 2344 Hispanos
1698 2302 1736 2335 ad
1762 2313 1851 2334 suam

1110 2352 1310 2395 provinciam
1327 2353 1495 2392 castellae,
1516 2359 1635 2386 etcum
1655 2354 1725 2387 aliis
1752 2355 1851 2388 facul-

1111 2405 1227 2438 tatibus
1254 2406 1446 2438 necessariis
1466 2411 1496 2438 et
1514 2407 1715 2449 opportunis,
1734 2407 1850 2440 litteris

1110 2457 1176 2490 suis
1195 2458 1329 2490 mininie
1348 2458 1563 2497 obstantibus,
1583 2460 1692 2491 aliisve
1715 2459 1851 2502 quibus-

1109 2511 1155 2543 vis
1193 2511 1327 2544 indultis
1363 2522 1419 2544 seu
1457 2512 1715 2545 ordinationibus
1752 2512 1849 2545 etiam

1111 2564 1298 2607 apostolicis
1320 2563 1352 2597 in
1367 2565 1566 2597 contrarium
1585 2564 1796 2605 facientibus3
1818 2566 1849 2599 in

1148 2628 1157 2653 t
1183 2626 1283 2654 Vocem
1303 2627 1412 2654 nostris
1432 2635 1480 2654 nos
1501 2627 1625 2653 addimus
1645 2629 1683 2655 (n.
1700 2628 1748 2662 τ.).

1741 228 1805 262 915
1852 236 1903 264 An.
1924 236 1952 264 c.
1970 236 2038 264 ¹722
