2269 3203
99 189 149 217 An.
165 188 195 216 C.
218 188 285 217 1716

295 236 454 271 debeant:
488 237 573 270 salve
600 241 706 268 tamen
732 243 860 277 semper
887 232 917 264 in
944 241 1038 274 prae-

294 290 402 323 missis
441 290 632 323 auctoritate
669 285 943 330 Congu-aganonis
982 295 1038 317 eo-

294 344 441 376 rumdem
467 342 692 376 cardinalium.

125 410 244 431 Clausulas.
339 396 353 439 g
377 395 406 428 ⁶2.

294 448 417 482 litteras
442 447 562 488 sirmas,
591 446 686 479 etc.¹.

339 504 353 545 ,ξ
377 502 410 535 3.
436 501 506 534 Non
535 498 741 533 obstantibus
763 496 951 541 praemissis
969 523 976 537 ,
1001 506 1038 528 ac

295 554 581 589 constitutionibus
607 558 639 586 et
668 550 932 584 ordinationibus
961 560 1037 592 apo-

294 608 439 648 stolicis,
464 615 591 640 necnon
625 604 731 638 dictae
768 602 1037 646 Congregationis

295 661 466 695 Doctrinae
496 658 721 697 Christianae,
747 657 844 690 etiam
874 656 1038 689 iuramen-

296 721 341 755 to,
368 712 466 747 etc.‘².

339 767 452 799 Datum
477 765 609 804 Romae,
632 764 716 808 apud
737 763 769 796 S.
790 762 920 795 Mariam
940 761 1038 794 Maio-

295 830 375 861 rem,
392 819 452 852 sub
480 819 603 852 annulo
628 816 823 856 Piscatoris‚
857 815 908 849 die
940 825 1036 848 xxvu1

295 871 491 916 septembris
515 881 667 910 nuccxvt,
691 868 901 914 pontificatus
934 867 1036 901 nostri

296 935 381 959 anno
409 935 471 959 xvi.

330 988 390 1015 Dat.
407 987 451 1015 die
466 988 501 1015 ⁶28
516 986 682 1023 septembris
697 986 774 1019 1716,
787 985 885 1021 pontif.
899 993 967 1012 anno
983 991 1037 1011 xw.

124 517 283 537 Contrariorum

99 543 220 566 ‹tt-renuo.

575 1129 760 1164 CCXXXIII.

300 1211 494 1246 Conceditur
515 1210 703 1254 provinciae
720 1209 854 1242 Silcsiae
873 1207 1040 1240 monacho·
1061 1213 1063 1235 ῑ

339 1274 415 1297 rum
441 1263 691 1297 Cisterciensum
710 1260 964 1294 communicatio
989 1260 1040 1292 in-

341 1316 592 1359 dulqenlz'arum
619 1314 717 1347 lolius
743 1313 880 1348 Ordinis
913 1317 941 1345 et
968 1323 1036 1345 ntu-

1015 1367 1025 1383 5

339 1370 562 1404 nasleriorttm
590 1368 770 1411 superioris
797 1367 992 1401 Germaniae
1030 1393 1036 1399 .

515 1450 651 1477 Clemens
673 1449 752 1482 Papa
773 1449 822 1481 XI,

130 1523 250 1544 mmmm.
421 1494 457 1521 ad
476 1495 654 1528 perpetuam
668 1492 714 1520 rei
729 1492 913 1519 memoriam.

343 1564 517 1598 Pastoralis
543 1563 663 1604 officii,
699 1563 786 1606 quod
817 1567 947 1595 auctore
974 1562 1039 1595 Deo
1061 1585 1062 1595 1

300 1618 464 1661 gerimus,
491 1616 635 1650 debitum
662 1616 770 1659 exigit,
796 1621 842 1656 ut,
869 1622 1040 1660 paternam

300 1670 563 1715 christifidelium
579 1669 693 1703 divinis
706 1669 870 1712 obsequiis
886 1669 944 1702 sub
955 1670 1041 1702 suavi

299 1724 500 1758 monasticae
519 1723 601 1756 vitae
615 1723 692 1765 iugo
710 1722 969 1765 mancipatorum
988 1733 1042 1755 cu-

300 1788 367 1810 ram
401 1782 573 1820 gerentes,
605 1775 755 1809 felicibus
789 1786 900 1809 eorum
931 1776 961 1808 in
994 1775 1043 1808 via

300 1831 427 1864 Domini
452 1829 690 1874 progressibus,
717 1834 871 1872 quantum
897 1828 992 1862 nobis
1005 1840 1041 1862 ex

301 1885 365 1919 alto
390 1883 603 1924 conceditur,
631 1884 802 1916 consulere
828 1882 946 1926 iugiter
979 1890 1043 1916 stu-

177 1947 290 1979 Conwssio
302 1939 449 1973 deamus.

106 1975 291 2024 {llfflffilliffl'
346 1993 361 2037 g
386 1992 418 2025 ¹1.
446 1991 523 2025 Cum
548 1990 682 2034 itaque,
717 1989 799 2022 sicut
836 1989 945 2022 dilecti
985 1988 1042 2022 filii

302 2044 448 2079 moderni
475 2044 622 2076 visitator
648 2048 679 2075 et
709 2042 848 2075 vicarius
881 2042 1043 2085 generalis

303 2098 422 2142 aliique
447 2096 584 2141 praelati
609 2095 797 2138 provinciae
822 2094 957 2128 silesiae
991 2095 1044 2128 Or-

303 2151 387 2185 dinis
412 2149 633 2184 Cisterciensis
658 2148 752 2182 nobis
784 2159 889 2192 nuper
926 2149 1043 2191 exponi

303 2206 463 2244 fecerunt,
497 2203 558 2247 ipsi
583 2202 769 2246 privilegia,
799 2202 917 2245 gratias
943 2208 974 2234 et
998 2202 1044 2234 in-

337 2276 351 2302 1
373 2275 487 2311 Reliqua
506 2278 536 2300 ut
555 2282 615 2310 pag.
637 2273 689 2300 703
709 2282 726 2300 α
746 2274 784 2308 (R.
800 2276 847 2305 T.).

338 2321 354 2346 Ξ
374 2320 488 2356 Reliqua
508 2323 536 2346 ut
555 2318 657 2346 ibidem
677 2323 715 2353 (n.
733 2324 781 2350 T.)-

339 2366 355 2392 3
374 2365 503 2392 Eamdem
524 2363 819 2397 communicationem,
841 2363 962 2399 quinimo
985 2370 1043 2390 am-

304 2410 416 2446 pliorem
433 2431 439 2442 ,
469 2410 529 2436 vide
561 2416 718 2436 concessam
747 2407 871 2444 pluribus
900 2408 1044 2443 provinciis

305 2457 392 2482 const.
413 2452 456 2480 ed.
477 2459 594 2487 rmecxv,
615 2453 659 2480 die
678 2453 693 2479 7
714 2453 814 2487 martii,
835 2453 933 2488 pontif.
954 2460 1001 2485 xv3
1018 2455 1044 2479 et

304 2498 331 2525 in
346 2496 483 2524 Benedicti
497 2496 556 2522 xm
572 2500 655 2523 const.
679 2497 720 2524 ed.
737 2503 905 2530 iinccxxvm,
922 2496 966 2524 die
990 2503 1044 2523 xxv

304 2541 436 2573 ianuarii,
456 2539 550 2575 pontif.
572 2541 606 2574 V,
627 2540 820 2568 confirmantur
838 2541 977 2576 privilegia
996 2540 1045 2568 Or-

306 2585 384 2614 dinis.

378 2638 458 2669 Buzt.
474 2639 556 2669 Rom.
573 2653 604 2659 —
626 2638 685 2668 Vol.
703 2639 778 2668 XXI.
923 2638 954 2667 91

905 182 1046 208 CLEMENS
1073 182 1103 205 xt
1129 182 1177 204 Pr.

434 396 670 433 Decernentes,
693 392 822 426 easdem
850 394 1038 434 praesentes
1059 412 1060 415 η

1724 171 1781 203 7ἓὶ
1832 177 2019 206 An.C.1716

1084 229 1183 269 dulta,
1210 230 1327 272 quibus
1355 229 1458 261 dictus
1484 228 1568 261 Ordo
1598 228 1823 261 Cisterciensis

1083 282 1217 324 eiusque
1244 281 1396 315 monachi
1423 280 1616 314 Germaniae
1648 281 1824 323 superioris

1083 335 1253 374 fruuntur,
1281 334 1341 367 sibi
1369 345 1404 367 ac
1429 333 1580 367 omnibus
1613 333 1717 365 dictae
1750 345 1824 375 pro-

1083 388 1206 422 vinciae
1231 388 1444 427 monasteriis,
1464 387 1737 430 quemadmodum
1756 387 1825 420 aliis

1084 441 1290 475 monasteriis
1315 441 1442 474 Ordinis
1469 439 1657 473 huiusmodi
1690 451 1705 472 a
1742 439 1824 472 Sede

1083 495 1272 538 Apostolica
1287 504 1477 528 concessum
1499 493 1596 526 fuisse
1615 498 1824 532 memoratur,

1082 560 1099 581 a
1125 548 1218 581 nobis
1244 546 1476 581 communicari
1503 546 1679 590 plurimum
1699 545 1826 579 deside-

1082 607 1170 635 rent:
1196 612 1266 642 nos,
1288 601 1375 644 ipsos
1398 605 1603 644 exponentes
1629 598 1825 641 specialibus

1083 654 1246 688 favoribus
1272 660 1304 687 et
1329 653 1441 696 gratiis
1468 652 1622 696 prosequi
1650 653 1797 685 volentes
1819 679 1824 691 ‚

1083 713 1114 741 et
1151 718 1264 741 eorum
1299 707 1481 749 singulares
1517 715 1675 749 personas
1708 715 1726 737 a
1757 705 1827 747 qui-

1081 761 1192 794 busvis
1217 758 1576 799 excommunicationis,
1599 758 1827 801 suspensionis

1083 820 1113 847 et
1131 813 1310 853 interdicti,
1337 813 1474 856 aliisque
1501 811 1733 844 ecclesiasticis
1754 821 1827 844 sen-

1083 866 1205 907 tentiis,
1222 865 1368 900 censuris
1387 871 1419 898 et
1437 864 1567 908 poenis,
1585 875 1602 897 a
1624 864 1694 896 iure
1717 864 1766 896 vel
1788 863 1827 896 ab

1082 921 1229 961 homine,
1248 920 1359 964 quavis
1377 919 1551 952 occasione
1567 918 1615 951 vel
1634 919 1727 950 causa
1742 918 1828 956 latis,

1083 974 1109 1008 si
1128 973 1246 1017 quibus
1272 971 1525 1016 quomodolibet
1555 971 1733 1004 innodatae
1754 970 1824 1003 exi-

1083 1032 1180 1067 stunt,
1194 1026 1234 1059 ad
1251 1025 1401 1059 effectum
1421 1023 1647 1068 praesentium
1662 1023 1829 1056 dumtaxat.

1083 1078 1366 1123 consequendum,
1383 1078 1500 1110 harum
1517 1076 1600 1109 serie
1620 1075 1827 1109 absolventes

1084 1138 1114 1165 et
1145 1132 1311 1165 absolutas
1339 1130 1408 1164 sore
1435 1134 1628 1169 censenteS,
1663 1129 1827 1173 supplica-

1085 1185 1229 1218 tionibus
1249 1195 1362 1217 eorum
1380 1183 1512 1217 nomine
1530 1182 1625 1215 nobis
1643 1192 1744 1225 super
1761 1182 1826 1215 hoc

1083 1239 1252 1272 humiliter
1276 1237 1435 1281 porrectis
1462 1236 1620 1276 inclinati,
1635 1236 1673 1269 de
1693 1246 1827 1269 venera-

1083 1292 1197 1326 bilium
1223 1292 1357 1325 fratrum
1384 1296 1570 1323 nostrorum
1596 1290 1627 1323 S.
1652 1290 1688 1322 R.
1709 1289 1741 1322 E.
1760 1300 1827 1322 car-

1084 1345 1241 1379 dinalium
1278 1344 1418 1388 negotiis
1461 1350 1492 1377 et
1531 1343 1825 1378 consultationibus

1083 1400 1314 1444 episcoporum
1340 1404 1371 1432 et
1398 1398 1598 1441 regularium
1624 1397 1827 1441 praeposito-

1061 1464 1174 1494 rum,
1202 1453 1254 1496 qui
1281 1452 1478 1486 relationem
1505 1451 1614 1485 dilecti
1641 1452 1739 1484 etiam
1770 1451 1825 1484 filii

1061 1508 1062 1514 ¹
1084 1507 1234 1541 moderni
1260 1505 1482 1550 procuratoris
1506 1505 1668 1548 generalis
1683 1504 1760 1537 dicti
1775 1504 1828 1537 Or-

1084 1561 1168 1594 dinis
1194 1570 1292 1603 super
1318 1558 1505 1603 praemissis
1532 1558 1655 1591 eisdem
1681 1558 1827 1591 cardina-

1084 1614 1168 1648 libus
1196 1613 1308 1647 factam
1327 1612 1547 1651 attenderunt,
1566 1611 1717 1651 consilio,
1740 1622 1827 1644 enar-

1084 1673 1185 1700 ratam
1217 1665 1546 1700 communicationem
1568 1664 1825 1708 privilegiorum,

1086 1721 1190 1766 quoad
1223 1719 1443 1763 indulgentias
1477 1724 1618 1758 tantum,
1652 1718 1826 1761 praedictis

1085 1773 1238 1819 praelatis
1264 1779 1295 1807 et
1320 1772 1526 1806 monasteriis
1552 1771 1739 1815 provinciae
1773 1771 1824 1805 Si-

1063 1834 1064 1837 ’
1086 1828 1184 1861 lesiae
1209 1826 1405 1867 huiusmodi,
1421 1826 1615 1859 auctoritate
1633 1825 1825 1868 apostolica,

1088 1887 1200 1915 tenore
1226 1881 1460 1925 praesentium,
1487 1879 1714 1912 concedimus:
1741 1879 1828 1911 salva

1088 1942 1194 1968 tamen
1217 1944 1348 1977 semper
1365 1934 1398 1966 in
1419 1932 1607 1977 praemissis
1633 1933 1826 1965 auctoritate

1088 1988 1362 2031 Congregationis
1383 1986 1573 2020 eorumdem
1595 1985 1824 2018 cardinalium.

1131 2041 1193 2085 §2
1214 2041 1435 2074 Decernentes
1453 2039 1539 2082 ipsas
1556 2039 1680 2072 litteras
1700 2048 1828 2082 semper
1866 2045 1987 2066 Ctausutae·

1088 2094 1204 2134 firmas,
1231 2092 1321 2126 etc.⁴·.

1132 2150 1146 2192 g
1171 2147 1202 2182 3.
1229 2147 1300 2181 Non
1326 2146 1533 2180 obstantibus
1559 2147 1673 2179 nostra
1699 2151 1730 2179 et
1746 2146 2023 2199 C³¹¹‘aui·³0⁰5³‡ijif³⁰‘⁰m

1088 2201 1240 2235 cellariae
1263 2200 1468 2244 Apostolicae
1487 2201 1597 2242 reg-ute
1616 2200 1655 2233 de
1672 2210 1737 2233 non
1755 2209 1829 2233 con-
1892 2186 1902 2203 b
1951 2193 1956 2198 ’

1088 2254 1244 2288 cedendis
1269 2253 1483 2296 indulgentiis
1503 2253 1542 2286 ad
1561 2252 1674 2293 instar,
1691 2252 1828 2295 aliisque

1088 2307 1377 2341 constitutionibus
1404 2312 1435 2340 et
1459 2306 1719 2339 ordinationibus
1753 2317 1829 2349 apo-

1089 2361 1238 2401 stolicis,
1270 2360 1455 2403 ceterisque
1491 2359 1663 2392 contrariis
1696 2359 1829 2403 quibus-

1087 2426 1238 2458 cumque.

1132 2469 1245 2501 Datum
1271 2468 1389 2501 Romae
1411 2494 1417 2506 ,
1444 2467 1528 2509 apud
1556 2466 1586 2499 S.
1615 2466 1744 2499 Mariam
1767 2466 1829 2498 Ma-

1088 2522 1207 2562 iorem,
1234 2521 1294 2554 sub
1319 2521 1442 2553 annulo
1467 2519 1639 2553 Piseatoris
1655 2546 1662 2560 ,
1693 2519 1744 2552 die
1771 2528 1827 2552 vi11

1127 2586 1137 2612 1
1159 2583 1276 2620 Reliqua
1290 2586 1319 2612 ut
1333 2590 1394 2619 pag.
1412 2582 1463 2612 703
1479 2590 1495 2610 α
1511 2582 1552 2618 (a.
1570 2586 1618 2616 r).
