<?xml version="1.0" encoding="UTF-8"?>
<!DOCTYPE html PUBLIC "-//W3C//DTD XHTML 1.0 Transitional//EN"
    "http://www.w3.org/TR/xhtml1/DTD/xhtml1-transitional.dtd">
<html xmlns="http://www.w3.org/1999/xhtml" xml:lang="en" lang="en">
 <head>
  <title>
</title>
<meta http-equiv="Content-Type" content="text/html;charset=utf-8" />
  <meta name='ocr-system' content='tesseract 3.04.00' />
  <meta name='ocr-capabilities' content='ocr_page ocr_carea ocr_par ocr_line ocrx_word'/>
</head>
<body>
  <div class='ocr_page' id='page_1' title='image "./bullarumdiplomat21cath_0875.png"; bbox 0 0 2269 3203; ppageno 0'>
   <div class='ocr_carea' id='block_1_1' title="bbox 93 209 284 239">
    <p class='ocr_par' dir='ltr' id='par_1_1' title="bbox 93 209 284 239">
     <span class='ocr_line' id='line_1_1' title="bbox 93 209 284 239; baseline -0.01 0"><span class='ocrx_word' id='word_1_1' title='bbox 93 210 148 239; x_wconf 60' lang='lat' dir='ltr'>An.</span> <span class='ocrx_word' id='word_1_2' title='bbox 168 209 198 238; x_wconf 90' lang='lat' dir='ltr'>C.</span> <span class='ocrx_word' id='word_1_3' title='bbox 216 209 284 238; x_wconf 78' lang='lat'>1717</span> 
     </span>
    </p>
   </div>
   <div class='ocr_carea' id='block_1_2' title="bbox 100 855 286 984">
    <p class='ocr_par' dir='ltr' id='par_1_2' title="bbox 100 855 286 984">
     <span class='ocr_line' id='line_1_2' title="bbox 149 855 285 877; baseline -0.015 0"><span class='ocrx_word' id='word_1_4' title='bbox 149 855 285 877; x_wconf 70' lang='lat' dir='ltr'>Conni-mano</span> 
     </span>
     <span class='ocr_line' id='line_1_3' title="bbox 101 883 285 904; baseline -0.011 0"><span class='ocrx_word' id='word_1_5' title='bbox 101 884 194 904; x_wconf 84' lang='lat' dir='ltr'>actorum</span> <span class='ocrx_word' id='word_1_6' title='bbox 205 889 217 902; x_wconf 87' lang='lat' dir='ltr'>a</span> <span class='ocrx_word' id='word_1_7' title='bbox 228 883 285 903; x_wconf 68' lang='lat' dir='ltr'>‹lete-</span> 
     </span>
     <span class='ocr_line' id='line_1_4' title="bbox 101 909 284 935; baseline -0.005 -5"><span class='ocrx_word' id='word_1_8' title='bbox 101 912 149 935; x_wconf 77' lang='lat' dir='ltr'>gato</span> <span class='ocrx_word' id='word_1_9' title='bbox 168 909 284 934; x_wconf 76' lang='lat' dir='ltr'>apostolico</span> 
     </span>
     <span class='ocr_line' id='line_1_5' title="bbox 100 936 286 961; baseline 0 -5"><span class='ocrx_word' id='word_1_10' title='bbox 100 941 147 956; x_wconf 80' lang='lat' dir='ltr'>rum</span> <span class='ocrx_word' id='word_1_11' title='bbox 169 936 286 961; x_wconf 86' lang='lat' dir='ltr'>impositio-</span> 
     </span>
     <span class='ocr_line' id='line_1_6' title="bbox 101 962 228 984; baseline -0.008 0"><span class='ocrx_word' id='word_1_12' title='bbox 101 968 127 984; x_wconf 78' lang='lat' dir='ltr'>uo</span> <span class='ocrx_word' id='word_1_13' title='bbox 141 962 228 984; x_wconf 68' lang='lat' dir='ltr'>silentii.</span> 
     </span>
    </p>
   </div>
   <div class='ocr_carea' id='block_1_3' title="bbox 916 203 1188 228">
    <p class='ocr_par' dir='ltr' id='par_1_3' title="bbox 916 203 1188 228">
     <span class='ocr_line' id='line_1_7' title="bbox 916 203 1188 228; baseline -0.007 0"><span class='ocrx_word' id='word_1_14' title='bbox 916 203 1056 228; x_wconf 79' lang='lat' dir='ltr'>CLEMENS</span> <span class='ocrx_word' id='word_1_15' title='bbox 1081 203 1115 227; x_wconf 68' lang='lat' dir='ltr'>XI</span> <span class='ocrx_word' id='word_1_16' title='bbox 1138 203 1188 227; x_wconf 74' lang='lat' dir='ltr'>Pr.</span> 
     </span>
    </p>
   </div>
   <div class='ocr_carea' id='block_1_4' title="bbox 293 253 1041 1741">
    <p class='ocr_par' dir='ltr' id='par_1_4' title="bbox 293 253 1034 834">
     <span class='ocr_line' id='line_1_8' title="bbox 293 253 1032 295; baseline -0.009 -4"><span class='ocrx_word' id='word_1_17' title='bbox 293 257 402 292; x_wconf 80' lang='lat' dir='ltr'>nensis</span> <span class='ocrx_word' id='word_1_18' title='bbox 427 256 594 291; x_wconf 81' lang='lat' dir='ltr'>orientalis</span> <span class='ocrx_word' id='word_1_19' title='bbox 629 255 804 295; x_wconf 84' lang='lat' dir='ltr'>canonicis,</span> <span class='ocrx_word' id='word_1_20' title='bbox 837 254 899 287; x_wconf 80' lang='lat' dir='ltr'>alta</span> <span class='ocrx_word' id='word_1_21' title='bbox 926 258 958 286; x_wconf 85' lang='lat' dir='ltr'>et</span> <span class='ocrx_word' id='word_1_22' title='bbox 983 253 1032 285; x_wconf 90' lang='lat' dir='ltr'>in-</span> 
     </span>
     <span class='ocr_line' id='line_1_9' title="bbox 294 306 1032 355; baseline -0.009 -10"><span class='ocrx_word' id='word_1_23' title='bbox 294 311 458 355; x_wconf 78' lang='lat' dir='ltr'>telligibili</span> <span class='ocrx_word' id='word_1_24' title='bbox 483 321 559 344; x_wconf 82' lang='lat' dir='ltr'>voce</span> <span class='ocrx_word' id='word_1_25' title='bbox 585 310 664 352; x_wconf 73' lang='lat' dir='ltr'>legit</span> <span class='ocrx_word' id='word_1_26' title='bbox 685 315 715 342; x_wconf 87' lang='lat' dir='ltr'>et</span> <span class='ocrx_word' id='word_1_27' title='bbox 733 307 910 352; x_wconf 87' lang='lat' dir='ltr'>publicavit</span> <span class='ocrx_word' id='word_1_28' title='bbox 929 306 1032 339; x_wconf 90' lang='lat' dir='ltr'>moni-</span> 
     </span>
     <span class='ocr_line' id='line_1_10' title="bbox 295 360 1033 408; baseline -0.008 -11"><span class='ocrx_word' id='word_1_29' title='bbox 295 365 424 404; x_wconf 89' lang='lat' dir='ltr'>torium,</span> <span class='ocrx_word' id='word_1_30' title='bbox 442 364 474 397; x_wconf 90' lang='lat' dir='ltr'>in</span> <span class='ocrx_word' id='word_1_31' title='bbox 500 375 564 408; x_wconf 88' lang='lat' dir='ltr'>quo</span> <span class='ocrx_word' id='word_1_32' title='bbox 583 363 718 407; x_wconf 75' lang='lat' dir='ltr'>praefati</span> <span class='ocrx_word' id='word_1_33' title='bbox 737 360 879 406; x_wconf 75' lang='lat' dir='ltr'>episcopi</span> <span class='ocrx_word' id='word_1_34' title='bbox 899 360 1033 393; x_wconf 82' lang='lat' dir='ltr'>manda-</span> 
     </span>
     <span class='ocr_line' id='line_1_11' title="bbox 295 413 1031 458; baseline -0.008 -8"><span class='ocrx_word' id='word_1_35' title='bbox 295 423 360 450; x_wconf 88' lang='lat' dir='ltr'>tum</span> <span class='ocrx_word' id='word_1_36' title='bbox 390 417 640 456; x_wconf 72' lang='lat' dir='ltr'>continebatur-3</span> <span class='ocrx_word' id='word_1_37' title='bbox 671 415 824 458; x_wconf 83' lang='lat' dir='ltr'>dictoque</span> <span class='ocrx_word' id='word_1_38' title='bbox 854 413 1031 447; x_wconf 88' lang='lat' dir='ltr'>monitorio</span> 
     </span>
     <span class='ocr_line' id='line_1_12' title="bbox 293 466 1031 514; baseline -0.008 -11"><span class='ocrx_word' id='word_1_39' title='bbox 293 470 377 503; x_wconf 87' lang='lat' dir='ltr'>lecto</span> <span class='ocrx_word' id='word_1_40' title='bbox 392 475 422 503; x_wconf 89' lang='lat' dir='ltr'>et</span> <span class='ocrx_word' id='word_1_41' title='bbox 440 470 612 514; x_wconf 86' lang='lat' dir='ltr'>publicato,</span> <span class='ocrx_word' id='word_1_42' title='bbox 632 468 823 512; x_wconf 72' lang='lat' dir='ltr'>praesidens</span> <span class='ocrx_word' id='word_1_43' title='bbox 839 473 870 500; x_wconf 88' lang='lat' dir='ltr'>et</span> <span class='ocrx_word' id='word_1_44' title='bbox 884 466 1031 499; x_wconf 80' lang='lat' dir='ltr'>canonici</span> 
     </span>
     <span class='ocr_line' id='line_1_13' title="bbox 293 519 1031 567; baseline -0.007 -11"><span class='ocrx_word' id='word_1_45' title='bbox 293 523 433 567; x_wconf 76' lang='lat' dir='ltr'>praefati</span> <span class='ocrx_word' id='word_1_46' title='bbox 459 523 614 556; x_wconf 85' lang='lat' dir='ltr'>ecclcsiae</span> <span class='ocrx_word' id='word_1_47' title='bbox 640 520 900 565; x_wconf 66' lang='lat' dir='ltr'>Ulyssiponensis</span> <span class='ocrx_word' id='word_1_48' title='bbox 926 519 1031 552; x_wconf 86' lang='lat' dir='ltr'>orien-</span> 
     </span>
     <span class='ocr_line' id='line_1_14' title="bbox 295 573 1032 621; baseline -0.007 -11"><span class='ocrx_word' id='word_1_49' title='bbox 295 578 366 611; x_wconf 86' lang='lat' dir='ltr'>talis</span> <span class='ocrx_word' id='word_1_50' title='bbox 400 577 564 621; x_wconf 75' lang='lat' dir='ltr'>praefatae</span> <span class='ocrx_word' id='word_1_51' title='bbox 600 574 844 619; x_wconf 87' lang='lat' dir='ltr'>responderunt</span> <span class='ocrx_word' id='word_1_52' title='bbox 878 573 964 616; x_wconf 86' lang='lat' dir='ltr'>quod</span> <span class='ocrx_word' id='word_1_53' title='bbox 999 582 1032 605; x_wconf 86' lang='lat' dir='ltr'>sc</span> 
     </span>
     <span class='ocr_line' id='line_1_15' title="bbox 293 626 1033 671; baseline -0.009 -6"><span class='ocrx_word' id='word_1_54' title='bbox 293 631 431 665; x_wconf 89' lang='lat' dir='ltr'>monitos</span> <span class='ocrx_word' id='word_1_55' title='bbox 458 629 651 670; x_wconf 82' lang='lat' dir='ltr'>habebant¹,</span> <span class='ocrx_word' id='word_1_56' title='bbox 675 629 826 671; x_wconf 85' lang='lat' dir='ltr'>dictoque</span> <span class='ocrx_word' id='word_1_57' title='bbox 856 626 1033 660; x_wconf 88' lang='lat' dir='ltr'>monitorio</span> 
     </span>
     <span class='ocr_line' id='line_1_16' title="bbox 294 681 1034 726; baseline -0.008 -8"><span class='ocrx_word' id='word_1_58' title='bbox 294 684 501 724; x_wconf 71' lang='lat' dir='ltr'>obediebant,</span> <span class='ocrx_word' id='word_1_59' title='bbox 527 693 624 726; x_wconf 88' lang='lat' dir='ltr'>seque</span> <span class='ocrx_word' id='word_1_60' title='bbox 649 682 712 715; x_wconf 87' lang='lat' dir='ltr'>iam</span> <span class='ocrx_word' id='word_1_61' title='bbox 738 681 914 725; x_wconf 81' lang='lat' dir='ltr'>capitulum</span> <span class='ocrx_word' id='word_1_62' title='bbox 937 686 967 714; x_wconf 89' lang='lat' dir='ltr'>et</span> <span class='ocrx_word' id='word_1_63' title='bbox 985 690 1034 712; x_wconf 89' lang='lat' dir='ltr'>ca-</span> 
     </span>
     <span class='ocr_line' id='line_1_17' title="bbox 293 734 1032 780; baseline -0.007 -9"><span class='ocrx_word' id='word_1_64' title='bbox 293 738 426 771; x_wconf 88' lang='lat' dir='ltr'>nonicos</span> <span class='ocrx_word' id='word_1_65' title='bbox 451 736 607 771; x_wconf 79' lang='lat' dir='ltr'>ecclesiae</span> <span class='ocrx_word' id='word_1_66' title='bbox 632 734 895 780; x_wconf 71' lang='lat' dir='ltr'>Ulyssiponensis</span> <span class='ocrx_word' id='word_1_67' title='bbox 920 734 1032 768; x_wconf 88' lang='lat' dir='ltr'>orien-</span> 
     </span>
     <span class='ocr_line' id='line_1_18' title="bbox 295 787 691 834; baseline -0.005 -10"><span class='ocrx_word' id='word_1_68' title='bbox 295 791 367 824; x_wconf 86' lang='lat' dir='ltr'>talis</span> <span class='ocrx_word' id='word_1_69' title='bbox 394 787 691 834; x_wconf 76' lang='lat' dir='ltr'>niineupaverant‘2.</span> 
     </span>
    </p>

    <p class='ocr_par' dir='ltr' id='par_1_5' title="bbox 296 841 1041 1741">
     <span class='ocr_line' id='line_1_19' title="bbox 340 841 1037 887; baseline -0.006 -11"><span class='ocrx_word' id='word_1_70' title='bbox 340 844 354 887; x_wconf 68' lang='grc' dir='ltr'>ἓ</span> <span class='ocrx_word' id='word_1_71' title='bbox 380 843 411 876; x_wconf 69' lang='lat'>⁶2.</span> <span class='ocrx_word' id='word_1_72' title='bbox 439 843 515 877; x_wconf 92' lang='lat' dir='ltr'>Cum</span> <span class='ocrx_word' id='word_1_73' title='bbox 542 848 659 883; x_wconf 86' lang='lat' dir='ltr'>autem,</span> <span class='ocrx_word' id='word_1_74' title='bbox 685 841 766 874; x_wconf 86' lang='lat' dir='ltr'>sicut</span> <span class='ocrx_word' id='word_1_75' title='bbox 798 841 911 874; x_wconf 84' lang='lat' dir='ltr'>eadem</span> <span class='ocrx_word' id='word_1_76' title='bbox 938 850 1037 883; x_wconf 78' lang='lat' dir='ltr'>expo-</span> 
     </span>
     <span class='ocr_line' id='line_1_20' title="bbox 296 892 1036 940; baseline -0.007 -10"><span class='ocrx_word' id='word_1_77' title='bbox 296 897 369 930; x_wconf 87' lang='lat' dir='ltr'>sitio</span> <span class='ocrx_word' id='word_1_78' title='bbox 395 896 627 940; x_wconf 82' lang='lat' dir='ltr'>subiungebat,</span> <span class='ocrx_word' id='word_1_79' title='bbox 655 900 855 939; x_wconf 70' lang='lat' dir='ltr'>exponentes</span> <span class='ocrx_word' id='word_1_80' title='bbox 880 892 1036 938; x_wconf 74' lang='lat' dir='ltr'>praefati,</span> 
     </span>
     <span class='ocr_line' id='line_1_21' title="bbox 296 948 1037 994; baseline -0.005 -11"><span class='ocrx_word' id='word_1_81' title='bbox 296 961 357 994; x_wconf 91' lang='lat' dir='ltr'>pro</span> <span class='ocrx_word' id='word_1_82' title='bbox 382 950 498 984; x_wconf 80' lang='lat' dir='ltr'>maiori</span> <span class='ocrx_word' id='word_1_83' title='bbox 524 949 730 983; x_wconf 77' lang='lat' dir='ltr'>subsistentia</span> <span class='ocrx_word' id='word_1_84' title='bbox 757 948 957 991; x_wconf 78' lang='lat' dir='ltr'>firmiorique</span> <span class='ocrx_word' id='word_1_85' title='bbox 983 948 1037 980; x_wconf 79' lang='lat' dir='ltr'>ol)-</span> 
     </span>
     <span class='ocr_line' id='line_1_22' title="bbox 297 1002 1036 1045; baseline -0.004 -8"><span class='ocrx_word' id='word_1_86' title='bbox 297 1004 458 1037; x_wconf 78' lang='lat' dir='ltr'>servantia</span> <span class='ocrx_word' id='word_1_87' title='bbox 502 1003 647 1037; x_wconf 84' lang='lat' dir='ltr'>omnium</span> <span class='ocrx_word' id='word_1_88' title='bbox 688 1008 720 1036; x_wconf 88' lang='lat' dir='ltr'>et</span> <span class='ocrx_word' id='word_1_89' title='bbox 759 1002 963 1045; x_wconf 73' lang='lat' dir='ltr'>singulorum</span> <span class='ocrx_word' id='word_1_90' title='bbox 1004 1002 1036 1034; x_wconf 92' lang='lat' dir='ltr'>in</span> 
     </span>
     <span class='ocr_line' id='line_1_23' title="bbox 296 1054 1037 1101; baseline -0.005 -11"><span class='ocrx_word' id='word_1_91' title='bbox 296 1057 450 1101; x_wconf 81' lang='lat' dir='ltr'>praefatis</span> <span class='ocrx_word' id='word_1_92' title='bbox 468 1057 586 1090; x_wconf 89' lang='lat' dir='ltr'>litteris</span> <span class='ocrx_word' id='word_1_93' title='bbox 603 1061 843 1095; x_wconf 88' lang='lat' dir='ltr'>contentorum,</span> <span class='ocrx_word' id='word_1_94' title='bbox 862 1054 1037 1098; x_wconf 88' lang='lat' dir='ltr'>plurimum</span> 
     </span>
     <span class='ocr_line' id='line_1_24' title="bbox 297 1108 1036 1154; baseline -0.005 -10"><span class='ocrx_word' id='word_1_95' title='bbox 297 1111 430 1154; x_wconf 85' lang='lat' dir='ltr'>cupiant</span> <span class='ocrx_word' id='word_1_96' title='bbox 467 1110 575 1143; x_wconf 85' lang='lat' dir='ltr'>omnia</span> <span class='ocrx_word' id='word_1_97' title='bbox 606 1115 639 1142; x_wconf 86' lang='lat' dir='ltr'>et</span> <span class='ocrx_word' id='word_1_98' title='bbox 671 1109 799 1152; x_wconf 76' lang='lat' dir='ltr'>singula</span> <span class='ocrx_word' id='word_1_99' title='bbox 828 1108 1036 1151; x_wconf 84' lang='lat' dir='ltr'>supradicta,</span> 
     </span>
     <span class='ocr_line' id='line_1_25' title="bbox 298 1161 1038 1206; baseline -0.005 -9"><span class='ocrx_word' id='word_1_100' title='bbox 298 1174 371 1197; x_wconf 90' lang='lat' dir='ltr'>cum</span> <span class='ocrx_word' id='word_1_101' title='bbox 397 1163 547 1197; x_wconf 89' lang='lat' dir='ltr'>omnibus</span> <span class='ocrx_word' id='word_1_102' title='bbox 573 1167 604 1196; x_wconf 86' lang='lat' dir='ltr'>et</span> <span class='ocrx_word' id='word_1_103' title='bbox 629 1162 885 1206; x_wconf 87' lang='lat' dir='ltr'>quibuscumque</span> <span class='ocrx_word' id='word_1_104' title='bbox 919 1161 952 1194; x_wconf 93' lang='lat' dir='ltr'>in</span> <span class='ocrx_word' id='word_1_105' title='bbox 975 1161 1038 1193; x_wconf 89' lang='lat' dir='ltr'>vim</span> 
     </span>
     <span class='ocr_line' id='line_1_26' title="bbox 298 1215 1038 1259; baseline -0.004 -9"><span class='ocrx_word' id='word_1_106' title='bbox 298 1217 374 1250; x_wconf 89' lang='lat' dir='ltr'>dicti</span> <span class='ocrx_word' id='word_1_107' title='bbox 411 1216 576 1251; x_wconf 89' lang='lat' dir='ltr'>monitorii</span> <span class='ocrx_word' id='word_1_108' title='bbox 616 1215 844 1259; x_wconf 85' lang='lat' dir='ltr'>subsequutis,</span> <span class='ocrx_word' id='word_1_109' title='bbox 882 1225 943 1259; x_wconf 85' lang='lat' dir='ltr'>per</span> <span class='ocrx_word' id='word_1_110' title='bbox 978 1225 1038 1247; x_wconf 91' lang='lat' dir='ltr'>nos</span> 
     </span>
     <span class='ocr_line' id='line_1_27' title="bbox 298 1268 1038 1312; baseline -0.005 -8"><span class='ocrx_word' id='word_1_111' title='bbox 298 1270 485 1304; x_wconf 78' lang='lat' dir='ltr'>confirmari</span> <span class='ocrx_word' id='word_1_112' title='bbox 511 1274 543 1303; x_wconf 81' lang='lat' dir='ltr'>et</span> <span class='ocrx_word' id='word_1_113' title='bbox 566 1269 755 1312; x_wconf 83' lang='lat' dir='ltr'>approbari:</span> <span class='ocrx_word' id='word_1_114' title='bbox 780 1278 838 1301; x_wconf 90' lang='lat' dir='ltr'>nos</span> <span class='ocrx_word' id='word_1_115' title='bbox 863 1268 970 1311; x_wconf 80' lang='lat' dir='ltr'>igitur,</span> <span class='ocrx_word' id='word_1_116' title='bbox 990 1279 1038 1301; x_wconf 83' lang='lat' dir='ltr'>ex-</span> 
     </span>
     <span class='ocr_line' id='line_1_28' title="bbox 297 1321 1038 1367; baseline -0.005 -10"><span class='ocrx_word' id='word_1_117' title='bbox 297 1329 458 1367; x_wconf 80' lang='lat' dir='ltr'>ponentes</span> <span class='ocrx_word' id='word_1_118' title='bbox 484 1323 646 1366; x_wconf 79' lang='lat' dir='ltr'>praefatos</span> <span class='ocrx_word' id='word_1_119' title='bbox 673 1321 824 1365; x_wconf 86' lang='lat' dir='ltr'>specialis</span> <span class='ocrx_word' id='word_1_120' title='bbox 851 1322 973 1364; x_wconf 79' lang='lat' dir='ltr'>gratiae</span> <span class='ocrx_word' id='word_1_121' title='bbox 995 1321 1038 1354; x_wconf 84' lang='lat' dir='ltr'>sa-</span> 
     </span>
     <span class='ocr_line' id='line_1_29' title="bbox 297 1377 1038 1421; baseline -0.004 -11"><span class='ocrx_word' id='word_1_122' title='bbox 297 1388 373 1410; x_wconf 89' lang='lat' dir='ltr'>vore</span> <span class='ocrx_word' id='word_1_123' title='bbox 398 1377 555 1421; x_wconf 83' lang='lat' dir='ltr'>prosequi</span> <span class='ocrx_word' id='word_1_124' title='bbox 580 1377 737 1416; x_wconf 86' lang='lat' dir='ltr'>volentes,</span> <span class='ocrx_word' id='word_1_125' title='bbox 771 1386 899 1409; x_wconf 84' lang='lat' dir='ltr'>necnon</span> <span class='ocrx_word' id='word_1_126' title='bbox 925 1385 1038 1408; x_wconf 89' lang='lat' dir='ltr'>eorum</span> 
     </span>
     <span class='ocr_line' id='line_1_30' title="bbox 298 1428 1039 1474; baseline -0.005 -10"><span class='ocrx_word' id='word_1_127' title='bbox 298 1430 479 1473; x_wconf 72' lang='lat' dir='ltr'>singulares</span> <span class='ocrx_word' id='word_1_128' title='bbox 505 1440 664 1474; x_wconf 79' lang='lat' dir='ltr'>personas</span> <span class='ocrx_word' id='word_1_129' title='bbox 690 1440 707 1463; x_wconf 85' lang='lat' dir='ltr'>a</span> <span class='ocrx_word' id='word_1_130' title='bbox 724 1428 893 1473; x_wconf 82' lang='lat' dir='ltr'>quibusvis</span> <span class='ocrx_word' id='word_1_131' title='bbox 915 1439 1039 1462; x_wconf 80' lang='lat' dir='ltr'>excom-</span> 
     </span>
     <span class='ocr_line' id='line_1_31' title="bbox 298 1482 1038 1528; baseline -0.004 -12"><span class='ocrx_word' id='word_1_132' title='bbox 298 1484 544 1525; x_wconf 85' lang='lat' dir='ltr'>municationis,</span> <span class='ocrx_word' id='word_1_133' title='bbox 565 1483 792 1528; x_wconf 83' lang='lat' dir='ltr'>suspensionis</span> <span class='ocrx_word' id='word_1_134' title='bbox 813 1488 845 1516; x_wconf 90' lang='lat' dir='ltr'>et</span> <span class='ocrx_word' id='word_1_135' title='bbox 862 1482 1038 1523; x_wconf 72' lang='lat' dir='ltr'>interdicti,</span> 
     </span>
     <span class='ocr_line' id='line_1_32' title="bbox 299 1537 1041 1581; baseline -0.004 -10"><span class='ocrx_word' id='word_1_136' title='bbox 299 1537 437 1581; x_wconf 84' lang='lat' dir='ltr'>aliisque</span> <span class='ocrx_word' id='word_1_137' title='bbox 467 1538 699 1571; x_wconf 83' lang='lat' dir='ltr'>ecclesiasticis</span> <span class='ocrx_word' id='word_1_138' title='bbox 723 1537 908 1577; x_wconf 88' lang='lat' dir='ltr'>sententiis,</span> <span class='ocrx_word' id='word_1_139' title='bbox 928 1547 1041 1570; x_wconf 88' lang='lat' dir='ltr'>censu-</span> 
     </span>
     <span class='ocr_line' id='line_1_33' title="bbox 298 1590 1041 1635; baseline -0.003 -11"><span class='ocrx_word' id='word_1_140' title='bbox 298 1591 344 1624; x_wconf 85' lang='lat' dir='ltr'>ris</span> <span class='ocrx_word' id='word_1_141' title='bbox 363 1596 394 1624; x_wconf 87' lang='lat' dir='ltr'>et</span> <span class='ocrx_word' id='word_1_142' title='bbox 410 1591 537 1635; x_wconf 89' lang='lat' dir='ltr'>poenis,</span> <span class='ocrx_word' id='word_1_143' title='bbox 555 1602 572 1623; x_wconf 89' lang='lat' dir='ltr'>a</span> <span class='ocrx_word' id='word_1_144' title='bbox 589 1592 658 1624; x_wconf 87' lang='lat' dir='ltr'>inre</span> <span class='ocrx_word' id='word_1_145' title='bbox 675 1591 725 1624; x_wconf 93' lang='lat' dir='ltr'>vel</span> <span class='ocrx_word' id='word_1_146' title='bbox 746 1591 785 1624; x_wconf 86' lang='lat' dir='ltr'>ab</span> <span class='ocrx_word' id='word_1_147' title='bbox 800 1590 944 1630; x_wconf 88' lang='lat' dir='ltr'>homine,</span> <span class='ocrx_word' id='word_1_148' title='bbox 967 1600 1041 1633; x_wconf 83' lang='lat' dir='ltr'>qua-</span> 
     </span>
     <span class='ocr_line' id='line_1_34' title="bbox 299 1643 1039 1686; baseline -0.001 -9"><span class='ocrx_word' id='word_1_149' title='bbox 299 1644 346 1677; x_wconf 89' lang='lat' dir='ltr'>vis</span> <span class='ocrx_word' id='word_1_150' title='bbox 371 1644 545 1678; x_wconf 80' lang='lat' dir='ltr'>occasione</span> <span class='ocrx_word' id='word_1_151' title='bbox 569 1645 620 1677; x_wconf 93' lang='lat' dir='ltr'>vel</span> <span class='ocrx_word' id='word_1_152' title='bbox 648 1645 746 1677; x_wconf 73' lang='lat' dir='ltr'>causa</span> <span class='ocrx_word' id='word_1_153' title='bbox 771 1644 857 1683; x_wconf 86' lang='lat' dir='ltr'>latis,</span> <span class='ocrx_word' id='word_1_154' title='bbox 874 1643 899 1676; x_wconf 89' lang='lat' dir='ltr'>si</span> <span class='ocrx_word' id='word_1_155' title='bbox 921 1643 1039 1686; x_wconf 88' lang='lat' dir='ltr'>quibus</span> 
     </span>
     <span class='ocr_line' id='line_1_35' title="bbox 300 1696 1040 1741; baseline -0.004 -10"><span class='ocrx_word' id='word_1_156' title='bbox 300 1697 553 1741; x_wconf 87' lang='lat' dir='ltr'>quomodolibet</span> <span class='ocrx_word' id='word_1_157' title='bbox 586 1697 762 1730; x_wconf 71' lang='lat' dir='ltr'>innodatae</span> <span class='ocrx_word' id='word_1_158' title='bbox 799 1696 957 1736; x_wconf 84' lang='lat' dir='ltr'>existunt,</span> <span class='ocrx_word' id='word_1_159' title='bbox 1001 1696 1040 1729; x_wconf 84' lang='lat' dir='ltr'>ad</span> 
     </span>
    </p>
   </div>
   <div class='ocr_carea' id='block_1_5' title="bbox 1052 262 1058 824">
    <p class='ocr_par' dir='ltr' id='par_1_6' title="bbox 1052 262 1058 824">
     <span class='ocr_line' id='line_1_36' title="bbox 1052 262 1058 824; baseline 0 0"><span class='ocrx_word' id='word_1_160' title='bbox 1052 262 1058 824; x_wconf 95' lang='lat' dir='ltr'> </span> 
     </span>
    </p>
   </div>
   <div class='ocr_carea' id='block_1_6' title="bbox 1057 977 1064 1603">
    <p class='ocr_par' dir='ltr' id='par_1_7' title="bbox 1057 977 1064 1603">
     <span class='ocr_line' id='line_1_37' title="bbox 1057 977 1064 1603; baseline 0 0"><span class='ocrx_word' id='word_1_161' title='bbox 1057 977 1064 1603; x_wconf 95' lang='lat' dir='ltr'> </span> 
     </span>
    </p>
   </div>
   <div class='ocr_carea' id='block_1_7' title="bbox 1074 190 1817 454">
    <p class='ocr_par' dir='ltr' id='par_1_8' title="bbox 1074 190 1817 454">
     <span class='ocr_line' id='line_1_38' title="bbox 1717 190 1780 225; baseline -0.016 0"><span class='ocrx_word' id='word_1_162' title='bbox 1717 190 1780 225; x_wconf 82' lang='lat'>755</span> 
     </span>
     <span class='ocr_line' id='line_1_39' title="bbox 1074 250 1816 295; baseline 0 -11"><span class='ocrx_word' id='word_1_163' title='bbox 1074 262 1124 285; x_wconf 89' lang='lat' dir='ltr'>ras</span> <span class='ocrx_word' id='word_1_164' title='bbox 1150 250 1344 295; x_wconf 85' lang='lat' dir='ltr'>apostolicas</span> <span class='ocrx_word' id='word_1_165' title='bbox 1366 250 1448 283; x_wconf 89' lang='lat' dir='ltr'>etin</span> <span class='ocrx_word' id='word_1_166' title='bbox 1468 250 1513 283; x_wconf 81' lang='lat' dir='ltr'>eis</span> <span class='ocrx_word' id='word_1_167' title='bbox 1541 255 1691 283; x_wconf 74' lang='lat' dir='ltr'>contenta</span> <span class='ocrx_word' id='word_1_168' title='bbox 1718 261 1816 294; x_wconf 80' lang='lat' dir='ltr'>quae-</span> 
     </span>
     <span class='ocr_line' id='line_1_40' title="bbox 1075 303 1817 347; baseline 0 -11"><span class='ocrx_word' id='word_1_169' title='bbox 1075 315 1215 347; x_wconf 83' lang='lat' dir='ltr'>cumque</span> <span class='ocrx_word' id='word_1_170' title='bbox 1241 303 1362 347; x_wconf 84' lang='lat' dir='ltr'>aliquid</span> <span class='ocrx_word' id='word_1_171' title='bbox 1397 303 1458 336; x_wconf 92' lang='lat' dir='ltr'>iam</span> <span class='ocrx_word' id='word_1_172' title='bbox 1495 304 1600 335; x_wconf 71' lang='lat' dir='ltr'>forsan</span> <span class='ocrx_word' id='word_1_173' title='bbox 1639 308 1817 336; x_wconf 80' lang='lat' dir='ltr'>attentave-</span> 
     </span>
     <span class='ocr_line' id='line_1_41' title="bbox 1075 357 1817 400; baseline 0 -11"><span class='ocrx_word' id='word_1_174' title='bbox 1075 358 1148 397; x_wconf 90' lang='lat' dir='ltr'>rint,</span> <span class='ocrx_word' id='word_1_175' title='bbox 1176 368 1232 390; x_wconf 85' lang='lat' dir='ltr'>seu</span> <span class='ocrx_word' id='word_1_176' title='bbox 1259 357 1288 389; x_wconf 92' lang='lat' dir='ltr'>in</span> <span class='ocrx_word' id='word_1_177' title='bbox 1316 362 1486 400; x_wconf 79' lang='lat' dir='ltr'>posterum</span> <span class='ocrx_word' id='word_1_178' title='bbox 1525 362 1682 389; x_wconf 77' lang='lat' dir='ltr'>attentare</span> <span class='ocrx_word' id='word_1_179' title='bbox 1707 358 1817 388; x_wconf 73' lang='lat' dir='ltr'>voluc-</span> 
     </span>
     <span class='ocr_line' id='line_1_42' title="bbox 1077 409 1792 454; baseline -0.001 -12"><span class='ocrx_word' id='word_1_180' title='bbox 1077 411 1149 450; x_wconf 84' lang='lat' dir='ltr'>rint,</span> <span class='ocrx_word' id='word_1_181' title='bbox 1176 414 1368 454; x_wconf 84' lang='lat' dir='ltr'>perpetuum</span> <span class='ocrx_word' id='word_1_182' title='bbox 1395 410 1559 442; x_wconf 83' lang='lat' dir='ltr'>silentium</span> <span class='ocrx_word' id='word_1_183' title='bbox 1586 409 1792 452; x_wconf 71' lang='lat' dir='ltr'>imponimus.</span> 
     </span>
    </p>
   </div>
   <div class='ocr_carea' id='block_1_8' title="bbox 1120 463 1978 507">
    <p class='ocr_par' dir='ltr' id='par_1_9' title="bbox 1120 463 1978 507">
     <span class='ocr_line' id='line_1_43' title="bbox 1120 463 1978 507; baseline -0.005 -10"><span class='ocrx_word' id='word_1_184' title='bbox 1120 463 1189 507; x_wconf 64' lang='grc' dir='ltr'>ξῧ.</span> <span class='ocrx_word' id='word_1_185' title='bbox 1224 464 1342 507; x_wconf 82' lang='lat' dir='ltr'>Sicque</span> <span class='ocrx_word' id='word_1_186' title='bbox 1372 468 1403 495; x_wconf 82' lang='lat' dir='ltr'>ct</span> <span class='ocrx_word' id='word_1_187' title='bbox 1433 474 1494 496; x_wconf 91' lang='lat' dir='ltr'>non</span> <span class='ocrx_word' id='word_1_188' title='bbox 1526 463 1604 496; x_wconf 67' lang='lat' dir='ltr'>alias</span> <span class='ocrx_word' id='word_1_189' title='bbox 1634 473 1692 505; x_wconf 77' lang='lat' dir='ltr'>per</span> <span class='ocrx_word' id='word_1_190' title='bbox 1721 473 1818 505; x_wconf 78' lang='lat' dir='ltr'>quos-</span> <span class='ocrx_word' id='word_1_191' title='bbox 1856 471 1978 493; x_wconf 60' lang='lat' dir='ltr'>comune.</span> 
     </span>
    </p>
   </div>
   <div class='ocr_carea' id='block_1_9' title="bbox 1077 515 1821 1138">
    <p class='ocr_par' dir='ltr' id='par_1_10' title="bbox 1077 515 1821 935">
     <span class='ocr_line' id='line_1_44' title="bbox 1077 515 1816 560; baseline -0.004 -11"><span class='ocrx_word' id='word_1_192' title='bbox 1077 528 1213 560; x_wconf 77' lang='lat' dir='ltr'>cumque</span> <span class='ocrx_word' id='word_1_193' title='bbox 1230 517 1352 550; x_wconf 85' lang='lat' dir='ltr'>iudices</span> <span class='ocrx_word' id='word_1_194' title='bbox 1371 516 1555 549; x_wconf 87' lang='lat' dir='ltr'>ordinarios</span> <span class='ocrx_word' id='word_1_195' title='bbox 1570 517 1617 548; x_wconf 76' lang='lat' dir='ltr'>vel</span> <span class='ocrx_word' id='word_1_196' title='bbox 1638 515 1816 558; x_wconf 72' lang='lat' dir='ltr'>delegatos,</span> 
     </span>
     <span class='ocr_line' id='line_1_45' title="bbox 1078 569 1820 614; baseline -0.003 -12"><span class='ocrx_word' id='word_1_197' title='bbox 1078 571 1189 614; x_wconf 84' lang='lat' dir='ltr'>quavis</span> <span class='ocrx_word' id='word_1_198' title='bbox 1216 571 1406 603; x_wconf 84' lang='lat' dir='ltr'>auctoritate</span> <span class='ocrx_word' id='word_1_199' title='bbox 1434 571 1614 612; x_wconf 72' lang='lat' dir='ltr'>fungentes,</span> <span class='ocrx_word' id='word_1_200' title='bbox 1634 569 1766 601; x_wconf 85' lang='lat' dir='ltr'>indicari</span> <span class='ocrx_word' id='word_1_201' title='bbox 1789 574 1820 601; x_wconf 75' lang='lat' dir='ltr'>et</span> 
     </span>
     <span class='ocr_line' id='line_1_46' title="bbox 1078 623 1818 667; baseline -0.004 -11"><span class='ocrx_word' id='word_1_202' title='bbox 1078 623 1205 657; x_wconf 84' lang='lat' dir='ltr'>definiri</span> <span class='ocrx_word' id='word_1_203' title='bbox 1223 625 1351 664; x_wconf 66' lang='lat' dir='ltr'>debere,</span> <span class='ocrx_word' id='word_1_204' title='bbox 1371 624 1497 657; x_wconf 89' lang='lat' dir='ltr'>irritum</span> <span class='ocrx_word' id='word_1_205' title='bbox 1518 634 1649 667; x_wconf 81' lang='lat' dir='ltr'>quoquc</span> <span class='ocrx_word' id='word_1_206' title='bbox 1666 627 1696 655; x_wconf 88' lang='lat' dir='ltr'>et</span> <span class='ocrx_word' id='word_1_207' title='bbox 1713 623 1818 661; x_wconf 78' lang='lat' dir='ltr'>inane,</span> 
     </span>
     <span class='ocr_line' id='line_1_47' title="bbox 1079 676 1818 720; baseline -0.005 -10"><span class='ocrx_word' id='word_1_208' title='bbox 1079 678 1292 717; x_wconf 86' lang='lat' dir='ltr'>decernimus,</span> <span class='ocrx_word' id='word_1_209' title='bbox 1302 678 1325 709; x_wconf 89' lang='lat' dir='ltr'>si</span> <span class='ocrx_word' id='word_1_210' title='bbox 1338 687 1430 710; x_wconf 80' lang='lat' dir='ltr'>secus</span> <span class='ocrx_word' id='word_1_211' title='bbox 1444 687 1542 720; x_wconf 82' lang='lat' dir='ltr'>super</span> <span class='ocrx_word' id='word_1_212' title='bbox 1554 676 1604 709; x_wconf 81' lang='lat' dir='ltr'>his</span> <span class='ocrx_word' id='word_1_213' title='bbox 1614 687 1629 708; x_wconf 83' lang='lat' dir='ltr'>a</span> <span class='ocrx_word' id='word_1_214' title='bbox 1643 686 1818 719; x_wconf 85' lang='lat' dir='ltr'>quoquam,</span> 
     </span>
     <span class='ocr_line' id='line_1_48' title="bbox 1079 729 1819 775; baseline -0.003 -12"><span class='ocrx_word' id='word_1_215' title='bbox 1079 731 1189 775; x_wconf 87' lang='lat' dir='ltr'>quavis</span> <span class='ocrx_word' id='word_1_216' title='bbox 1214 731 1404 764; x_wconf 85' lang='lat' dir='ltr'>auctoritate</span> <span class='ocrx_word' id='word_1_217' title='bbox 1430 730 1573 763; x_wconf 83' lang='lat' dir='ltr'>scienter</span> <span class='ocrx_word' id='word_1_218' title='bbox 1597 730 1645 762; x_wconf 83' lang='lat' dir='ltr'>vel</span> <span class='ocrx_word' id='word_1_219' title='bbox 1665 729 1819 772; x_wconf 76' lang='lat' dir='ltr'>ignoran—</span> 
     </span>
     <span class='ocr_line' id='line_1_49' title="bbox 1080 782 1819 828; baseline -0.005 -11"><span class='ocrx_word' id='word_1_220' title='bbox 1080 790 1136 825; x_wconf 83' lang='lat' dir='ltr'>ter,</span> <span class='ocrx_word' id='word_1_221' title='bbox 1155 784 1327 828; x_wconf 82' lang='lat' dir='ltr'>contigerit</span> <span class='ocrx_word' id='word_1_222' title='bbox 1344 783 1504 817; x_wconf 83' lang='lat' dir='ltr'>attentari.</span> <span class='ocrx_word' id='word_1_223' title='bbox 1528 783 1596 817; x_wconf 88' lang='lat' dir='ltr'>Non</span> <span class='ocrx_word' id='word_1_224' title='bbox 1615 782 1819 815; x_wconf 82' lang='lat' dir='ltr'>obstantibus</span> 
     </span>
     <span class='ocr_line' id='line_1_50' title="bbox 1080 836 1821 880; baseline -0.003 -9"><span class='ocrx_word' id='word_1_225' title='bbox 1080 838 1368 871; x_wconf 83' lang='lat' dir='ltr'>constitutionibus</span> <span class='ocrx_word' id='word_1_226' title='bbox 1379 843 1410 870; x_wconf 83' lang='lat' dir='ltr'>et</span> <span class='ocrx_word' id='word_1_227' title='bbox 1424 836 1684 871; x_wconf 78' lang='lat' dir='ltr'>ordinationibus</span> <span class='ocrx_word' id='word_1_228' title='bbox 1695 841 1821 880; x_wconf 64' lang='lat' dir='ltr'>aposto-</span> 
     </span>
     <span class='ocr_line' id='line_1_51' title="bbox 1080 891 1819 935; baseline -0.004 -11"><span class='ocrx_word' id='word_1_229' title='bbox 1080 891 1353 935; x_wconf 84' lang='lat' dir='ltr'>licis,ceterisque</span> <span class='ocrx_word' id='word_1_230' title='bbox 1368 891 1538 925; x_wconf 75' lang='lat' dir='ltr'>contrariis</span> <span class='ocrx_word' id='word_1_231' title='bbox 1550 891 1819 934; x_wconf 74' lang='lat' dir='ltr'>quibuscumque.</span> 
     </span>
    </p>

    <p class='ocr_par' dir='ltr' id='par_1_11' title="bbox 1081 942 1821 1138">
     <span class='ocr_line' id='line_1_52' title="bbox 1124 942 1821 987; baseline -0.004 -10"><span class='ocrx_word' id='word_1_232' title='bbox 1124 945 1237 978; x_wconf 86' lang='lat' dir='ltr'>Datum</span> <span class='ocrx_word' id='word_1_233' title='bbox 1264 945 1399 984; x_wconf 78' lang='lat' dir='ltr'>Romae,</span> <span class='ocrx_word' id='word_1_234' title='bbox 1426 944 1511 987; x_wconf 82' lang='lat' dir='ltr'>apud</span> <span class='ocrx_word' id='word_1_235' title='bbox 1541 944 1572 976; x_wconf 81' lang='lat' dir='ltr'>S.</span> <span class='ocrx_word' id='word_1_236' title='bbox 1601 943 1731 975; x_wconf 74' lang='lat' dir='ltr'>Mariffln</span> <span class='ocrx_word' id='word_1_237' title='bbox 1757 942 1821 975; x_wconf 84' lang='lat' dir='ltr'>Ma-</span> 
     </span>
     <span class='ocr_line' id='line_1_53' title="bbox 1081 996 1819 1038; baseline -0.003 -8"><span class='ocrx_word' id='word_1_238' title='bbox 1081 998 1192 1038; x_wconf 86' lang='lat' dir='ltr'>iorem,</span> <span class='ocrx_word' id='word_1_239' title='bbox 1220 998 1278 1030; x_wconf 89' lang='lat' dir='ltr'>sub</span> <span class='ocrx_word' id='word_1_240' title='bbox 1304 999 1425 1030; x_wconf 89' lang='lat' dir='ltr'>annulo</span> <span class='ocrx_word' id='word_1_241' title='bbox 1446 997 1639 1035; x_wconf 72' lang='lat' dir='ltr'>piscatoris,</span> <span class='ocrx_word' id='word_1_242' title='bbox 1666 996 1716 1029; x_wconf 88' lang='lat' dir='ltr'>dic</span> <span class='ocrx_word' id='word_1_243' title='bbox 1742 1006 1819 1029; x_wconf 78' lang='lat' dir='ltr'>xviii</span> 
     </span>
     <span class='ocr_line' id='line_1_54' title="bbox 1082 1049 1818 1093; baseline -0.004 -10"><span class='ocrx_word' id='word_1_244' title='bbox 1082 1050 1234 1083; x_wconf 72' lang='lat' dir='ltr'>februarii</span> <span class='ocrx_word' id='word_1_245' title='bbox 1266 1060 1440 1091; x_wconf 69' lang='lat' dir='ltr'>iinccxvn,</span> <span class='ocrx_word' id='word_1_246' title='bbox 1478 1049 1685 1093; x_wconf 69' lang='lat' dir='ltr'>pontificatus</span> <span class='ocrx_word' id='word_1_247' title='bbox 1717 1049 1818 1081; x_wconf 86' lang='lat' dir='ltr'>nostri</span> 
     </span>
     <span class='ocr_line' id='line_1_55' title="bbox 1081 1114 1268 1138; baseline 0.005 -2"><span class='ocrx_word' id='word_1_248' title='bbox 1081 1114 1165 1137; x_wconf 90' lang='lat' dir='ltr'>anno</span> <span class='ocrx_word' id='word_1_249' title='bbox 1191 1114 1268 1138; x_wconf 79' lang='lat' dir='ltr'>xvn.</span> 
     </span>
    </p>
   </div>
   <div class='ocr_carea' id='block_1_10' title="bbox 1117 1165 1822 1201">
    <p class='ocr_par' dir='ltr' id='par_1_12' title="bbox 1117 1165 1822 1201">
     <span class='ocr_line' id='line_1_56' title="bbox 1117 1165 1822 1201; baseline -0.003 -8"><span class='ocrx_word' id='word_1_250' title='bbox 1117 1166 1175 1194; x_wconf 86' lang='lat' dir='ltr'>Dat.</span> <span class='ocrx_word' id='word_1_251' title='bbox 1194 1166 1238 1193; x_wconf 89' lang='lat' dir='ltr'>die</span> <span class='ocrx_word' id='word_1_252' title='bbox 1255 1166 1287 1193; x_wconf 70' lang='grc'>’18</span> <span class='ocrx_word' id='word_1_253' title='bbox 1302 1166 1435 1193; x_wconf 83' lang='lat' dir='ltr'>februarii</span> <span class='ocrx_word' id='word_1_254' title='bbox 1453 1166 1530 1197; x_wconf 77' lang='lat'>1717,</span> <span class='ocrx_word' id='word_1_255' title='bbox 1549 1165 1647 1201; x_wconf 71' lang='lat' dir='ltr'>pontis,</span> <span class='ocrx_word' id='word_1_256' title='bbox 1666 1173 1739 1191; x_wconf 81' lang='lat' dir='ltr'>anno</span> <span class='ocrx_word' id='word_1_257' title='bbox 1760 1171 1822 1191; x_wconf 44' lang='lat' dir='ltr'>xviii</span> 
     </span>
    </p>
   </div>
   <div class='ocr_carea' id='block_1_11' title="bbox 1382 1293 1518 1326">
    <p class='ocr_par' dir='ltr' id='par_1_13' title="bbox 1382 1293 1518 1326">
     <span class='ocr_line' id='line_1_57' title="bbox 1382 1293 1518 1326; baseline -0.007 0"><span class='ocrx_word' id='word_1_258' title='bbox 1382 1293 1518 1326; x_wconf 78' lang='lat' dir='ltr'>CCXLII.</span> 
     </span>
    </p>
   </div>
   <div class='ocr_carea' id='block_1_12' title="bbox 1081 1364 1824 1712">
    <p class='ocr_par' dir='ltr' id='par_1_14' title="bbox 1081 1364 1824 1611">
     <span class='ocr_line' id='line_1_58' title="bbox 1081 1364 1822 1407; baseline -0.004 -9"><span class='ocrx_word' id='word_1_259' title='bbox 1081 1365 1295 1401; x_wconf 75' lang='lat' dir='ltr'>Prohibetur,</span> <span class='ocrx_word' id='word_1_260' title='bbox 1336 1374 1375 1397; x_wconf 77' lang='lat' dir='ltr'>ne</span> <span class='ocrx_word' id='word_1_261' title='bbox 1415 1364 1595 1407; x_wconf 70' lang='lat' dir='ltr'>superiores</span> <span class='ocrx_word' id='word_1_262' title='bbox 1635 1364 1822 1407; x_wconf 61' lang='lat' dir='ltr'>provinciae</span> 
     </span>
     <span class='ocr_line' id='line_1_59' title="bbox 1126 1417 1823 1461; baseline -0.004 -11"><span class='ocrx_word' id='word_1_263' title='bbox 1126 1417 1356 1461; x_wconf 66' lang='lat' dir='ltr'>Porluqalliae</span> <span class='ocrx_word' id='word_1_264' title='bbox 1386 1418 1526 1459; x_wconf 66' lang='lat' dir='ltr'>fratrum</span> <span class='ocrx_word' id='word_1_265' title='bbox 1566 1417 1823 1449; x_wconf 64' lang='lat' dir='ltr'>Carruclitarrmn</span> 
     </span>
     <span class='ocr_line' id='line_1_60' title="bbox 1127 1465 1824 1514; baseline -0.006 -10"><span class='ocrx_word' id='word_1_266' title='bbox 1127 1471 1287 1514; x_wconf 69' lang='lat' dir='ltr'>antiquae</span> <span class='ocrx_word' id='word_1_267' title='bbox 1309 1470 1532 1504; x_wconf 66' lang='lat' dir='ltr'>observantiae</span> <span class='ocrx_word' id='word_1_268' title='bbox 1552 1465 1744 1513; x_wconf 71' lang='lat' dir='ltr'>permittant</span> <span class='ocrx_word' id='word_1_269' title='bbox 1762 1470 1824 1511; x_wconf 74' lang='lat' dir='ltr'>fra-</span> 
     </span>
     <span class='ocr_line' id='line_1_61' title="bbox 1129 1522 1821 1558; baseline -0.006 -1"><span class='ocrx_word' id='word_1_270' title='bbox 1129 1529 1191 1558; x_wconf 79' lang='lat' dir='ltr'>tres</span> <span class='ocrx_word' id='word_1_271' title='bbox 1214 1524 1354 1558; x_wconf 80' lang='lat' dir='ltr'>musicos</span> <span class='ocrx_word' id='word_1_272' title='bbox 1379 1533 1493 1557; x_wconf 75' lang='lat' dir='ltr'>canere</span> <span class='ocrx_word' id='word_1_273' title='bbox 1519 1524 1555 1555; x_wconf 80' lang='lat' dir='ltr'>in</span> <span class='ocrx_word' id='word_1_274' title='bbox 1580 1523 1698 1556; x_wconf 78' lang='lat' dir='ltr'>alienis</span> <span class='ocrx_word' id='word_1_275' title='bbox 1723 1522 1821 1555; x_wconf 76' lang='lat' dir='ltr'>cccle-</span> 
     </span>
     <span class='ocr_line' id='line_1_62' title="bbox 1128 1577 1218 1611; baseline 0 0"><span class='ocrx_word' id='word_1_276' title='bbox 1128 1577 1218 1611; x_wconf 77' lang='lat' dir='ltr'>siz&#39;s1.</span> 
     </span>
    </p>

    <p class='ocr_par' dir='ltr' id='par_1_15' title="bbox 1226 1639 1677 1712">
     <span class='ocr_line' id='line_1_63' title="bbox 1306 1639 1612 1673; baseline -0.007 -6"><span class='ocrx_word' id='word_1_277' title='bbox 1306 1640 1441 1667; x_wconf 79' lang='lat' dir='ltr'>Clemens</span> <span class='ocrx_word' id='word_1_278' title='bbox 1463 1639 1543 1673; x_wconf 83' lang='lat' dir='ltr'>Papa</span> <span class='ocrx_word' id='word_1_279' title='bbox 1563 1639 1612 1670; x_wconf 83' lang='lat' dir='ltr'>XI,</span> 
     </span>
     <span class='ocr_line' id='line_1_64' title="bbox 1226 1683 1677 1712; baseline -0.007 0"><span class='ocrx_word' id='word_1_280' title='bbox 1226 1687 1262 1712; x_wconf 87' lang='lat' dir='ltr'>ad</span> <span class='ocrx_word' id='word_1_281' title='bbox 1283 1685 1418 1712; x_wconf 76' lang='lat' dir='ltr'>futuram</span> <span class='ocrx_word' id='word_1_282' title='bbox 1434 1684 1480 1712; x_wconf 84' lang='lat' dir='ltr'>rei</span> <span class='ocrx_word' id='word_1_283' title='bbox 1495 1683 1677 1711; x_wconf 84' lang='lat' dir='ltr'>memoriam.</span> 
     </span>
    </p>
   </div>
   <div class='ocr_carea' id='block_1_13' title="bbox 1826 198 2008 227">
    <p class='ocr_par' dir='ltr' id='par_1_16' title="bbox 1826 198 2008 227">
     <span class='ocr_line' id='line_1_65' title="bbox 1826 198 2008 227; baseline -0.011 0"><span class='ocrx_word' id='word_1_284' title='bbox 1826 199 1874 227; x_wconf 84' lang='grc' dir='ltr'>Αιι.</span> <span class='ocrx_word' id='word_1_285' title='bbox 1895 198 2008 227; x_wconf 57' lang='lat'>&amp;1717</span> 
     </span>
    </p>
   </div>
   <div class='ocr_carea' id='block_1_14' title="bbox 301 1750 1045 2536">
    <p class='ocr_par' dir='ltr' id='par_1_17' title="bbox 301 1750 1045 2536">
     <span class='ocr_line' id='line_1_66' title="bbox 301 1750 1041 1796; baseline -0.005 -12"><span class='ocrx_word' id='word_1_286' title='bbox 301 1750 451 1784; x_wconf 79' lang='lat' dir='ltr'>effectum</span> <span class='ocrx_word' id='word_1_287' title='bbox 469 1787 477 1796; x_wconf 55' lang='grc'>,</span> <span class='ocrx_word' id='word_1_288' title='bbox 497 1750 722 1793; x_wconf 85' lang='lat' dir='ltr'>praesentium</span> <span class='ocrx_word' id='word_1_289' title='bbox 767 1754 890 1781; x_wconf 86' lang='lat' dir='ltr'>tantum</span> <span class='ocrx_word' id='word_1_290' title='bbox 928 1759 1041 1781; x_wconf 87' lang='lat' dir='ltr'>conse-</span> 
     </span>
     <span class='ocr_line' id='line_1_67' title="bbox 301 1795 1042 1848; baseline -0.003 -13"><span class='ocrx_word' id='word_1_291' title='bbox 301 1795 480 1848; x_wconf 76' lang='lat' dir='ltr'>quendum,</span> <span class='ocrx_word' id='word_1_292' title='bbox 505 1803 622 1836; x_wconf 81' lang='lat' dir='ltr'>harum</span> <span class='ocrx_word' id='word_1_293' title='bbox 662 1802 747 1835; x_wconf 88' lang='lat' dir='ltr'>serie</span> <span class='ocrx_word' id='word_1_294' title='bbox 772 1803 979 1836; x_wconf 82' lang='lat' dir='ltr'>absolventes</span> <span class='ocrx_word' id='word_1_295' title='bbox 1011 1806 1042 1834; x_wconf 85' lang='lat' dir='ltr'>et</span> 
     </span>
     <span class='ocr_line' id='line_1_68' title="bbox 301 1856 1042 1899; baseline -0.004 -9"><span class='ocrx_word' id='word_1_296' title='bbox 301 1857 470 1891; x_wconf 82' lang='lat' dir='ltr'>absolutas</span> <span class='ocrx_word' id='word_1_297' title='bbox 489 1857 556 1890; x_wconf 81' lang='lat' dir='ltr'>sore</span> <span class='ocrx_word' id='word_1_298' title='bbox 575 1861 748 1890; x_wconf 84' lang='lat' dir='ltr'>censentes</span> <span class='ocrx_word' id='word_1_299' title='bbox 765 1883 771 1896; x_wconf 92' lang='lat'>,</span> <span class='ocrx_word' id='word_1_300' title='bbox 798 1856 957 1899; x_wconf 85' lang='lat' dir='ltr'>porrectis</span> <span class='ocrx_word' id='word_1_301' title='bbox 984 1865 1042 1888; x_wconf 89' lang='lat' dir='ltr'>no-</span> 
     </span>
     <span class='ocr_line' id='line_1_69' title="bbox 301 1909 1041 1954; baseline -0.004 -11"><span class='ocrx_word' id='word_1_302' title='bbox 301 1911 351 1943; x_wconf 90' lang='lat' dir='ltr'>bis</span> <span class='ocrx_word' id='word_1_303' title='bbox 376 1921 435 1954; x_wconf 89' lang='lat' dir='ltr'>pro</span> <span class='ocrx_word' id='word_1_304' title='bbox 462 1910 650 1944; x_wconf 87' lang='lat' dir='ltr'>eorumdem</span> <span class='ocrx_word' id='word_1_305' title='bbox 684 1909 916 1952; x_wconf 73' lang='lat' dir='ltr'>exponentium</span> <span class='ocrx_word' id='word_1_306' title='bbox 952 1914 1041 1952; x_wconf 85' lang='lat' dir='ltr'>parte</span> 
     </span>
     <span class='ocr_line' id='line_1_70' title="bbox 302 1962 1039 2008; baseline -0.005 -10"><span class='ocrx_word' id='word_1_307' title='bbox 302 1974 399 2008; x_wconf 86' lang='lat' dir='ltr'>super</span> <span class='ocrx_word' id='word_1_308' title='bbox 438 1964 502 1998; x_wconf 91' lang='lat' dir='ltr'>hoc</span> <span class='ocrx_word' id='word_1_309' title='bbox 542 1963 837 2008; x_wconf 79' lang='lat' dir='ltr'>supplicationibus</span> <span class='ocrx_word' id='word_1_310' title='bbox 873 1962 1039 2002; x_wconf 85' lang='lat' dir='ltr'>inclinati,</span> 
     </span>
     <span class='ocr_line' id='line_1_71' title="bbox 302 2014 1040 2060; baseline -0.005 -10"><span class='ocrx_word' id='word_1_311' title='bbox 302 2017 411 2050; x_wconf 85' lang='lat' dir='ltr'>omnia</span> <span class='ocrx_word' id='word_1_312' title='bbox 427 2021 458 2051; x_wconf 85' lang='lat' dir='ltr'>et</span> <span class='ocrx_word' id='word_1_313' title='bbox 474 2017 604 2060; x_wconf 80' lang='lat' dir='ltr'>singula</span> <span class='ocrx_word' id='word_1_314' title='bbox 624 2016 823 2060; x_wconf 86' lang='lat' dir='ltr'>supradicta,</span> <span class='ocrx_word' id='word_1_315' title='bbox 845 2025 903 2058; x_wconf 91' lang='lat' dir='ltr'>per</span> <span class='ocrx_word' id='word_1_316' title='bbox 921 2014 1040 2047; x_wconf 86' lang='lat' dir='ltr'>dictum</span> 
     </span>
     <span class='ocr_line' id='line_1_72' title="bbox 303 2067 1041 2113; baseline -0.005 -10"><span class='ocrx_word' id='word_1_317' title='bbox 303 2069 494 2113; x_wconf 89' lang='lat' dir='ltr'>episcopum</span> <span class='ocrx_word' id='word_1_318' title='bbox 528 2069 573 2102; x_wconf 90' lang='lat' dir='ltr'>sic</span> <span class='ocrx_word' id='word_1_319' title='bbox 609 2074 644 2101; x_wconf 89' lang='lat' dir='ltr'>ut</span> <span class='ocrx_word' id='word_1_320' title='bbox 670 2069 852 2112; x_wconf 86' lang='lat' dir='ltr'>praefertur</span> <span class='ocrx_word' id='word_1_321' title='bbox 877 2067 958 2101; x_wconf 82' lang='lat' dir='ltr'>sacta</span> <span class='ocrx_word' id='word_1_322' title='bbox 983 2077 1041 2110; x_wconf 88' lang='lat' dir='ltr'>pro</span> 
     </span>
     <span class='ocr_line' id='line_1_73' title="bbox 303 2121 1043 2166; baseline -0.005 -10"><span class='ocrx_word' id='word_1_323' title='bbox 303 2123 529 2156; x_wconf 84' lang='lat' dir='ltr'>observatione</span> <span class='ocrx_word' id='word_1_324' title='bbox 569 2128 599 2155; x_wconf 88' lang='lat' dir='ltr'>et</span> <span class='ocrx_word' id='word_1_325' title='bbox 629 2122 846 2166; x_wconf 80' lang='lat' dir='ltr'>exequutione</span> <span class='ocrx_word' id='word_1_326' title='bbox 883 2121 1043 2164; x_wconf 79' lang='lat' dir='ltr'>praefata-</span> 
     </span>
     <span class='ocr_line' id='line_1_74' title="bbox 303 2174 1041 2218; baseline -0.003 -10"><span class='ocrx_word' id='word_1_327' title='bbox 303 2186 374 2209; x_wconf 86' lang='lat' dir='ltr'>rum</span> <span class='ocrx_word' id='word_1_328' title='bbox 398 2176 591 2216; x_wconf 85' lang='lat' dir='ltr'>litterarum‚</span> <span class='ocrx_word' id='word_1_329' title='bbox 622 2175 801 2218; x_wconf 75' lang='lat' dir='ltr'>apostolica</span> <span class='ocrx_word' id='word_1_330' title='bbox 836 2174 1041 2213; x_wconf 81' lang='lat' dir='ltr'>auctoritate,</span> 
     </span>
     <span class='ocr_line' id='line_1_75' title="bbox 305 2228 1044 2272; baseline -0.003 -11"><span class='ocrx_word' id='word_1_331' title='bbox 305 2233 417 2262; x_wconf 85' lang='lat' dir='ltr'>tenore</span> <span class='ocrx_word' id='word_1_332' title='bbox 443 2228 674 2272; x_wconf 85' lang='lat' dir='ltr'>praesentium,</span> <span class='ocrx_word' id='word_1_333' title='bbox 697 2228 925 2261; x_wconf 79' lang='lat' dir='ltr'>confirmamus</span> <span class='ocrx_word' id='word_1_334' title='bbox 943 2233 973 2259; x_wconf 90' lang='lat' dir='ltr'>et</span> <span class='ocrx_word' id='word_1_335' title='bbox 991 2238 1044 2270; x_wconf 81' lang='lat' dir='ltr'>ap-</span> 
     </span>
     <span class='ocr_line' id='line_1_76' title="bbox 304 2279 1044 2324; baseline -0.003 -11"><span class='ocrx_word' id='word_1_336' title='bbox 304 2281 500 2323; x_wconf 83' lang='lat' dir='ltr'>probamus,</span> <span class='ocrx_word' id='word_1_337' title='bbox 527 2281 656 2324; x_wconf 87' lang='lat' dir='ltr'>illisque</span> <span class='ocrx_word' id='word_1_338' title='bbox 681 2286 860 2324; x_wconf 80' lang='lat' dir='ltr'>perpetuae</span> <span class='ocrx_word' id='word_1_339' title='bbox 886 2279 1044 2323; x_wconf 88' lang='lat' dir='ltr'>apostoli-</span> 
     </span>
     <span class='ocr_line' id='line_1_77' title="bbox 306 2331 1044 2372; baseline 0 -8"><span class='ocrx_word' id='word_1_340' title='bbox 306 2342 361 2365; x_wconf 85' lang='lat' dir='ltr'>cae</span> <span class='ocrx_word' id='word_1_341' title='bbox 380 2332 540 2366; x_wconf 79' lang='lat' dir='ltr'>firmitatis</span> <span class='ocrx_word' id='word_1_342' title='bbox 559 2334 661 2366; x_wconf 88' lang='lat' dir='ltr'>robur</span> <span class='ocrx_word' id='word_1_343' title='bbox 677 2333 857 2372; x_wconf 77' lang='lat' dir='ltr'>adiicinius,</span> <span class='ocrx_word' id='word_1_344' title='bbox 878 2343 913 2365; x_wconf 85' lang='lat' dir='ltr'>ac</span> <span class='ocrx_word' id='word_1_345' title='bbox 939 2331 1044 2365; x_wconf 86' lang='lat' dir='ltr'>omni-</span> 
     </span>
     <span class='ocr_line' id='line_1_78' title="bbox 305 2384 1044 2429; baseline 0.003 -13"><span class='ocrx_word' id='word_1_346' title='bbox 305 2384 365 2417; x_wconf 90' lang='lat' dir='ltr'>bus</span> <span class='ocrx_word' id='word_1_347' title='bbox 391 2390 422 2417; x_wconf 94' lang='lat' dir='ltr'>et</span> <span class='ocrx_word' id='word_1_348' title='bbox 446 2385 581 2428; x_wconf 82' lang='lat' dir='ltr'>singulis</span> <span class='ocrx_word' id='word_1_349' title='bbox 608 2392 670 2419; x_wconf 88' lang='lat' dir='ltr'>tam</span> <span class='ocrx_word' id='word_1_350' title='bbox 699 2385 923 2419; x_wconf 85' lang='lat' dir='ltr'>ecclesiasticis</span> <span class='ocrx_word' id='word_1_351' title='bbox 948 2396 1044 2429; x_wconf 86' lang='lat' dir='ltr'>qnam</span> 
     </span>
     <span class='ocr_line' id='line_1_79' title="bbox 307 2439 1043 2482; baseline 0.003 -12"><span class='ocrx_word' id='word_1_352' title='bbox 307 2439 530 2472; x_wconf 82' lang='lat' dir='ltr'>saecularibus</span> <span class='ocrx_word' id='word_1_353' title='bbox 572 2440 734 2482; x_wconf 87' lang='lat' dir='ltr'>personis,</span> <span class='ocrx_word' id='word_1_354' title='bbox 777 2439 871 2472; x_wconf 88' lang='lat' dir='ltr'>etiam</span> <span class='ocrx_word' id='word_1_355' title='bbox 908 2439 1043 2482; x_wconf 87' lang='lat' dir='ltr'>speciali</span> 
     </span>
     <span class='ocr_line' id='line_1_80' title="bbox 307 2491 1045 2536; baseline 0.003 -13"><span class='ocrx_word' id='word_1_356' title='bbox 307 2493 382 2524; x_wconf 72' lang='lat' dir='ltr'>nota</span> <span class='ocrx_word' id='word_1_357' title='bbox 407 2491 525 2534; x_wconf 77' lang='lat' dir='ltr'>dignis,</span> <span class='ocrx_word' id='word_1_358' title='bbox 552 2493 606 2536; x_wconf 91' lang='lat' dir='ltr'>qui</span> <span class='ocrx_word' id='word_1_359' title='bbox 637 2499 749 2526; x_wconf 87' lang='lat' dir='ltr'>contra</span> <span class='ocrx_word' id='word_1_360' title='bbox 773 2493 934 2536; x_wconf 81' lang='lat' dir='ltr'>praefatas</span> <span class='ocrx_word' id='word_1_361' title='bbox 960 2492 1045 2525; x_wconf 84' lang='lat' dir='ltr'>litte-</span> 
     </span>
    </p>
   </div>
   <div class='ocr_carea' id='block_1_15' title="bbox 1129 1743 2022 1790">
    <p class='ocr_par' dir='ltr' id='par_1_18' title="bbox 1129 1743 2022 1790">
     <span class='ocr_line' id='line_1_81' title="bbox 1129 1743 2022 1790; baseline -0.009 -11"><span class='ocrx_word' id='word_1_362' title='bbox 1129 1747 1143 1790; x_wconf 64' lang='grc' dir='ltr'>ξ</span> <span class='ocrx_word' id='word_1_363' title='bbox 1161 1746 1191 1778; x_wconf 82' lang='grc'>1.</span> <span class='ocrx_word' id='word_1_364' title='bbox 1212 1746 1336 1789; x_wconf 79' lang='lat' dir='ltr'>Exponi</span> <span class='ocrx_word' id='word_1_365' title='bbox 1354 1745 1450 1778; x_wconf 85' lang='lat' dir='ltr'>nobis</span> <span class='ocrx_word' id='word_1_366' title='bbox 1470 1754 1576 1787; x_wconf 90' lang='lat' dir='ltr'>nuper</span> <span class='ocrx_word' id='word_1_367' title='bbox 1595 1744 1668 1776; x_wconf 77' lang='lat' dir='ltr'>fecit</span> <span class='ocrx_word' id='word_1_368' title='bbox 1686 1743 1824 1776; x_wconf 83' lang='lat' dir='ltr'>dilectus</span> <span class='ocrx_word' id='word_1_369' title='bbox 1864 1751 1973 1775; x_wconf 72' lang='lat' dir='ltr'>Quomodo</span> <span class='ocrx_word' id='word_1_370' title='bbox 1990 1752 2022 1772; x_wconf 72' lang='lat' dir='ltr'>m.</span> 
     </span>
    </p>
   </div>
   <div class='ocr_carea' id='block_1_16' title="bbox 1085 1779 2023 2263">
    <p class='ocr_par' dir='ltr' id='par_1_19' title="bbox 1085 1779 2023 2263">
     <span class='ocr_line' id='line_1_82' title="bbox 1085 1779 2023 1841; baseline -0.01 -8"><span class='ocrx_word' id='word_1_371' title='bbox 1085 1799 1171 1833; x_wconf 81' lang='lat' dir='ltr'>filius</span> <span class='ocrx_word' id='word_1_372' title='bbox 1196 1799 1341 1832; x_wconf 77' lang='lat' dir='ltr'>Andreas</span> <span class='ocrx_word' id='word_1_373' title='bbox 1360 1799 1398 1831; x_wconf 91' lang='lat' dir='ltr'>de</span> <span class='ocrx_word' id='word_1_374' title='bbox 1418 1798 1594 1841; x_wconf 78' lang='lat' dir='ltr'>Cerqniera</span> <span class='ocrx_word' id='word_1_375' title='bbox 1615 1796 1824 1840; x_wconf 83' lang='lat' dir='ltr'>provincialis</span> <span class='ocrx_word' id='word_1_376' title='bbox 1837 1779 2023 1825; x_wconf 48' lang='lat' dir='ltr'>iffiffiiiimuss&#39;ss}</span> 
     </span>
     <span class='ocr_line' id='line_1_83' title="bbox 1085 1831 2023 1892; baseline -0.009 -6"><span class='ocrx_word' id='word_1_377' title='bbox 1085 1853 1214 1887; x_wconf 78' lang='lat' dir='ltr'>OrdInis</span> <span class='ocrx_word' id='word_1_378' title='bbox 1242 1853 1375 1885; x_wconf 79' lang='lat' dir='ltr'>fratrum</span> <span class='ocrx_word' id='word_1_379' title='bbox 1401 1852 1516 1884; x_wconf 83' lang='lat' dir='ltr'>beatae</span> <span class='ocrx_word' id='word_1_380' title='bbox 1542 1851 1660 1883; x_wconf 84' lang='lat' dir='ltr'>Mariae</span> <span class='ocrx_word' id='word_1_381' title='bbox 1686 1832 1945 1892; x_wconf 49' lang='grc' dir='ltr'>Ἣγςίηἰςῖξιψῖᾞῗιὸ</span> <span class='ocrx_word' id='word_1_382' title='bbox 1974 1831 2023 1852; x_wconf 66' lang='lat' dir='ltr'>¹¹³d⁰</span> 
     </span>
     <span class='ocr_line' id='line_1_84' title="bbox 1086 1904 1826 1948; baseline -0.007 -8"><span class='ocrx_word' id='word_1_383' title='bbox 1086 1908 1125 1940; x_wconf 87' lang='lat' dir='ltr'>de</span> <span class='ocrx_word' id='word_1_384' title='bbox 1139 1907 1246 1940; x_wconf 84' lang='lat' dir='ltr'>Monte</span> <span class='ocrx_word' id='word_1_385' title='bbox 1266 1906 1413 1940; x_wconf 80' lang='lat' dir='ltr'>Carmelo</span> <span class='ocrx_word' id='word_1_386' title='bbox 1432 1905 1582 1948; x_wconf 86' lang='lat' dir='ltr'>antiquae</span> <span class='ocrx_word' id='word_1_387' title='bbox 1601 1904 1826 1938; x_wconf 74' lang='lat' dir='ltr'>observantiae</span> 
     </span>
     <span class='ocr_line' id='line_1_85' title="bbox 1086 1957 1828 2004; baseline -0.007 -11"><span class='ocrx_word' id='word_1_388' title='bbox 1086 1960 1273 2004; x_wconf 82' lang='lat' dir='ltr'>provinciae</span> <span class='ocrx_word' id='word_1_389' title='bbox 1305 1958 1542 2001; x_wconf 78' lang='lat' dir='ltr'>Portugalliae‚</span> <span class='ocrx_word' id='word_1_390' title='bbox 1569 1958 1670 2001; x_wconf 87' lang='lat' dir='ltr'>quod,</span> <span class='ocrx_word' id='word_1_391' title='bbox 1697 1968 1769 1989; x_wconf 82' lang='lat' dir='ltr'>cuin</span> <span class='ocrx_word' id='word_1_392' title='bbox 1796 1957 1828 1988; x_wconf 90' lang='lat' dir='ltr'>in</span> 
     </span>
     <span class='ocr_line' id='line_1_86' title="bbox 1086 2010 1828 2057; baseline -0.004 -11"><span class='ocrx_word' id='word_1_393' title='bbox 1086 2014 1251 2057; x_wconf 81' lang='lat' dir='ltr'>praedicta</span> <span class='ocrx_word' id='word_1_394' title='bbox 1287 2012 1455 2056; x_wconf 79' lang='lat' dir='ltr'>provincia</span> <span class='ocrx_word' id='word_1_395' title='bbox 1491 2017 1521 2045; x_wconf 87' lang='lat' dir='ltr'>et</span> <span class='ocrx_word' id='word_1_396' title='bbox 1562 2011 1753 2054; x_wconf 81' lang='lat' dir='ltr'>praesertim</span> <span class='ocrx_word' id='word_1_397' title='bbox 1794 2010 1828 2043; x_wconf 86' lang='lat' dir='ltr'>in</span> 
     </span>
     <span class='ocr_line' id='line_1_87' title="bbox 1086 2063 1828 2110; baseline -0.007 -10"><span class='ocrx_word' id='word_1_398' title='bbox 1086 2071 1247 2100; x_wconf 73' lang='lat' dir='ltr'>conventu</span> <span class='ocrx_word' id='word_1_399' title='bbox 1278 2065 1521 2110; x_wconf 64' lang='lat' dir='ltr'>Ulyssiponensi</span> <span class='ocrx_word' id='word_1_400' title='bbox 1556 2076 1625 2098; x_wconf 86' lang='lat' dir='ltr'>mos</span> <span class='ocrx_word' id='word_1_401' title='bbox 1656 2063 1828 2097; x_wconf 79' lang='lat' dir='ltr'>inoleverit</span> 
     </span>
     <span class='ocr_line' id='line_1_88' title="bbox 1087 2119 1828 2163; baseline -0.004 -11"><span class='ocrx_word' id='word_1_402' title='bbox 1087 2120 1213 2163; x_wconf 83' lang='lat' dir='ltr'>aliquos</span> <span class='ocrx_word' id='word_1_403' title='bbox 1243 2130 1361 2163; x_wconf 87' lang='lat' dir='ltr'>pucros</span> <span class='ocrx_word' id='word_1_404' title='bbox 1394 2120 1432 2152; x_wconf 84' lang='lat' dir='ltr'>ad</span> <span class='ocrx_word' id='word_1_405' title='bbox 1470 2119 1615 2152; x_wconf 88' lang='lat' dir='ltr'>habitum</span> <span class='ocrx_word' id='word_1_406' title='bbox 1642 2119 1828 2161; x_wconf 79' lang='lat' dir='ltr'>regularem</span> 
     </span>
     <span class='ocr_line' id='line_1_89' title="bbox 1087 2169 1828 2216; baseline -0.004 -11"><span class='ocrx_word' id='word_1_407' title='bbox 1087 2173 1289 2213; x_wconf 84' lang='lat' dir='ltr'>admittendi,</span> <span class='ocrx_word' id='word_1_408' title='bbox 1315 2173 1470 2216; x_wconf 86' lang='lat' dir='ltr'>ipsosque</span> <span class='ocrx_word' id='word_1_409' title='bbox 1495 2172 1650 2204; x_wconf 79' lang='lat' dir='ltr'>musicani</span> <span class='ocrx_word' id='word_1_410' title='bbox 1676 2176 1707 2203; x_wconf 88' lang='lat' dir='ltr'>et</span> <span class='ocrx_word' id='word_1_411' title='bbox 1731 2169 1828 2202; x_wconf 86' lang='lat' dir='ltr'>musi-</span> 
     </span>
     <span class='ocr_line' id='line_1_90' title="bbox 1087 2222 1830 2263; baseline -0.004 -6"><span class='ocrx_word' id='word_1_412' title='bbox 1087 2226 1167 2259; x_wconf 87' lang='lat' dir='ltr'>calia</span> <span class='ocrx_word' id='word_1_413' title='bbox 1202 2226 1417 2258; x_wconf 83' lang='lat' dir='ltr'>instrumenta</span> <span class='ocrx_word' id='word_1_414' title='bbox 1451 2224 1621 2263; x_wconf 83' lang='lat' dir='ltr'>edocendi,</span> <span class='ocrx_word' id='word_1_415' title='bbox 1655 2229 1688 2256; x_wconf 89' lang='lat' dir='ltr'>ut</span> <span class='ocrx_word' id='word_1_416' title='bbox 1722 2222 1830 2255; x_wconf 82' lang='lat' dir='ltr'>divina</span> 
     </span>
    </p>
   </div>
   <div class='ocr_carea' id='block_1_17' title="bbox 1087 2276 1829 2317">
    <p class='ocr_par' dir='ltr' id='par_1_20' title="bbox 1087 2276 1829 2317">
     <span class='ocr_line' id='line_1_91' title="bbox 1087 2276 1829 2317; baseline -0.005 -5"><span class='ocrx_word' id='word_1_417' title='bbox 1087 2280 1192 2313; x_wconf 78' lang='lat' dir='ltr'>officia</span> <span class='ocrx_word' id='word_1_418' title='bbox 1229 2279 1344 2312; x_wconf 83' lang='lat' dir='ltr'>melius</span> <span class='ocrx_word' id='word_1_419' title='bbox 1383 2279 1612 2317; x_wconf 84' lang='lat' dir='ltr'>concinantur,</span> <span class='ocrx_word' id='word_1_420' title='bbox 1649 2283 1680 2310; x_wconf 80' lang='lat' dir='ltr'>et</span> <span class='ocrx_word' id='word_1_421' title='bbox 1719 2276 1829 2309; x_wconf 73' lang='lat' dir='ltr'>festivo</span> 
     </span>
    </p>
   </div>
   <div class='ocr_carea' id='block_1_18' title="bbox 1087 2382 1830 2633">
    <p class='ocr_par' dir='ltr' id='par_1_21' title="bbox 1087 2382 1830 2633">
     <span class='ocr_line' id='line_1_92' title="bbox 1124 2382 1829 2417; baseline -0.006 -6"><span class='ocrx_word' id='word_1_422' title='bbox 1124 2386 1134 2411; x_wconf 89' lang='lat'>1</span> <span class='ocrx_word' id='word_1_423' title='bbox 1154 2384 1244 2411; x_wconf 86' lang='lat' dir='ltr'>Const.</span> <span class='ocrx_word' id='word_1_424' title='bbox 1256 2384 1300 2411; x_wconf 90' lang='lat' dir='ltr'>ed.</span> <span class='ocrx_word' id='word_1_425' title='bbox 1312 2390 1432 2417; x_wconf 59' lang='lat' dir='ltr'>sincerii,</span> <span class='ocrx_word' id='word_1_426' title='bbox 1444 2384 1488 2409; x_wconf 83' lang='lat' dir='ltr'>die</span> <span class='ocrx_word' id='word_1_427' title='bbox 1503 2382 1829 2417; x_wconf 72' lang='lat' dir='ltr'>31augusti,p011ns.v1i,</span> 
     </span>
     <span class='ocr_line' id='line_1_93' title="bbox 1087 2427 1830 2456; baseline -0.007 0"><span class='ocrx_word' id='word_1_428' title='bbox 1087 2433 1229 2456; x_wconf 80' lang='lat' dir='ltr'>revocatae</span> <span class='ocrx_word' id='word_1_429' title='bbox 1249 2429 1325 2455; x_wconf 85' lang='lat' dir='ltr'>fuere</span> <span class='ocrx_word' id='word_1_430' title='bbox 1345 2429 1489 2455; x_wconf 80' lang='lat' dir='ltr'>facultates</span> <span class='ocrx_word' id='word_1_431' title='bbox 1518 2427 1643 2454; x_wconf 84' lang='lat' dir='ltr'>manendi</span> <span class='ocrx_word' id='word_1_432' title='bbox 1671 2430 1746 2453; x_wconf 83' lang='lat' dir='ltr'>extra</span> <span class='ocrx_word' id='word_1_433' title='bbox 1766 2433 1830 2452; x_wconf 81' lang='lat' dir='ltr'>coe-</span> 
     </span>
     <span class='ocr_line' id='line_1_94' title="bbox 1087 2469 1830 2503; baseline -0.008 -3"><span class='ocrx_word' id='word_1_434' title='bbox 1087 2473 1170 2500; x_wconf 87' lang='lat' dir='ltr'>nobia</span> <span class='ocrx_word' id='word_1_435' title='bbox 1190 2473 1268 2500; x_wconf 89' lang='lat' dir='ltr'>dictis</span> <span class='ocrx_word' id='word_1_436' title='bbox 1288 2472 1397 2499; x_wconf 75' lang='lat' dir='ltr'>musicis</span> <span class='ocrx_word' id='word_1_437' title='bbox 1412 2480 1568 2503; x_wconf 73' lang='lat' dir='ltr'>concessae3</span> <span class='ocrx_word' id='word_1_438' title='bbox 1584 2475 1610 2498; x_wconf 87' lang='lat' dir='ltr'>et</span> <span class='ocrx_word' id='word_1_439' title='bbox 1624 2470 1760 2497; x_wconf 81' lang='lat' dir='ltr'>Benedicti</span> <span class='ocrx_word' id='word_1_440' title='bbox 1772 2469 1830 2495; x_wconf 84' lang='grc' dir='ltr'>ΧΙΙΙ</span> 
     </span>
     <span class='ocr_line' id='line_1_95' title="bbox 1088 2514 1829 2549; baseline -0.008 -5"><span class='ocrx_word' id='word_1_441' title='bbox 1088 2522 1173 2545; x_wconf 86' lang='lat' dir='ltr'>const.</span> <span class='ocrx_word' id='word_1_442' title='bbox 1194 2518 1237 2544; x_wconf 87' lang='lat' dir='ltr'>ed.</span> <span class='ocrx_word' id='word_1_443' title='bbox 1260 2524 1406 2549; x_wconf 78' lang='lat' dir='ltr'>Moccxxvi,</span> <span class='ocrx_word' id='word_1_444' title='bbox 1428 2517 1472 2543; x_wconf 83' lang='lat' dir='ltr'>die</span> <span class='ocrx_word' id='word_1_445' title='bbox 1493 2517 1522 2543; x_wconf 73' lang='lat'>14</span> <span class='ocrx_word' id='word_1_446' title='bbox 1537 2515 1661 2547; x_wconf 80' lang='lat' dir='ltr'>ianuarii,</span> <span class='ocrx_word' id='word_1_447' title='bbox 1678 2514 1773 2549; x_wconf 84' lang='lat' dir='ltr'>pontif.</span> <span class='ocrx_word' id='word_1_448' title='bbox 1791 2519 1829 2544; x_wconf 87' lang='grc' dir='ltr'>ιιι,</span> 
     </span>
     <span class='ocr_line' id='line_1_96' title="bbox 1088 2559 1829 2595; baseline -0.005 -7"><span class='ocrx_word' id='word_1_449' title='bbox 1088 2569 1248 2588; x_wconf 86' lang='lat' dir='ltr'>concessum</span> <span class='ocrx_word' id='word_1_450' title='bbox 1267 2561 1315 2588; x_wconf 85' lang='lat' dir='ltr'>suit</span> <span class='ocrx_word' id='word_1_451' title='bbox 1335 2561 1468 2588; x_wconf 83' lang='lat' dir='ltr'>indultum</span> <span class='ocrx_word' id='word_1_452' title='bbox 1489 2568 1571 2595; x_wconf 84' lang='lat' dir='ltr'>super</span> <span class='ocrx_word' id='word_1_453' title='bbox 1601 2559 1718 2593; x_wconf 77' lang='lat' dir='ltr'>quodam</span> <span class='ocrx_word' id='word_1_454' title='bbox 1747 2564 1829 2584; x_wconf 75' lang='lat' dir='ltr'>onere</span> 
     </span>
     <span class='ocr_line' id='line_1_97' title="bbox 1089 2606 1243 2633; baseline -0.013 -1"><span class='ocrx_word' id='word_1_455' title='bbox 1089 2606 1243 2633; x_wconf 41' lang='lat' dir='ltr'>missarum&lt;</span> 
     </span>
    </p>
   </div>
   <div class='ocr_carea' id='block_1_19' title="bbox 341 2561 1043 2642">
    <p class='ocr_par' dir='ltr' id='par_1_22' title="bbox 341 2561 1043 2642">
     <span class='ocr_line' id='line_1_98' title="bbox 345 2561 1043 2598; baseline 0.003 -11"><span class='ocrx_word' id='word_1_456' title='bbox 345 2563 354 2588; x_wconf 81' lang='lat'>1</span> <span class='ocrx_word' id='word_1_457' title='bbox 373 2561 422 2589; x_wconf 87' lang='lat' dir='ltr'>Ed.</span> <span class='ocrx_word' id='word_1_458' title='bbox 434 2561 515 2589; x_wconf 82' lang='lat' dir='ltr'>Main.</span> <span class='ocrx_word' id='word_1_459' title='bbox 527 2561 593 2597; x_wconf 81' lang='lat' dir='ltr'>legit</span> <span class='ocrx_word' id='word_1_460' title='bbox 602 2563 726 2590; x_wconf 75' lang='lat' dir='ltr'>habeam</span> <span class='ocrx_word' id='word_1_461' title='bbox 738 2571 788 2598; x_wconf 89' lang='lat' dir='ltr'>pro</span> <span class='ocrx_word' id='word_1_462' title='bbox 799 2564 944 2593; x_wconf 76' lang='lat' dir='ltr'>habebant</span> <span class='ocrx_word' id='word_1_463' title='bbox 954 2562 1043 2598; x_wconf 57' lang='lat' dir='ltr'>(nr).</span> 
     </span>
     <span class='ocr_line' id='line_1_99' title="bbox 341 2606 812 2642; baseline 0.002 -8"><span class='ocrx_word' id='word_1_464' title='bbox 341 2606 358 2634; x_wconf 70' lang='lat'>‘2</span> <span class='ocrx_word' id='word_1_465' title='bbox 372 2606 471 2635; x_wconf 75' lang='lat' dir='ltr'>Forsan</span> <span class='ocrx_word' id='word_1_466' title='bbox 486 2610 689 2642; x_wconf 66' lang='lat' dir='ltr'>nuncuparent</span> <span class='ocrx_word' id='word_1_467' title='bbox 708 2608 746 2642; x_wconf 77' lang='lat' dir='ltr'>(n.</span> <span class='ocrx_word' id='word_1_468' title='bbox 764 2608 812 2642; x_wconf 63' lang='grc' dir='ltr'>Τ.)</span> 
     </span>
    </p>
   </div>
   <div class='ocr_carea' id='block_1_20' title="bbox 1061 1780 1070 2635">
    <p class='ocr_par' dir='ltr' id='par_1_23' title="bbox 1061 1780 1070 2635">
     <span class='ocr_line' id='line_1_100' title="bbox 1061 1780 1070 2635; baseline 0 0"><span class='ocrx_word' id='word_1_469' title='bbox 1061 1780 1070 2635; x_wconf 95' lang='lat' dir='ltr'> </span> 
     </span>
    </p>
   </div>
  </div>
 </body>
</html>
