2269 3203
272 221 319 247 An,
336 222 363 245 ⁴).
389 220 453 246 1712
500 211 563 244 480

301 1020 422 1042 clausulae.

302 1762 461 1782 Cnntrariuruiu

278 1789 397 1813 de[¹·¹9'etlto.

465 273 649 303 nostrorum
676 270 706 303 S.
736 270 772 303 n,
800 270 833 303 E.
863 270 1077 304 cardinalium
1104 280 1202 312 nego-

467 322 517 356 tiis
541 328 573 356 et
596 322 891 357 consultationibus
918 323 1146 366 episcoporum
1173 327 1204 355 et

466 376 664 419 regularium
701 376 982 420 praepositorum,
1019 375 1073 418 qui
1107 385 1204 418 super

466 429 651 473 praemissis
667 430 818 462 dilectum
845 429 947 462 silium
962 433 1204 471 procuratorem

467 484 654 526 generalem
691 483 766 515 dicti
793 482 921 515 Ordinis
955 481 1148 514 audiverunt
1174 485 1206 513 et

467 541 574 569 votum
601 535 731 579 capituli
760 534 921 577 generalis
950 534 1095 566 eiusdem
1116 533 1206 566 Ordi-

467 588 516 621 nis
540 588 711 621 novissime
738 587 769 620 in
796 588 875 619 alma
902 586 986 619 Urbe
1021 588 1128 619 nostrii
1155 596 1206 618 cc—

468 642 593 675 lebrato
620 640 784 679 viderunt,
806 639 958 678 consilio,
986 643 1019 670 ut
1045 639 1082 671 de
1098 642 1206 670 cetero

468 692 690 726 duodenarius
710 692 815 725 dictae
834 691 1020 735 provinciae
1038 690 1207 733 magistro-

467 757 537 778 rum
574 756 729 779 numerus
766 745 804 778 ad
843 744 923 777 alios
955 754 1007 777 sex
1035 743 1206 786 magistros

467 805 634 842 augeatur,
662 798 854 832 auctoritate
880 797 1068 841 apostolica,
1091 802 1206 829 tenore

468 851 712 895 praesentium,
747 849 954 884 concedimus
992 854 1022 882 et
1057 848 1207 891 indulge-

468 915 552 945 1nus;
575 904 661 937 salva
689 909 795 937 tamen
815 913 944 946 semper
970 902 1000 934 in
1021 900 1208 944 praemissis

469 957 662 991 auctoritate
703 955 975 999 Congregationis
1017 953 1208 987 eorumdem

468 1009 697 1044 cardinalium.
719 1010 950 1047 Decernentes‚
970 1007 1099 1040 easdem
1119 1016 1208 1050 prae-

469 1069 578 1097 sentes
597 1064 722 1097 litteras
743 1072 873 1105 semper
897 1062 1018 1101 firmas,
1035 1059 1157 1094 validas
1177 1063 1210 1092 et

468 1116 614 1149 efficaces
638 1116 775 1149 existere
801 1120 832 1148 et
856 1115 936 1154 sore,
963 1123 1104 1156 suosque
1137 1113 1208 1155 ple-

468 1170 578 1203 narios
600 1174 631 1202 et
652 1169 795 1211 integros
813 1167 944 1201 effectus
966 1166 1074 1200 sortiri
1101 1171 1132 1198 et
1153 1165 1210 1198 ob-

469 1222 585 1263 tinere,
606 1232 641 1254 ac
665 1221 740 1261 illis,
766 1221 803 1254 ad
830 1221 912 1264 quos
939 1224 1063 1263 spectat
1082 1225 1112 1251 et
1137 1229 1210 1262 spe-

469 1274 569 1308 ctabit
603 1274 636 1307 in
664 1274 824 1313 futurum,
852 1273 883 1305 in
913 1272 1062 1306 omnibus
1095 1276 1127 1304 et
1152 1281 1211 1314 per

469 1328 577 1361 omnia
600 1327 791 1372 plenissime
829 1325 1010 1369 sull'ragari,
1038 1325 1152 1369 sicque
1178 1324 1208 1356 in

470 1381 658 1425 praemissis
680 1391 739 1425 per
757 1390 979 1424 quoscumque
1012 1378 1134 1412 iudices
1160 1388 1211 1411 or-

470 1433 615 1467 dinarios
650 1439 681 1467 et
711 1433 891 1475 delegatos,
918 1432 1014 1465 etiam
1040 1441 1210 1464 causarum

469 1488 582 1532 palatii
615 1485 789 1531 apostolici
814 1486 996 1525 auditores,
1023 1485 1158 1517 iudicari
1181 1489 1212 1518 et

471 1539 599 1574 definiri
626 1540 763 1579 debere,
790 1550 826 1572 ac
852 1539 978 1572 irritum
1007 1543 1039 1572 et
1069 1538 1163 1570 inane
1185 1537 1209 1570 si

471 1604 564 1626 secus
590 1603 691 1636 super
719 1593 770 1626 liis
796 1604 811 1624 a
829 1602 1005 1636 quoquam,
1021 1590 1132 1634 quavis
1157 1601 1210 1622 au-

472 1646 632 1686 ctoritate,
663 1646 806 1679 scienter
831 1646 879 1678 vel
907 1645 1110 1688 ignoranter,
1136 1651 1233 1684 con‘g

473 1699 585 1742 tigerit
609 1699 773 1732 attentari.

515 1753 530 1795 ξ,
554 1751 585 1785 3.
611 1751 681 1784 Non
716 1751 924 1784 obstantibus
950 1750 1151 1794 praemissis,
1177 1749 1234 1781 aci

472 1804 759 1838 constitutionibus
784 1810 816 1838 et
840 1804 1104 1837 ordinationibus
1136 1814 1213 1847 apo-

473 1858 599 1891 stolicis
618 1885 625 1898 ,
653 1868 781 1890 necnon
814 1856 1003 1900 provinciae
1029 1861 1060 1889 et
1084 1856 1213 1889 Ordinis

472 1911 712 1954 praefatorum,
740 1910 836 1943 etiam
864 1910 1068 1950 iuramento,
1096 1909 1213 1942 contir-

472 1964 612 1997 matione
639 1963 828 2006 apostolica,
849 1964 898 1996 vel
926 1962 1038 2006 quavis
1064 1962 1213 1995 firmitate

473 2017 534 2050 alia
560 2017 737 2057 roboratis,
764 2016 889 2049 statutis
915 2022 945 2049 et
970 2015 1213 2049 consuetudini-

473 2070 545 2111 bus,
572 2069 752 2113 privilegiis
778 2080 921 2114 quoque,
945 2068 1079 2102 indultis
1106 2075 1137 2102 et
1162 2069 1213 2101 lit-

475 2124 552 2173 teris
584 2123 774 2166 apostolicis
801 2123 832 2155 iu
860 2122 1029 2155 contrariis
1056 2123 1212 2166 praemis-

473 2187 581 2209 sorum
609 2176 858 2219 quomodolibet
883 2176 1066 2216 concessis,
1094 2175 1214 2209 confir-

474 2229 566 2262 matis
593 2234 625 2262 et
649 2229 831 2269 innovatis,
859 2228 977 2272 quibus
1007 2228 1160 2262 omnibus
1183 2233 1215 2261 et

473 2282 610 2325 singulis
627 2309 634 2322 ‚
661 2282 790 2315 illorum
826 2287 956 2314 tenores
984 2281 1212 2325 praesentibus

473 2345 534 2378 pro
572 2335 670 2377 plene
700 2339 732 2366 et
756 2333 957 2366 sufficienter
988 2333 1150 2377 expressis
1179 2345 1215 2366 ac

475 2389 513 2421 de
540 2388 639 2421 verbo
665 2388 703 2420 ad
731 2389 864 2420 verbum
889 2387 1019 2420 insertis
1045 2387 1213 2427 habentes,

474 2442 539 2476 illis
557 2441 636 2475 alias
662 2441 693 2473 in
713 2450 770 2474 suo
789 2441 907 2474 robore
925 2440 1155 2484 permansuris,
1175 2441 1213 2473 ad

475 2494 728 2538 praemissorum
762 2493 921 2534 effectum,
947 2493 1008 2525 hac
1033 2493 1099 2525 rice.
1121 2493 1213 2525 dum-

477 2554 570 2588 taxat,
586 2533 773 2591 speciasiter
787 2551 818 2580 et
836 2556 989 2590 expresse
1005 2546 1211 2589 derogamus,

477 2601 657 2645 ceterisque
673 2599 842 2634 contrariis
860 2599 1132 2643 quibuscumque.

1045 222 1221 244 nt’titflznitlu
1248 221 1371 244 nunni
1381 220 1401 243 Μ

1290 269 1360 312 gli.
1400 269 1550 302 Volumus
1584 272 1691 301 autem
1725 273 1759 300 ut
1795 266 1982 301 earumdem

1247 320 1466 363 praesentium
1492 320 1672 354 litterarum
1691 319 1909 364 transumptis,
1924 330 1982 353 seu

1248 373 1415 416 exemplis,
1438 373 1533 406 etiam
1559 372 1738 416 impressis,
1763 383 1859 405 manu
1884 372 1983 407 alicu-

1248 425 1295 457 ius
1322 425 1438 459 notarii
1464 424 1584 469 publici
1605 424 1806 468 subscriptis,
1827 430 1858 458 et
1875 425 1983 468 sigillo

1249 489 1405 522 personae
1431 479 1463 510 in
1489 477 1711 511 ecclesiastica
1737 477 1892 520 dignitate
1911 489 1986 512 con-

1249 531 1378 564 stitutae
1415 531 1570 571 munitis,
1598 531 1709 563 eadem
1741 540 1872 574 prorsus
1909 531 1986 564 sides

1251 584 1368 628 ubique
1387 585 1531 617 locorum
1550 589 1612 616 tam
1633 583 1662 616 in
1683 583 1800 616 iudicio
1819 594 1914 627 quain
1935 594 1987 617 ex·
2023 578 2026 579 ⁷

1252 643 1298 670 tra
1323 636 1402 670 illud
1429 637 1598 676 habeatur,
1622 647 1705 679 quae
1732 635 1809 679 ipsis
1834 646 1987 679 praesen-

1250 691 1334 723 tibus
1361 690 1535 723 baberetur
1560 690 1583 723 si
1617 690 1719 723 forent
1754 689 1915 722 exhibitae
1939 691 1987 732 vell

1250 749 1411 776 ostensae.

1294 796 1408 828 Datum
1428 795 1561 836 Romae,
1586 796 1672 840 apud
1703 795 1733 829 S.
1763 796 1901 835 Petrum,
1928 795 1988 828 sub

1250 849 1370 882 aniiulo
1409 849 1601 888 piscatoris,
1640 849 1691 882 die
1728 859 1799 882 xxvi
1834 848 1987 882 februarii

1251 913 1394 943 Muccxn,
1421 903 1630 946 pontificatus
1655 902 1758 936 nostri
1784 913 1870 936 anno
1886 912 1941 937 xn.

1287 963 1346 990 Dat.
1369 964 1414 991 die
1432 964 1466 991 026
1487 964 1618 991 februarii
1642 965 1717 997 1712,
1740 964 1838 999 pontif.
1855 973 1926 991 auno
1941 971 1988 991 xu.

1563 1106 1676 1140 cmv.

1252 1188 1472 1222 Decluruntur
1489 1188 1602 1221 nullae
1625 1187 1789 1231 pactiones
1811 1197 1831 1220 a
1848 1186 1992 1230 capitulo

1298 1242 1447 1275 ecclesiae
1471 1241 1691 1275 Hildesz'ensz‘s
1715 1251 1787 1274 cum
1811 1239 1992 1274 acatholico

1296 1296 1445 1339 principe
1482 1296 1607 1334 initae,
1634 1294 1807 1338 religioni,
1843 1293 1993 1326 ecclesiae

1299 1349 1424 1392 ipsique
1448 1348 1593 1391 capitulo
1616 1347 1902 1393 praeludit-iales&

1253 1429 1379 1457 Dilectis
1408 1429 1480 1456 filiis
1505 1428 1640 1463 capitulo
1661 1431 1691 1455 et
1716 1427 1870 1456 canonicis
1891 1427 1991 1455 catho-
2039 1441 2044 1446 ·

1289 1475 1383 1502 dralis
1404 1474 1552 1502 ecclesiae
1572 1473 1785 1507 Hildesiensis,

1473 1529 1606 1555 Clemens
1627 1528 1707 1561 Papa
1725 1527 1774 1554 xl.

1528 1590 1636 1618 Dilecti
1651 1590 1718 1623 filii,

1289 1638 1419 1664 salutem
1439 1639 1469 1663 et.
1489 1634 1685 1669 apostolicam
1707 1634 1955 1662 benedictionem.

1299 1707 1313 1749 ξ
1331 1707 1361 1738 l.
1383 1705 1440 1739 Ubi
1460 1706 1612 1749 prinnun,
1632 1706 1680 1738 vel
1695 1705 1766 1748 ipso
1785 1715 1916 1738 rumore
1935 1715 1993 1748 pu-

1256 1813 1380 1846 ctiones
1394 1812 1478 1851 illae,
1491 1822 1558 1851 seu,
1574 1817 1606 1843 ut
1621 1816 1748 1851 vocant,
1759 1822 1915 1852 recessus,
1927 1811 1993 1854 qui-

1255 1867 1316 1899 bus
1337 1876 1391 1898 vos
1411 1865 1525 1898 diebus
1542 1875 1572 1898 x¹
1592 1864 1657 1897 iulii
1677 1876 1713 1897 ac
1736 1875 1787 1898 xv1
1804 1864 1991 1897 novembris

1256 1919 1331 1953 anni
1357 1917 1543 1962 praeteriti,
1565 1918 1692 1950 tametsi
1718 1917 1841 1958 invitos,
1868 1923 1902 1950 ut
1927 1928 1994 1951 cre-

1257 1972 1373 2013 dimus,
1400 1976 1431 2005 et
1451 1972 1657 2010 reluctantes,
1675 1982 1710 2003 ac
1728 1970 1859 2003 nonnisi
1877 1981 1995 2013 angus-

1257 2027 1384 2067 tiarum,
1404 2036 1486 2070 quae
1508 2031 1584 2058 tunc
1606 2026 1695 2058 vobis
1721 2024 1828 2058 illatae
1853 2025 1993 2064 fuerant,

1257 2090 1365 2119 sensu,
1378 2079 1612 2122 maiorumque,
1625 2088 1704 2121 quas
1720 2077 1894 2117 timebatis,
1906 2082 1995 2110 metu

1256 2133 1452 2176 compulsos,
1478 2131 1712 2174 subscripsisse
1737 2131 1919 2173 accepimus
1935 2156 1942 2170 ,
1967 2141 1995 2162 a·

1257 2186 1355 2218 cerbo
1382 2195 1459 2218 sane
1485 2195 1521 2217 ac
1542 2194 1626 2227 pene
1647 2182 1864 2225 inexplicabili
1881 2183 1994 2215 dolore

1257 2238 1397 2281 correpti
1426 2237 1559 2275 suimus,
1585 2236 1694 2269 animo
1719 2236 1899 2268 recolentes
1925 2245 1996 2277 gra-

1294 2353 1303 2379 1
1328 2353 1417 2379 Consi.
1439 2351 1481 2378 ed.
1503 2357 1622 2385 nnccvn,
1639 2351 1681 2378 die
1701 2351 1734 2377 ⁹27
1751 2350 1818 2383 iulii,
1835 2350 1930 2386 pontis.
1947 2357 1994 2383 vu,

1256 2395 1330 2422 nulla
1350 2395 1486 2422 declarata
1505 2394 1554 2421 fuit
1573 2394 1717 2421 concordia
1736 2394 1800 2420 inita
1820 2394 1880 2421 cnm
1901 2394 1994 2421 militi-

1257 2439 1307 2465 bus
1326 2439 1462 2474 germanis
1481 2439 1508 2465 in
1528 2439 1627 2465 ducatu
1648 2439 1781 2472 Parmae3
1804 2442 1828 2464 et
1849 2442 1933 2465 const.
1950 2438 1993 2465 ed.

1256 2490 1392 2510 moccxvni
1412 2483 1456 2510 die
1477 2484 1509 2510 10
1528 2482 1691 2515 decembris,
1713 2482 1806 2516 pontif.
1828 2491 1885 2516 xix,
1905 2483 1995 2510 decla-

1257 2531 1330 2554 ratur
1349 2527 1440 2554 nullus
1459 2530 1589 2554 tractatus
1608 2526 1801 2562 pacificationis
1819 2527 1889 2553 inter
1907 2526 1994 2553 ahba-

1257 2576 1310 2611 tem
1330 2572 1356 2597 S.
1378 2571 1442 2598 Galli
1463 2575 1490 2597 et
1509 2571 1665 2604 magistrum
1686 2570 1847 2597 tiernensem
1862 2573 1888 2597 et
1901 2570 1994 2604 Tugu-

1256 2615 1353 2634 rntttnl.

1994 220 2043 244 An.
2059 219 2087 245 C.
2108 219 2176 246 ¹7¹2

2044 280 2105 301 Fides
2121 283 2176 301 trau·

1993 309 2130 332 sumptorum.

2028 1706 2111 1728 Most-or
2132 1707 2186 1728 Pon·

2002 1734 2071 1754 unum
2094 1734 2120 1753 eie
2143 1732 2186 1753 ans

1232 1782 1234 1796 2
1256 1760 1340 1792 blico
1367 1759 1553 1797 nunciante,
1579 1758 1673 1791 nobis
1698 1757 1909 1790 innotuerant.
1936 1760 2144 1802 pa-pacti0nih=is.
