2269 3203
244 185 291 211 An.
311 186 339 210 [j.
364 184 430 209 ΓΜ]

316 826 395 849 ltapu'a
410 832 429 844 tv)

245 856 339 873 &ewulm
347 859 370 872 1³1

477 174 515 206 Sel
522 176 540 206 t}

438 285 477 318 de
503 286 604 318 latere
642 286 764 328 legatos
797 291 828 318 et
853 286 1059 329 Apostolieac
1085 286 1177 318 Sedis

438 337 624 381 praedictae
662 338 824 378 nuncios,
860 339 981 371 aliosve
1015 338 1181 381 quoslibet

439 401 643 434 quacumque
675 390 930 434 praeeminentia
962 396 992 423 et
1018 396 1179 433 potestate

440 444 612 487 fungentes
639 450 671 476 et
705 445 895 483 suncturos,
922 444 1049 476 sublata
1079 443 1124 476 cis
1150 448 1180 476 et

440 507 552 530 corum
578 497 713 530 cuilibet
745 496 856 540 quavis
888 497 983 529 aliter
1015 497 1179 530 iudicandi

440 556 472 583 ct
489 549 728 593 interpretandi
755 550 906 582 facultate
928 555 959 583 et
976 550 1179 591 auctoritate,

440 603 576 637 iudicari
602 608 634 635 et
658 602 785 635 deffiniri
824 602 961 643 debere3
990 614 1024 635 ac
1050 603 1178 635 irritum

441 663 473 689 ct
496 657 593 688 inane
614 655 638 688 si
656 666 748 688 secus
775 665 874 698 super
894 655 946 688 his
964 666 981 688 a
1000 665 1177 699 quoquam,

441 710 553 753 quavis
570 709 773 748 auctoritate,
793 709 935 742 scienter
957 709 1005 742 vel
1032 709 1181 752 ignoran-

439 770 498 803 ter,
521 762 693 805 contigerit
710 762 877 795 attentari.

485 817 499 860 ξ,
524 816 555 850 3.
584 816 741 854 Quocirca
766 821 948 849 memorato
973 815 1106 848 Nieolao
1132 826 1182 848 ar-

441 870 653 912 chiepiscopo
690 869 849 902 moderno
881 873 913 901 et
944 879 1006 912 pro
1034 874 1181 911 tempore

441 922 591 956 existenti
625 928 737 955 nostro
764 928 794 955 et
819 922 911 955 Sedis
937 922 1123 965 praedictae
1150 922 1181 954 in

443 977 530 1009 dicto
550 986 651 1018 regno
671 975 791 1008 nuncio
806 986 864 1018 per
884 980 1073 1018 praesentes
1093 979 1182 1007 motu

442 1029 511 1073 pari
533 1029 765 1062 committimus
793 1034 824 1061 et
848 1028 1048 1067 mandamus,
1069 1033 1184 1070 quate-

441 1093 503 1115 nus
521 1082 602 1125 ipse,
618 1092 675 1124 per
693 1092 737 1119 se,
756 1082 806 1114 vel
828 1081 936 1120 alium,
950 1091 1006 1114 seu
1022 1080 1114 1121 alios,
1127 1080 1182 1113 ubi

443 1141 476 1169 et
491 1135 620 1179 quando
632 1145 711 1178 opus
725 1135 831 1175 fuerit,
844 1139 875 1168 et
885 1135 1013 1178 quoties
1023 1145 1082 1177 pro
1094 1139 1184 1178 parte

442 1189 628 1232 praedictae
654 1199 757 1221 novae
785 1188 1074 1231 Congregationis,
1101 1187 1184 1220 eius-

443 1252 506 1284 que
532 1241 738 1284 superiorum
772 1247 804 1274 et
833 1241 1092 1281 monachorum,
1127 1251 1183 1274 seu

443 1295 581 1328 alicuius
595 1305 719 1335 eorum,
735 1295 876 1338 desuper
891 1295 986 1327 suerit
1000 1294 1184 1337 requisitus,

444 1348 574 1381 easdem
612 1354 803 1391 praesentes
839 1347 965 1380 litteras
1001 1352 1033 1380 et
1071 1347 1102 1379 in
1139 1347 1186 1380 eis

444 1406 597 1434 contenta
617 1411 841 1444 quaecumque
868 1400 1060 1433 solemniter
1080 1400 1186 1443 publi-

445 1464 534 1492 cans,
554 1454 684 1497 illisque
703 1454 735 1485 in
761 1453 950 1496 praemissis
971 1453 1110 1494 efficacis
1133 1454 1186 1486 de-

446 1506 603 1539 fensionis
631 1507 795 1549 praesidio
821 1507 990 1547 assistens,
1014 1507 1111 1539 faciat
1130 1518 1186 1540 au-

445 1559 593 1592 ctoritate
609 1561 720 1591 nostra
736 1559 810 1592 illos
828 1564 987 1592 eteorum
1009 1560 1187 1602 quemlibet

444 1612 666 1654 praesentium
693 1612 875 1644 litterarum
891 1617 922 1644 et
939 1612 971 1644 in
990 1612 1036 1644 eis
1053 1617 1187 1644 centen-

445 1718 577 1761 pacilice
596 1718 655 1750 srui
676 1722 707 1751 et
729 1718 891 1761 gaudere;
910 1728 977 1751 non
999 1718 1187 1761 permitten-

447 1769 535 1803 tens⁴
562 1770 635 1804 illos
662 1770 801 1813 desuper
831 1782 848 1803 a
876 1781 1040 1813 quoquam
1074 1771 1186 1813 quavis

446 1824 638 1856 auctoritate
658 1823 906 1866 quomodolibet
926 1823 1071 1856 indebite
1088 1824 1188 1857 mole-

446 1876 533 1916 stari,
559 1876 741 1919 perturbari
768 1877 817 1909 vel
845 1876 1040 1919 inquieiari;
1064 1882 1187 1910 contra-

447 1929 588 1962 dictores
614 1930 778 1972 quoslibet
804 1935 835 1962 et
860 1930 1003 1962 rebelles
1027 1939 1089 1972 per
1115 1940 1188 1962 sen-

449 1981 582 2020 tentias,
608 1992 762 2014 censuras
787 1987 819 2014 et
842 1992 964 2024 poenas
992 1982 1188 2014 ecelesiasti-
1209 1994 1210 1999 ¹

447 2045 510 2074 eas,
529 2034 657 2078 aliaque
683 2040 870 2078 opportuna
896 2035 973 2068 iuris
999 2040 1030 2068 et
1048 2035 1121 2067 sacti
1141 2046 1188 2068 re-

446 2088 562 2127 media,
589 2089 808 2131 appellatione
832 2088 1031 2132 postposita,
1059 2099 1188 2132 compe-

449 2142 582 2180 scendo,
602 2141 819 2184 legitimisque
844 2141 1006 2184 superbis
1028 2141 1188 2174 habendis

449 2194 583 2226 servatis
604 2194 826 2236 processibus,
844 2205 997 2227 censuras
1014 2199 1045 2227 ct
1058 2204 1187 2237 poenas,

450 2247 546 2279 etiam
573 2246 697 2278 iteratis
721 2246 844 2278 vicibus
863 2247 1080 2288 aggravando,
1099 2247 1189 2279 invo-

450 2305 520 2332 cato
546 2299 640 2331 etiam
667 2299 704 2330 ad
732 2299 810 2338 hoc,
838 2299 863 2331 si
890 2309 970 2342 opus
996 2300 1110 2339 fucrit,
1138 2310 1189 2331 au-

449 2352 527 2384 xilio
553 2351 677 2383 brachii
704 2352 891 2383 saecularis.

495 2406 509 2447 ξ
534 2404 566 2436 4.
593 2403 661 2436 'Non
689 2404 891 2436 obstantibus
921 2404 1125 2446 praemissis,
1154 2415 1190 2437 ac

452 2458 554 2491 felicis
572 2456 807 2489 recordationis
826 2457 982 2490 Bonil‘acii
1003 2457 1105 2500 Papae
1127 2457 1189 2489 Ylll

450 2510 712 2554 praedecessoris
738 2510 840 2543 nostri
859 2511 898 2543 de
920 2512 993 2551 una,
1013 2516 1044 2543 ct
1060 2510 1188 2543 concilii

486 2575 496 2602 1
521 2573 592 2601 Edit*
613 2573 690 2601 Main.
712 2572 777 2609 legit
793 2572 995 2608 permittentes
1015 2573 1051 2607 (tt.
1069 2575 1117 2605 Tr).

1023 186 1166 208 lil‘ljsslill
1183 187 1199 207 ,ll
1229 187 1378 209 tumtmttl

437 231 615 271 auditores
642 244 678 264 ac
702 231 733 264 S.
759 232 793 264 R.
814 232 847 265 E.
869 233 1052 267 cardinales
1084 233 1179 266 ctiam
1201 257 1202 262 ,

1225 233 1401 276 generaliis
1426 235 1465 267 de
1492 234 1617 267 duabus
1639 233 1757 275 dietis,
1783 235 1960 269 dummodo

1201 295 1202 313 ³
1224 287 1310 319 ultra
1328 293 1393 319 tres
1419 287 1523 320 dietas
1545 286 1661 330 aliquis
1686 286 1796 330 vigore
1813 298 1961 331 praesen-

1201 317 1203 332 l

1223 339 1303 371 tium
1324 338 1356 371 in
1377 339 1532 372 iudicium
1550 350 1616 372 non
1642 340 1799 380 trahatur,
1820 351 1961 380 necnon,

1223 397 1383 434 quatenus
1400 402 1482 434 opus
1499 392 1551 431 sit,
1566 394 1677 425 nostra
1695 397 1727 425 et
1741 392 1961 427 Cancellariae

1223 443 1421 486 apostolicae
1443 443 1554 486 regula
1579 445 1618 477 de
1644 444 1713 477 iure
1731 446 1878 488 quaesito
1895 457 1960 479 non

1225 496 1383 536 tollendo,
1405 496 1542 540 aliisque
1568 497 1756 540 apostolicis
1781 509 1818 531 ac
1842 499 1874 531 in
1892 499 1964 532 uni-

1224 549 1403 581 versalibus
1420 549 1741 594 provincialilmsque
1760 551 1964 595 ctsynodali-

1223 601 1283 633 bus
1308 601 1455 634 conciliis
1476 602 1581 642 editis,
1598 603 1807 645 generalibus
1825 604 1875 637 vel
1895 614 1965 647 spe—

1224 654 1368 694 cialibus,
1395 655 1680 689 constitutionibus
1698 662 1731 689 ct
1751 656 1965 690 ordinationi-

1224 707 1283 739 bus
1297 707 1488 750 apostolicis,
1500 718 1536 740 ac
1551 708 1739 751 quarumvis
1755 709 1965 742 ecclesiarum

1225 764 1257 792 ct
1280 760 1573 801 monasteriorum,
1600 761 1740 805 aliisque
1771 761 1942 804 quibusvis
1957 788 1964 800 .

1225 812 1322 844 ctiam
1345 811 1541 852 iuramento,
1565 813 1812 847 confirmatione
1838 820 1967 857 aposto-

1226 864 1296 904 lica,
1310 864 1360 898 vel
1385 865 1498 908 quavis
1526 865 1676 899 firmitate
1695 866 1756 899 alia
1781 867 1943 900 roboratis
1958 893 1966 908 ,

1225 917 1352 950 statutis
1383 922 1415 950 et
1449 918 1750 960 consuetudinibus,
1784 919 1965 962 privilegiis

1227 979 1376 1013 quoque,
1400 970 1537 1003 indultis
1568 975 1599 1003 ct
1623 971 1740 1004 litteris
1766 972 1966 1015 apostoliciS,

1227 1023 1350 1056 eisdem
1373 1023 1518 1056 ecelesiis
1537 1028 1570 1056 et
1590 1024 1807 1065 monasteriis,
1822 1025 1968 1058 illorum-

1228 1087 1290 1119 que
1315 1078 1496 1121 respective
1522 1079 1744 1121 praesulibus,
1771 1079 1941 1112 abbatibus
1957 1106 1965 1118 ,

1228 1131 1402 1174 capitulis,
1426 1132 1641 1165 conventibus
1666 1138 1698 1166 et
1722 1133 1793 1166 aliis
1819 1133 1968 1177 personis

1228 1184 1440 1227 quibuslibet,
1460 1184 1554 1217 etiam
1580 1185 1732 1228 specifica
1749 1192 1781 1218 ct
1801 1185 1969 1219 individua

1229 1237 1397 1270 mentione
1415 1243 1447 1270 et
1460 1238 1671 1281 expressione
1689 1239 1805 1282 dignis,
1824 1240 1882 1272 sub
1901 1239 1970 1283 qui-

1229 1291 1428 1334 buscumque
1454 1291 1626 1324 verborum
1653 1293 1823 1326 tenoribus
1850 1300 1881 1326 et
1905 1294 1968 1326 sor-

1229 1344 1298 1384 mis,
1323 1355 1359 1377 ac
1384 1355 1455 1377 eum
1482 1345 1648 1389 quibusvis
1675 1345 1770 1379 etiam
1796 1346 1969 1389 derogato-

1230 1397 1349 1430 riarum
1378 1398 1614 1440 derogatoriis,
1650 1398 1785 1442 aliisque
1811 1398 1970 1433 efficacio-

1229 1450 1327 1490 ribus,
1347 1449 1575 1483 eslieacissimis
1603 1456 1635 1484 et
1659 1451 1800 1485 insolitis
1818 1452 1970 1486 clausulis
2019 1444 2021 1447 ’

1230 1508 1262 1536 et
1296 1503 1435 1536 decretis
1453 1531 1460 1543 ‚
1487 1504 1518 1536 in
1545 1514 1666 1546 genere
1702 1505 1751 1538 vel
1777 1505 1808 1538 in
1835 1505 1967 1548 specie,

1231 1556 1326 1588 etiam
1345 1561 1432 1589 motu
1449 1556 1594 1600 proprio,
1616 1562 1647 1590 et
1664 1568 1699 1590 ex
1719 1559 1806 1590 certa
1824 1558 1969 1597 scientia,

1207 1624 1209 1654 i
1231 1610 1334 1652 deque
1352 1612 1551 1653 apostolicae
1572 1612 1741 1654 potestatis
1761 1611 1970 1655 plenitudine

445 1671 548 1698 torum
580 1664 769 1698 huiusmodi
806 1664 976 1697 commodo
1010 1671 1042 1697 ct
1073 1664 1209 1697 effectui

1232 1663 1374 1705 paritum,
1394 1674 1429 1696 ac
1447 1664 1729 1705 consistorialiter,
1750 1670 1781 1697 et
1798 1665 1876 1698 alias
1897 1676 1971 1709 quo-

1232 1716 1411 1749 modolibet
1435 1717 1466 1749 in
1493 1718 1688 1750 eontrarium
1714 1717 1970 1761 praemissorum

1208 1807 1209 1811 Ἰ
1231 1770 1407 1809 concessis,
1434 1781 1468 1803 ae
1495 1771 1616 1813 pluries
1642 1776 1671 1803 et
1699 1772 1970 1815 quantiscumque

1231 1822 1354 1855 vicibus
1380 1823 1512 1862 iteratis,
1538 1823 1755 1865 confirmatis,
1782 1825 1970 1868 approbatis

1232 1881 1262 1907 et
1277 1875 1451 1916 innovatis;
1468 1877 1587 1919 quibus
1604 1876 1755 1910 omnibus
1772 1882 1804 1910 et
1820 1877 1972 1920 singulis,

1232 1928 1356 1961 etiamsi
1386 1940 1446 1972 pro
1470 1930 1599 1962 illorum
1629 1929 1804 1963 sufficienti
1833 1931 1971 1974 deroga-

1234 1982 1319 2014 tione
1345 1982 1382 2014 de
1409 1982 1473 2015 illis
1498 1993 1677 2026 eorumque
1703 1983 1778 2016 totis
1803 1983 1971 2017 tenoribus

1232 2034 1404 2077 specialis,
1432 2035 1590 2078 specifica,
1617 2046 1771 2079 expressa
1800 2040 1832 2069 et
1855 2036 1973 2070 indivi-

1233 2088 1310 2127 dua,
1329 2099 1365 2120 ac
1390 2088 1428 2121 de
1447 2089 1544 2121 verbo
1562 2089 1601 2122 ad
1619 2090 1763 2130 verbum,
1781 2100 1846 2123 non
1864 2094 1972 2123 autem

1234 2152 1290 2184 per
1309 2142 1469 2174 clausulas
1496 2143 1668 2183 generales
1695 2142 1779 2176 idem
1796 2143 1974 2186 importan-

1234 2200 1303 2235 tcs,
1330 2195 1453 2228 mentio
1480 2206 1535 2228 seu
1562 2196 1694 2239 quaevis
1719 2196 1782 2228 alia
1808 2195 1973 2239 expressio

1235 2249 1394 2287 habenda,
1413 2255 1468 2281 aut
1485 2249 1593 2291 aliqua
1609 2248 1671 2281 alia
1689 2248 1848 2291 exquisita
1868 2248 1974 2282 sorma

1234 2301 1271 2333 ad
1295 2301 1358 2333 hoc
1375 2301 1531 2334 servanda
1556 2301 1649 2341 soret,
1668 2300 1798 2334 illorum
1826 2306 1972 2342 tenores,

1236 2354 1361 2392 formas,
1384 2363 1496 2386 causas
1522 2358 1555 2385 ct
1578 2354 1767 2387 occasiones
1794 2354 1974 2397 praesenti-

1234 2406 1293 2438 bus
1320 2416 1379 2448 pro
1406 2406 1503 2449 plene
1530 2412 1560 2439 et
1584 2407 1785 2440 sufficienter
1810 2407 1972 2450 expressis

1236 2464 1267 2490 et
1293 2458 1423 2491 insertis
1444 2469 1481 2491 ac
1513 2459 1716 2492 exactissime
1742 2465 1774 2493 et
1798 2460 1974 2493 accuratis-

1234 2511 1314 2544 sime
1347 2511 1481 2544 servatis
1507 2517 1537 2544 et
1561 2511 1757 2555 specificatis
1793 2512 1973 2556 respective

1235 2564 1413 2605 babentes,
1434 2564 1496 2597 illis
1521 2564 1601 2598 alias
1622 2565 1654 2598 in
1676 2575 1733 2599 suo
1759 2565 1878 2599 robore
1903 2575 1973 2610 per-

1971 188 2018 214 An.
2035 188 2063 215 C.
2086 189 2152 217 ¹709

2254 215 2269 287 —⁴·..

2262 909 2269 1110 -.—....-.n.—el
2266 865 2269 898 -ᾼ
2265 830 2267 849 μ
