2269 3203
213 214 309 243 Aac.
333 215 399 242 1710
445 206 510 239 748

410 264 562 305 debitur,
591 265 834 298 communicare
868 269 900 298 et
931 265 1145 308 subdelegare

410 318 524 358 valeat,
545 318 650 351 eidem
675 318 874 362 Hieronymo
898 318 1147 361 archiepiscopo

410 377 441 405 et
464 372 585 405 nuncio
607 372 722 405 harum
744 372 825 405 serie
844 371 1035 404 auctoritate
1055 381 1148 414 prae-

410 425 495 458 dicta
520 426 692 459 tribuimus
717 431 748 458 et
773 425 991 468 impertimur.

454 481 468 522 ἓ
492 479 524 513 3.
551 480 768 512 Decernentes
786 479 891 519 etiam,
911 478 1038 511 easdem
1059 488 1149 521 prae-

411 536 517 564 sentes
536 532 671 570 litteras‚
690 530 765 564 etc.¹

455 585 469 627 ᾖ
494 584 526 617 4.
553 585 623 617 Νο11
649 584 853 618 obstantibus
877 583 1084 627 praemissis,
1113 594 1148 616 ac

410 638 599 681 apostolicis
627 643 657 670 et
686 637 717 669 in
748 637 986 670 universalibus
1016 637 1147 681 provin-

409 691 611 733 cialibusque
630 696 661 723 et
678 690 888 733 synodalibus
909 690 1054 723 conciliis
1081 689 1147 722 edi-

410 743 459 783 tis,
485 743 694 786 generalibus
713 744 763 776 vel
790 743 993 787 specialibus,
1020 743 1147 776 consti-

409 797 591 830 tutionibus
619 803 649 830 et
671 797 943 837 ordinationibus,
965 807 1009 837 ac,
1037 801 1147 840 quate-

407 860 468 882 nus
505 860 588 893 opus
620 849 686 890 sit,
720 852 831 882 nostra
864 855 895 882 et
929 849 1146 883 Cancellariae

408 903 618 945 Apostolicae
638 904 750 945 regula
768 904 807 935 de
826 903 896 935 iure
915 903 1062 945 quaesito
1080 913 1146 935 non

408 956 570 996 tollendo,
597 956 724 998 legibus
754 966 883 999 quoque
915 956 1011 988 etiam
1037 955 1147 998 impe-

408 1008 543 1042 rialibus
565 1014 595 1041 et
613 1009 878 1052 municipalibus,
899 1020 1029 1042 necnon
1052 1019 1148 1053 prae-

409 1061 514 1095 dictae
539 1062 697 1095 ecclesiae
723 1061 997 1105 Osnabrugensis,
1020 1067 1051 1095 et
1075 1061 1146 1094 aliis

409 1114 586 1158 quibusvis,
614 1116 708 1148 etiam
735 1115 940 1157 iuramento,
961 1115 1038 1148 etc.²

452 1169 467 1212 ἓ
492 1168 522 1202 5.
550 1169 703 1202 Volumus
729 1175 837 1202 autem
862 1175 898 1201 ut
925 1168 1147 1212 praesentium

409 1222 590 1257 litterarum
611 1223 831 1267 transumptis,
852 1222 928 1257 etc.⁸

450 1276 565 1309 Datum
588 1276 720 1316 Romae,
752 1277 839 1320 apud
873 1276 904 1309 S.
935 1275 1065 1308 Mariam
1085 1275 1149 1308 Ma-

408 1330 522 1370 iorem,
552 1331 610 1363 sub
639 1331 760 1363 annulo
789 1330 975 1370 PiscatoriS,
1005 1330 1057 1362 die
1083 1339 1148 1362 xvu

409 1383 592 1416 decembris
624 1393 779 1424 nucexvi,
808 1381 1022 1426 pontificatus
1046 1381 1148 1415 nostri

408 1446 494 1468 anno
511 1446 588 1470 xvn.

241 491 362 511 Clausulae.

240 596 399 617 Contrariorum

213 623 334 648 derogatio.

264 1178 325 1198 Fan<
342 1181 397 1199 tran·

214 1208 350 1231 sumptorum.

240 1536 345 1557 Comes„
361 1537 400 1557 sm,
448 1520 634 1558 Promulgato
650 1519 680 1549 in
693 1519 750 1549 illis
767 1519 910 1559 partibus,
925 1528 957 1549 ac
973 1519 1053 1555 alibi,
1067 1527 1151 1558 prae-

213 1564 488 1610 ffisssgffig¹³ffi0f3dicto
510 1569 596 1599 Brevi
619 1568 790 1607 apostolico,
807 1568 904 1598 statim
928 1577 960 1597 ac
983 1568 1045 1598 eius
1068 1572 1150 1597 tenor

213 1616 538 1668 ⁵1512'1'J',}',ff,¹{};¹,‡,¹³capitum
570 1622 599 1648 et
620 1617 769 1647 canonicis
801 1617 976 1648 cathedralis
1010 1617 1149 1646 ecelesiae

213 1666 644 1716 canoniqsgams‹anabrugensis
666 1666 805 1703 innotuit,
834 1666 964 1705 ipsisque
993 1666 1113 1705 insuper
1135 1676 1149 1695 a

215 1699 354 1722 ‘emponm
410 1716 528 1746 domino
550 1715 657 1745 nuncio
680 1715 838 1754 apostolico
858 1715 892 1744 ad
915 1719 1038 1745 tractum
1056 1715 1149 1745 Rheni

410 1770 438 1795 et
461 1764 532 1794 alias
566 1763 715 1794 inferioris
737 1763 911 1793 Germaniae
943 1767 1040 1802 partes
1073 1764 1149 1793 serio

409 1814 616 1844 denunciatum
633 1813 687 1842 fuit
709 1822 757 1842 eos
780 1812 815 1842 ob
835 1812 995 1851 praemissa
1011 1812 1150 1842 incidisse

408 1863 438 1891 in
455 1871 595 1892 censuras
611 1865 639 1891 et
655 1870 763 1900 poenas
785 1871 799 1890 a
823 1861 913 1890 saeris
936 1860 1098 1890 canonibus
1120 1865 1149 1890 et

409 1911 577 1950 apostolicis
599 1909 855 1940 constitutionibus
878 1914 978 1940 contra
1002 1910 1068 1939 talia
1085 1919 1150 1949 per-

408 1964 555 1999 petrantes
576 1960 714 1997 inflictas,
739 1959 817 1988 illico
850 1959 937 1988 iidem
971 1958 1081 1988 domini
1104 1967 1151 1987 03-

408 2009 518 2047 11011101,
536 2009 671 2048 propriae
695 2008 891 2038 conscientiae
915 2008 1065 2037 securitati
1083 2017 1150 2037 0011-

409 2057 506 2087 sulere
529 2060 704 2095 satagentes,
728 2055 939 2085 absolutionem
969 2066 983 2085 a
1011 2056 1150 2094 praefatis

410 2105 542 2135 censuris
565 2110 592 2134 et
614 2106 714 2144 poeuis
730 2104 885 2134 humiliter
899 2104 1058 2143 petierunt.
1076 2104 1150 2140 Quo-

410 2155 486 2183 circa
510 2153 676 2183 antedictus
699 2153 834 2182 dominus
861 2153 987 2182 nuncius
1015 2153 1151 2192 apostoli-

411 2211 462 2231 cus
486 2202 603 2231 illorum
627 2201 835 2240 supplicationi
858 2200 983 2239 benigne
1006 2210 1148 2235 annuens,

410 2260 443 2280 ac
479 2254 565 2279 utens
597 2250 730 2279 facultate
763 2259 777 2278 a
809 2259 922 2279 summo
954 2249 1095 2280 Pontifice
1120 2250 1148 2279 111

410 2302 572 2328 memorato
594 2298 679 2327 Brevi
712 2297 767 2327 sibi
797 2298 951 2336 attributa,
982 2297 1151 2336 subdelega-

410 2347 451 2376 vit
475 2347 509 2376 ad
535 2347 614 2376 1111110
633 2347 767 2376 affectum
784 2346 935 2376 dominum
958 2347 1150 2386 Hyacinthum

410 2395 485 2425 Petit
518 2395 688 2435 episcopum
720 2395 976 2434 lleliopoliensem,
1009 2395 1151 2424 ecclesiae

410 2444 646 2482 Osnabrugensis
669 2444 893 2482 suffraganeum,
917 2444 967 2482 qui
996 2443 1150 2473 duodecim

448 2522 457 2546 1
482 2519 546 2546 Vide
565 2528 647 2555 supra
666 2527 727 2554 pag.
749 2519 800 2546 609
822 2519 836 2545 b
856 2519 893 2553 (R.
915 2519 964 2549 T.).

446 2565 462 2591 2
481 2564 549 2591 Vide
569 2572 659 2599 supra,
681 2572 742 2599 pag.
763 2563 817 2590 610
835 2571 853 2590 α
873 2566 899 2590 et
919 2564 934 2590 b
953 2564 991 2598 (u.
1012 2564 1061 2597 T.).

447 2609 463 2636 3
484 2609 596 2644 Reliqua
615 2612 644 2637 ut
664 2617 727 2644 pag.
749 2608 798 2636 704
819 2616 835 2634 α
857 2608 893 2644 (R.
910 2608 959 2641 Τ.).

991 215 1174 240 BULL'ARIUM
1198 215 1357 239 Romnum

1191 273 1225 293 ex
1249 263 1388 303 praefatis
1406 263 1555 294 canonicis
1576 263 1606 294 id
1627 262 1780 293 humiliter
1795 261 1928 301 flagitan-

1192 316 1233 341 tes
1256 317 1284 341 et
1308 312 1375 342 facti
1399 312 1581 351 poenitentes
1605 321 1619 341 a
1643 312 1778 342 censuris
1808 316 1836 342 et
1863 321 1931 350 poe-

1190 361 1236 390 nis
1258 361 1464 391 ecclesiasticis
1494 361 1683 401 quibuslibet,
1714 361 1745 390 in
1772 370 1844 400 quas
1867 370 1932 400 pro-

1191 414 1256 448 pter
1273 410 1432 448 praemissa
1450 410 1722 449 quomodocumque
1734 410 1929 446 incurrerant,

1190 459 1365 488 auctoritate
1398 459 1558 498 apostoliea
1590 459 1620 489 in
1654 463 1778 498 utroque
1810 460 1870 488 foro
1901 459 1931 488 in

1191 507 1283 536 forma
1305 507 1450 537 Ecclesiae
1473 507 1644 545 singillatim
1673 507 1809 546 absolvit,
1834 507 1932 537 iniun-

1190 557 1234 586 cta
1258 556 1418 595 unicuique
1441 558 1573 595 congrua
1595 557 1778 596 poenitentia
1797 556 1929 594 salutari,

1190 609 1218 634 et
1253 606 1353 635 exacta
1390 605 1425 634 ab
1458 605 1529 644 ipsis
1563 605 1758 644 promissione
1794 605 1871 644 quod
1901 605 1931 634 in

1191 653 1321 683 futurum
1352 663 1366 683 a
1403 653 1548 683 similibus
1580 653 1783 690 abstinebunt,
1817 663 1931 684 necnon

1190 712 1277 742 super
1299 702 1516 740 irregularitate
1549 711 1600 741 per
1632 712 1680 732 eos
1715 703 1932 742 quomodolibet

1189 751 1386 781 contractam
1410 755 1535 790 utroque
1559 751 1669 790 pariter
1692 752 1754 781 foro
1782 751 1932 790 dispensa-

1190 799 1242 837 vit,
1266 809 1298 829 ac
1321 799 1438 829 tandem
1461 799 1527 828 illos
1545 799 1581 829 ad
1604 800 1727 838 famam,
1745 799 1870 838 gradus,
1890 799 1932 829 di-

1189 848 1333 886 gnitates,
1367 848 1510 878 beneficia
1543 853 1571 878 et
1602 848 1697 878 officia
1730 857 1932 887 quaecumque

1190 896 1388 926 ecclesiastica
1421 897 1560 926 canonice
1592 896 1710 927 obtenta
1744 897 1873 926 restituit
1899 905 1933 926 ac

1191 945 1322 984 plenarie
1359 945 1550 983 reintegravit
1585 945 1780 984 infrascriptis
1812 944 1931 983 diebus,

1190 993 1326 1022 videlieet
1347 1003 1366 1031 1,
1392 1002 1470 1029 xvm,
1495 1002 1532 1022 xx
1555 997 1583 1023 et
1606 1003 1675 1023 xxm
1698 993 1860 1023 decembris
1883 1003 1933 1023 an-

1190 1042 1218 1071 ni
1243 1050 1403 1080 arnccxvm,
1429 1046 1457 1071 et
1478 1050 1517 1080 1v,
1541 1050 1579 1070 xx
1597 1047 1626 1072 et
1648 1050 1717 1071 xxm
1740 1042 1887 1079 ianuarii,
1911 1051 1930 1072 11

1190 1093 1217 1119 et
1242 1099 1307 1119 xx1v
1330 1089 1480 1128 februarii,
1500 1098 1551 1119 xm
1573 1090 1695 1129 aprilis,
1720 1099 1788 1119 xxxt
1811 1090 1881 1120 maii
1904 1094 1931 1120 et

1190 1148 1197 1167 1
1220 1138 1284 1168 iulii
1307 1139 1376 1168 anni
1404 1147 1544 1169 MDccxix.
1578 1139 1719 1169 Defuncto
1749 1139 1932 1179 postmodum

1191 1187 1338 1218 antedicto
1361 1188 1478 1218 domino
1502 1188 1637 1227 episcopo
1660 1188 1871 1227 Heliopoliensi
1902 1188 1932 1217 in

1191 1237 1253 1267 eius
1286 1237 1380 1267 locum
1418 1237 1555 1267 dominus
1590 1239 1715 1267 nuncius
1750 1237 1932 1268 Coloniensis

1191 1285 1360 1324 subrogavit
1391 1286 1583 1316 reverendum
1607 1291 1720 1326 patrem
1743 1285 1932 1316 Octavianum

1191 1334 1404 1365 Venlonensem
1427 1335 1622 1373 guardianum
1649 1335 1773 1365 fratrum
1796 1335 1934 1374 (331111001-

1192 1393 1294 1413 norum
1318 1383 1436 1420 Cliviae,
1456 1387 1484 1413 et
1506 1383 1655 1413 dominum
1671 1383 1833 1413 Teodorum
1850 1383 1881 1413 L.
1898 1383 1930 1412 B.

1191 1441 1206 1461 a
1223 1432 1455 1468 Wacthendoek,
1475 1432 1647 1462 canonicum
1664 1431 1930 1470 Osnabrugensem,

1192 1481 1242 1520 qui
1264 1481 1365 1511 eadem
1389 1481 1545 1521 apostolica
1578 1482 1749 1512 auctoritate
1781 1481 1864 1511 alteri
1897 1491 1932 1511 ex

1193 1530 1330 1569 praefatis
1353 1530 1502 1560 canonicis
1518 1529 1795 1568 Osnabrugensibus
1816 1529 1933 1560 absolu-

1192 1579 1300 1609 tionem
1323 1589 1337 1609 a
1362 1579 1495 1610 censuris
1511 1580 1760 1619 dispensationem
1783 1588 1872 1618 super
1893 1579 1933 1608 ir-

1192 1628 1392 1666 regularitate,
1407 1632 1435 1658 et
1451 1628 1723 1667 reintegrationem¹
1740 1628 1775 1658 ad
1791 1627 1886 1658 officia
1903 1632 1932 1658 et

1192 1677 1346 1714 beneficia,
1363 1681 1394 1706 ut
1409 1686 1508 1716 supra,
1526 1681 1735 1707 concesserunt
1758 1677 1805 1706 die
1821 1685 1838 1706 v
1854 1680 1933 1706 octo-

1192 1727 1252 1756 bris
1274 1735 1413 1756 Mncextx.
1438 1727 1567 1765 Denique
1589 1727 1665 1756 idem
1694 1726 1829 1756 dominus
1857 1735 1933 1756 nun-

1192 1775 1254 1804 cius
1277 1775 1459 1805 Coloniensis
1481 1775 1641 1805 reverendo
1657 1775 1733 1814 patri
1749 1775 1835 1804 Petro
1851 1774 1932 1804 Schi-

1192 1824 1313 1853 mitman
1336 1823 1489 1854 Societatis
1511 1823 1578 1853 Iesu
1601 1823 1813 1862 exprovinciali
1845 1823 1933 1852 facul-

1193 1876 1279 1903 tatem
1313 1873 1512 1911 subdelegavit
1544 1872 1731 1909 absolvendi,
1766 1876 1797 1901 ut
1830 1880 1930 1911 supra,

1192 1921 1281 1951 alium
1305 1922 1478 1952 canonicum
1501 1920 1769 1958 Osnabrugensem,
1801 1920 1852 1959 qui
1885 1929 1933 1959 pa-

1191 1970 1263 1999 riter
1285 1970 1363 1999 iuxta
1387 1970 1504 1999 modum
1529 1978 1593 1998 cum
1615 1968 1681 1998 aliis
1704 1972 1853 1998 servatum
1876 1969 1931 1998 rite

1192 2019 1342 2049 absolutus
1376 2019 1430 2049 suit
1453 2018 1499 2048 die
1521 2027 1580 2048 xxu
1601 2017 1767 2047 novembris
1789 2026 1930 2047 ntnccxnt.

1192 2067 1416 2103 Quatuordecim
1438 2068 1538 2106 itaque
1560 2066 1693 2096 canonici
1716 2067 1862 2105 praefatae
1884 2075 1931 2095 ca-

1193 2117 1332 2146 thedralis
1355 2116 1588 2154 Osnabrugensis
1611 2115 1752 2145 ecclesiae
1774 2114 1931 2144 absolutio-

1192 2173 1271 2201 nem,
1294 2164 1540 2203 dispensationem
1563 2167 1590 2193 et
1611 2163 1873 2201 reintegrationem
1895 2162 1931 2192 ob

1193 2214 1353 2252 praemissa
1384 2213 1533 2243 humiliter
1562 2212 1709 2251 petierunt
1738 2221 1770 2240 30
1799 2211 1932 2241 obtinue-

1193 2267 1272 2300 runt,
1297 2267 1328 2292 ut
1350 2271 1448 2301 supra,
1472 2261 1714 2301 quemadmodum
1744 2264 1843 2300 aperte
1865 2269 1933 2290 0011-

1192 2315 1248 2339 stat
1270 2319 1307 2339 ex
1339 2310 1516 2340 authenticis
1549 2308 1750 2339 instrumentis
1778 2309 1811 2338 ea
1844 2308 1878 2338 de
1901 2317 1932 2338 re

1192 2359 1343 2395 consectis,
1367 2368 1440 2398 quae
1464 2358 1600 2388 adiuncta
1623 2361 1651 2388 et
1673 2367 1784 2387 annexa
1808 2356 1931 2395 singulis

1192 2406 1334 2446 exemplis
1371 2406 1470 2446 praelo
1506 2406 1591 2436 editis
1625 2406 1762 2436 antedicti
1785 2405 1884 2435 Brevis
1916 2414 1933 2435 a

1193 2458 1353 2484 memorato
1375 2455 1493 2484 domino
1510 2454 1617 2485 nuncio
1633 2455 1792 2494 apostolico
1810 2455 1844 2485 ad
1860 2454 1932 2485 San-

1193 2505 1321 2535 ctitatem
1344 2505 1432 2534 Suam
1457 2505 1627 2534 [ransmissa
1651 2505 1742 2535 suere.
1773 2505 1811 2535 Ea
1834 2509 1933 2535 tamen

1193 2555 1241 2584 hic
1261 2554 1392 2584 inserere
1414 2563 1663 2593 supervacaneum
1680 2554 1775 2584 visum
1791 2558 1845 2591 est,
1865 2561 1933 2584 cum

1231 2609 1240 2633 1
1264 2606 1333 2634 Edit.
1354 2606 1437 2634 Main.
1458 2606 1523 2643 legit
1543 2607 1771 2642 7·e1'nle9ratione
1789 2608 1829 2642 (11.
1846 2606 1897 2641 1.).
1928 2630 1933 2633 ,

1938 212 1991 240 An.
2007 211 2036 241 C.
2055 212 2125 242 1716
