2269 3203
941 214 1039 238 mom
1065 213 1170 237 nssnt'ii
1726 200 1788 237 987

292 271 400 306 Officia
423 271 622 305 Sanctorum.
642 289 685 294 —
708 268 782 302 l'z'de
807 268 936 300 §anctos
961 266 1018 300 sub
1044 266 1176 311 proprio
1202 274 1360 310 quemque
1384 265 1521 299 nomine.

292 325 400 359 Officia
424 324 586 365 vocabilia,
611 323 682 357 vide
708 322 789 355 Loca
813 320 980 354 montium.

292 378 448 413 Ordinarii
474 379 686 411 locoru1n.—
705 374 877 409 Ordinariis
902 374 1046 408 locorum
1073 374 1104 406 in
1130 373 1239 407 insulis
1264 373 1452 417 Philippinis
1483 377 1665 416 competere
1690 373 1738 405 ius
1762 372 1834 406 visi-

381 431 466 464 tandi
490 431 688 476 parochiales
711 428 858 462 ecclesias
879 426 1068 468 declaratur,
1086 426 1150 460 225
1175 439 1193 461 α
1219 432 1248 461 et
1273 427 1312 467 b,
1337 426 1511 460 Ordinariis
1536 426 1652 468 Italiae,
1674 430 1707 458 ut
1727 425 1837 458 saltem

381 485 430 518 bis
471 485 502 518 in
535 494 617 518 anno
650 483 768 528 populo
800 481 1017 515 commendari
1055 486 1165 514 curent
1200 480 1403 514 necessitates
1433 479 1629 523 captivorum
1660 478 1838 518 mandatur,

383 538 442 571 ⁶241
473 550 490 571 a
516 543 546 571 et
571 538 613 577 b,
639 537 712 570 item
739 535 912 569 Ordinariis
937 535 1176 580 quamplurium
1202 535 1386 575 nationum,
1420 538 1453 567 ut
1479 531 1697 567 commendari
1729 536 1840 565 curent

384 592 509 636 populis
534 590 755 624 christifideles
781 589 931 633 captivos,
958 589 1019 623 577
1047 601 1063 622 a
1089 594 1118 622 et.
1142 589 1168 620 Ι».

297 645 432 679 Ordines
456 645 630 688 regulares,
646 664 689 669 —
709 644 784 676 l'ide
807 643 954 677 Canonici
975 643 1146 686 regulares,
1165 642 1300 684 Fratres⁷
1323 640 1490 676 Monaclios
1511 645 1537 674 et
1558 640 1705 686 proprios
1729 650 1838 674 eorum

383 699 500 733 titulos.

294 752 426 786 Ordines
449 752 540 786 sacri.
554 771 596 775 —-
614 751 746 786 Ordines
760 761 869 785 omnes
888 756 975 784 extra
993 755 1145 793 tempora,
1165 755 1190 782 et
1214 759 1276 783 non
1293 748 1424 782 servatis
1443 747 1631 788 interstitiis,
1648 747 1838 792 suscipiendi

384 805 516 839 facultas
541 805 690 839 fratribus
715 803 974 848 Congregationis
1001 803 1167 836 Charitatis
1185 803 1213 835 S.
1233 802 1384 846 llippoliti
1410 802 1440 834 in
1467 801 1562 834 lndiis
1587 800 1841 835 Occidentalibus

384 858 579 898 conceditur,
607 858 648 892 37
667 870 684 891 α
710 863 740 891 et
766 858 792 890 b.

295 911 422 945 Ordinis
447 912 593 945 militaris
618 910 863 945 Constantiniani
890 910 1018 950 erectio,
1044 911 1114 943 ride
1139 909 1245 943 Militia
1271 911 1406 943 Aureata
1432 908 1699 944 Constantiniana.

295 965 402 1000 Oratio
418 966 633 1010 Quadraginta
659 967 826 1000 Horarum.
847 985 890 990 —-
906 965 948 998 De
973 965 1131 1009 praefatae
1157 963 1309 997 orationis
1330 962 1554 996 distributione
1577 962 1658 996 inter
1675 961 1839 995 ecclesiam

384 1019 627 1063 patriarchalem
661 1024 689 1052 et
727 1019 1000 1062 metropolitanam
1039 1018 1176 1061 aliasque
1214 1016 1474 1061 l'lyssiponenses
1511 1016 1674 1050 decretum
1706 1015 1841 1059 delegati

385 1072 550 1116 apostolici
576 1072 793 1113 confirmatur,
819 1072 882 1106 766
909 1083 928 1105 (ι
954 1077 984 1104 et
1008 1082 1067 1115 seq.

295 1125 548 1169 Osnabrugensis
573 1126 751 1170 episcopus.
770 1145 811 1150 —
837 1126 870 1158 ln
895 1126 1014 1159 dictum
1040 1125 1224 1169 episcopum
1250 1124 1426 1168 principem
1446 1124 1612 1157 Ernestum
1630 1123 1840 1157 acatholicum

384 1179 556 1224 capitulum
582 1185 612 1213 et
647 1179 789 1213 canonici
822 1179 1039 1223 postularunt,
1073 1189 1152 1223 quae
1187 1185 1289 1211 tamen
1321 1178 1492 1222 postulatio
1531 1178 1618 1211 nulla
1651 1177 1841 1217 declaratur,

385 1232 448 1265 745
473 1233 489 1265 b
515 1238 543 1267 et
567 1243 643 1276 serp:
672 1233 741 1266 ride
766 1233 905 1266 Nuncius
930 1232 1133 1275 apostolicus.

1066 1421 1087 1454 P

299 1555 487 1590 pacificatio.
513 1575 554 1580 —
571 1555 801 1589 Pacificationis
819 1554 982 1588 cuiusdam
1001 1557 1151 1588 tractatus
1178 1554 1259 1586 inter
1280 1551 1426 1585 abbatem
1445 1552 1475 1586 S.
1500 1551 1579 1585 Galli
1600 1551 1723 1595 Ordinis
1744 1551 1841 1585 sancti

386 1609 545 1643 Benedicti
571 1609 686 1641 nullius
713 1608 866 1641 dioecesis
892 1607 1076 1651 provinciae
1100 1606 1303 1649 Moguntinae
1321 1610 1351 1640 et
1375 1606 1578 1649 magistratus
1603 1606 1792 1639 Bernensem
1812 1610 1843 1638 et

360 1701 367 1707 ⁴
386 1662 628 1705 Tigurinensem
659 1662 831 1694 catholicae
856 1660 929 1693 fidei
956 1667 982 1693 et
1011 1660 1168 1694 Ecclesiae
1194 1660 1316 1693 iuribus
1353 1659 1465 1693 noxius
1500 1660 1605 1693 nullus
1640 1659 1841 1699 declaratur,

393 1714 458 1749 813
482 1715 499 1747 b
523 1721 553 1748 et
577 1726 638 1760 seq.

296 1769 468 1803 Paetiones.
488 1788 531 1793 —-
551 1769 715 1801 Pactiones
735 1778 751 1800 a
773 1767 910 1812 capitulo
931 1767 1082 1800 ecclesiae
1100 1767 1302 1800 llildesiensis
1325 1777 1396 1800 cum
1418 1767 1593 1801 acatholico
1614 1767 1761 1811 principe
1778 1766 1840 1799 ini-

387 1828 445 1863 tae,
463 1822 620 1865 religioni,
639 1821 799 1862 ecclesiae,
819 1821 942 1864 ipsique
961 1820 1096 1864 capitulo
1116 1820 1369 1864 praeiudicialcS,
1385 1820 1490 1853 nullae
1508 1820 1719 1861 declarantur,
1733 1817 1797 1852 408
1814 1819 1841 1852 b.

299 1875 430 1909 Parmae
454 1875 594 1908 ducatus.
613 1895 655 1899 —
679 1875 754 1907 l'e'de
778 1874 964 1908 Concordia.

302 1929 468 1963 Parochus.
487 1948 529 1953 —
546 1930 569 1962 Α
594 1929 733 1972 parocho
759 1928 787 1961 S.
813 1928 955 1961 Andreae
981 1927 1017 1960 <le
1036 1928 1156 1961 Fractis
1174 1927 1342 1970 collegium
1364 1927 1402 1961 dc
1421 1927 1624 1971 Propaganda
1645 1927 1719 1960 Fide
1743 1937 1843 1960 exem-

389 1987 476 2026 ptum
503 1982 702 2023 declaratur,
728 1981 790 2014 :3335
817 1994 835 2014 a
863 1987 889 2014 ct
917 1981 951 2019 (13
988 1981 1135 2024 parochis
1161 1981 1294 2013 civitatis
1320 1980 1499 2014 Parmensis
1524 1981 1651 2014 decreta
1688 1980 1841 2024 quaedam

389 2034 648 2078 Congregationis
673 2034 895 2078 episcoporum
923 2040 952 2067 et
977 2035 1170 2078 regularium
1203 2045 1298 2078 super
1323 2036 1435 2078 quarta
1468 2035 1602 2068 sunerali
1636 2040 1666 2067 et
1698 2035 1843 2077 ingressu

388 2089 601 2132 parochorum
629 2099 700 2121 cum
738 2088 817 2120 stola
853 2092 881 2122 et
918 2099 1010 2121 cruce
1044 2089 1073 2120 in
1110 2088 1258 2121 ecclesias
1289 2088 1503 2131 regularium,
1529 2087 1728 2122 confirmarit
1753 2089 1844 2122 Inno-

390 2141 510 2174 centius
535 2141 625 2181 Xlil,
648 2141 711 2173 927
737 2153 755 2175 α
778 2145 809 2174 et
832 2141 864 2180 Ιι;
889 2141 961 2174 vide
985 2142 1157 2175 Associatio
1182 2142 1383 2175 cadaverum.

301 2194 483 2227 Patriarcha
504 2200 533 2226 et
555 2194 797 2228 Patriarchatus.
820 2213 860 2218 —
878 2194 1114 2228 Pati-iarchatus
1139 2195 1391 2239 L'lyssiponensis
1417 2195 1549 2238 erigitur
1574 2195 1611 2228 ad
1637 2196 1734 2229 instar
1760 2195 1841 2228 illins

390 2247 608 2288 venetiarum,
636 2246 699 2280 7:34
724 2259 741 2280 a
770 2253 798 2279 et
822 2258 901 2291 s⁷q.;
930 2248 997 2279 ride
1021 2248 1316 2292 Archicpiscopatus
1341 2254 1370 2282 et
1395 2249 1535 2282 Ecclesia
1561 2249 1736 2292 collegiata.

302 2299 396 2333 Paula
421 2299 478 2344 (S.)
496 2319 537 2325 —-
556 2300 584 2333 S.
613 2300 723 2332 Paulae
749 2300 885 2333 officium
913 2300 969 2332 snb
994 2300 1057 2333 ritu
1092 2302 1247 2334 secundae
1283 2302 1389 2335 classis
1413 2314 1471 2346 pro
1498 2308 1562 2336 toto
1586 2303 1701 2337 Ordine
1733 2313 1841 2336 mona-

392 2353 525 2386 chorum
550 2353 578 2387 S.
606 2353 789 2397 Hieronymi
816 2364 906 2396 posse
932 2354 1056 2387 recitari
1082 2354 1219 2387 decrevit
1244 2356 1452 2398 Congregatio
1478 2357 1615 2398 Rittium,
1641 2357 1770 2400 eiusque
1788 2356 1842 2388 de-

392 2412 513 2440 cretum
542 2407 768 2449 confirmatur,
801 2406 843 2439 ⁴12
868 2406 900 2446 b,
927 2407 992 2440 cius
1019 2407 1069 2440 die
1096 2408 1172 2441 sesto
1204 2408 1399 2451 indulgentia
1428 2410 1567 2453 plenaria
1602 2414 1752 2453 perpetua
1782 2420 1841 2453 pro

391 2459 531 2493 ecclesiis
555 2460 782 2494 monachorum
802 2460 927 2494 Ordinis
949 2460 977 2493 S.
995 2461 1179 2505 Hieronymi
1202 2461 1464 2505 Congregationis
1481 2462 1699 2504 Lombardiae,
1718 2462 1775 2496 951
1806 2473 1838 2495 a.

305 2513 534 2558 Peloponnensi
560 2513 630 2547 felix
655 2519 686 2547 et
709 2514 876 2548 celerrima
901 2514 1091 2557 expugnatio
1116 2526 1134 2548 a
1158 2515 1331 2549 Turcarum
1358 2521 1489 2559 tyranno
1513 2516 1610 2556 sacta,
1638 2515 1702 2549 7524
1725 2515 1751 2548 b.

305 2566 474 2600 Pensiones
499 2567 729 2601 transmittendi
754 2568 932 2601 facultatem
960 2567 1137 2601 vetantibus
1162 2568 1343 2612 signaturae
1368 2569 1504 2603 iustitiae
1522 2569 1676 2602 concessit
1697 2568 1840 2601 Clemens

393 2619 448 2659 XI,
474 2619 511 2652 ¹-21
540 2631 558 2652 cz
585 2625 613 2652 et
638 2631 717 2663 seq.;
744 2621 835 2654 etiam
857 2625 924 2664 post
953 2619 1169 2653 dimissionem
1197 2621 1305 2661 officit,
1331 2621 1372 2654 38
1398 2621 1412 2653 b
1439 2627 1467 2654 et
1492 2632 1551 2665 seq.
