<?xml version="1.0" encoding="UTF-8"?>
<!DOCTYPE html PUBLIC "-//W3C//DTD XHTML 1.0 Transitional//EN"
    "http://www.w3.org/TR/xhtml1/DTD/xhtml1-transitional.dtd">
<html xmlns="http://www.w3.org/1999/xhtml" xml:lang="en" lang="en">
 <head>
  <title>
</title>
<meta http-equiv="Content-Type" content="text/html;charset=utf-8" />
  <meta name='ocr-system' content='tesseract 3.04.00' />
  <meta name='ocr-capabilities' content='ocr_page ocr_carea ocr_par ocr_line ocrx_word'/>
</head>
<body>
  <div class='ocr_page' id='page_1' title='image "./bullarumdiplomat21cath_0756.png"; bbox 0 0 2269 3203; ppageno 0'>
   <div class='ocr_carea' id='block_1_1' title="bbox 263 189 559 224">
    <p class='ocr_par' dir='ltr' id='par_1_1' title="bbox 263 189 559 224">
     <span class='ocr_line' id='line_1_1' title="bbox 263 189 559 224; baseline -0.003 -2"><span class='ocrx_word' id='word_1_1' title='bbox 263 195 301 222; x_wconf 73' lang='lat' dir='ltr'>An</span> <span class='ocrx_word' id='word_1_2' title='bbox 334 195 449 224; x_wconf 72' lang='grc'><strong>(3.1115</strong></span> <span class='ocrx_word' id='word_1_3' title='bbox 495 189 559 222; x_wconf 70' lang='lat'>0502</span> 
     </span>
    </p>
   </div>
   <div class='ocr_carea' id='block_1_2' title="bbox 254 1359 440 1433">
    <p class='ocr_par' dir='ltr' id='par_1_2' title="bbox 254 1359 440 1433">
     <span class='ocr_line' id='line_1_2' title="bbox 276 1359 440 1381; baseline 0 -1"><span class='ocrx_word' id='word_1_4' title='bbox 276 1359 386 1381; x_wconf 70' lang='lat' dir='ltr'>infirmitas</span> <span class='ocrx_word' id='word_1_5' title='bbox 395 1360 440 1380; x_wconf 81' lang='lat' dir='ltr'>sun-</span> 
     </span>
     <span class='ocr_line' id='line_1_3' title="bbox 254 1387 440 1412; baseline -0.005 -5"><span class='ocrx_word' id='word_1_6' title='bbox 254 1387 346 1407; x_wconf 66' lang='lat' dir='ltr'>damnati</span> <span class='ocrx_word' id='word_1_7' title='bbox 379 1393 440 1412; x_wconf 66' lang='lat' dir='ltr'>prac-</span> 
     </span>
     <span class='ocr_line' id='line_1_4' title="bbox 254 1413 438 1433; baseline 0.005 -1"><span class='ocrx_word' id='word_1_8' title='bbox 254 1416 327 1432; x_wconf 66' lang='lat' dir='ltr'>tensau</span> <span class='ocrx_word' id='word_1_9' title='bbox 356 1413 438 1433; x_wconf 65' lang='lat' dir='ltr'>Monar-</span> 
     </span>
    </p>
   </div>
   <div class='ocr_carea' id='block_1_3' title="bbox 254 1439 424 1462">
    <p class='ocr_par' dir='ltr' id='par_1_3' title="bbox 254 1439 424 1462">
     <span class='ocr_line' id='line_1_5' title="bbox 254 1439 424 1462; baseline -0.006 -2"><span class='ocrx_word' id='word_1_10' title='bbox 254 1439 317 1460; x_wconf 75' lang='lat' dir='ltr'>chiao</span> <span class='ocrx_word' id='word_1_11' title='bbox 332 1440 424 1462; x_wconf 73' lang='lat' dir='ltr'>Siculae.</span> 
     </span>
    </p>
   </div>
   <div class='ocr_carea' id='block_1_4' title="bbox 447 249 1196 2454">
    <p class='ocr_par' dir='ltr' id='par_1_4' title="bbox 449 249 1196 1346">
     <span class='ocr_line' id='line_1_6' title="bbox 457 249 1192 291; baseline 0.003 -11"><span class='ocrx_word' id='word_1_12' title='bbox 457 258 542 281; x_wconf 84' lang='lat' dir='ltr'>inum</span> <span class='ocrx_word' id='word_1_13' title='bbox 568 252 760 282; x_wconf 76' lang='lat' dir='ltr'>assertorem</span> <span class='ocrx_word' id='word_1_14' title='bbox 783 249 815 282; x_wconf 91' lang='lat' dir='ltr'>in</span> <span class='ocrx_word' id='word_1_15' title='bbox 834 249 927 283; x_wconf 84' lang='lat' dir='ltr'>terris</span> <span class='ocrx_word' id='word_1_16' title='bbox 946 250 1124 291; x_wconf 87' lang='lat' dir='ltr'>constituit,</span> <span class='ocrx_word' id='word_1_17' title='bbox 1145 256 1192 291; x_wconf 87' lang='lat' dir='ltr'>ut,</span> 
     </span>
     <span class='ocr_line' id='line_1_7' title="bbox 457 300 1196 345; baseline 0.003 -12"><span class='ocrx_word' id='word_1_18' title='bbox 457 300 542 334; x_wconf 84' lang='lat' dir='ltr'>iuxta</span> <span class='ocrx_word' id='word_1_19' title='bbox 558 301 788 345; x_wconf 78' lang='lat' dir='ltr'>propheticum</span> <span class='ocrx_word' id='word_1_20' title='bbox 803 302 949 342; x_wconf 87' lang='lat' dir='ltr'>verbum,</span> <span class='ocrx_word' id='word_1_21' title='bbox 967 302 1061 335; x_wconf 80' lang='lat' dir='ltr'>noxia</span> <span class='ocrx_word' id='word_1_22' title='bbox 1079 303 1196 335; x_wconf 87' lang='lat' dir='ltr'>evellat</span> 
     </span>
     <span class='ocr_line' id='line_1_8' title="bbox 457 355 1195 399; baseline 0.001 -12"><span class='ocrx_word' id='word_1_23' title='bbox 457 359 488 387; x_wconf 90' lang='lat' dir='ltr'>et</span> <span class='ocrx_word' id='word_1_24' title='bbox 513 355 667 396; x_wconf 74' lang='lat' dir='ltr'>destruat,</span> <span class='ocrx_word' id='word_1_25' title='bbox 694 356 852 399; x_wconf 71' lang='lat' dir='ltr'>utiliaque</span> <span class='ocrx_word' id='word_1_26' title='bbox 878 357 1003 399; x_wconf 88' lang='lat' dir='ltr'>plantet</span> <span class='ocrx_word' id='word_1_27' title='bbox 1028 361 1059 388; x_wconf 86' lang='lat' dir='ltr'>et</span> <span class='ocrx_word' id='word_1_28' title='bbox 1084 355 1195 388; x_wconf 80' lang='lat' dir='ltr'>aediti-</span> 
     </span>
     <span class='ocr_line' id='line_1_9' title="bbox 457 408 1193 451; baseline 0.003 -12"><span class='ocrx_word' id='word_1_29' title='bbox 457 413 516 447; x_wconf 89' lang='lat' dir='ltr'>cet,</span> <span class='ocrx_word' id='word_1_30' title='bbox 534 419 570 441; x_wconf 89' lang='lat' dir='ltr'>ea</span> <span class='ocrx_word' id='word_1_31' title='bbox 588 408 761 448; x_wconf 90' lang='lat' dir='ltr'>interdum,</span> <span class='ocrx_word' id='word_1_32' title='bbox 780 419 861 451; x_wconf 88' lang='lat' dir='ltr'>quae</span> <span class='ocrx_word' id='word_1_33' title='bbox 879 419 943 442; x_wconf 90' lang='lat' dir='ltr'>non</span> <span class='ocrx_word' id='word_1_34' title='bbox 962 409 1066 441; x_wconf 87' lang='lat' dir='ltr'>solum</span> <span class='ocrx_word' id='word_1_35' title='bbox 1087 409 1193 441; x_wconf 89' lang='lat' dir='ltr'>minus</span> 
     </span>
     <span class='ocr_line' id='line_1_10' title="bbox 457 459 1193 503; baseline 0.001 -10"><span class='ocrx_word' id='word_1_36' title='bbox 457 460 609 503; x_wconf 75' lang='lat' dir='ltr'><strong>legitimis</strong></span> <span class='ocrx_word' id='word_1_37' title='bbox 626 460 761 493; x_wconf 84' lang='lat' dir='ltr'>subnixa</span> <span class='ocrx_word' id='word_1_38' title='bbox 780 461 877 493; x_wconf 92' lang='lat' dir='ltr'>titulis</span> <span class='ocrx_word' id='word_1_39' title='bbox 899 461 930 493; x_wconf 89' lang='lat' dir='ltr'>in</span> <span class='ocrx_word' id='word_1_40' title='bbox 955 459 1193 494; x_wconf 52' lang='lat' dir='ltr'>ebclesiasticae</span> 
     </span>
     <span class='ocr_line' id='line_1_11' title="bbox 456 513 1194 557; baseline 0 -11"><span class='ocrx_word' id='word_1_41' title='bbox 456 513 612 546; x_wconf 70' lang='lat' dir='ltr'>libertatis</span> <span class='ocrx_word' id='word_1_42' title='bbox 637 519 733 556; x_wconf 89' lang='lat' dir='ltr'>atque</span> <span class='ocrx_word' id='word_1_43' title='bbox 759 514 956 557; x_wconf 90' lang='lat' dir='ltr'>apostolicae</span> <span class='ocrx_word' id='word_1_44' title='bbox 992 515 1194 547; x_wconf 80' lang='lat' dir='ltr'>auctoritatis</span> 
     </span>
     <span class='ocr_line' id='line_1_12' title="bbox 456 566 1193 610; baseline 0 -11"><span class='ocrx_word' id='word_1_45' title='bbox 456 567 635 609; x_wconf 87' lang='lat' dir='ltr'>perniciem</span> <span class='ocrx_word' id='word_1_46' title='bbox 666 566 793 599; x_wconf 88' lang='lat' dir='ltr'>invecta</span> <span class='ocrx_word' id='word_1_47' title='bbox 829 577 899 599; x_wconf 90' lang='lat' dir='ltr'>esse</span> <span class='ocrx_word' id='word_1_48' title='bbox 933 567 1110 610; x_wconf 78' lang='lat' dir='ltr'>cognoscit,</span> <span class='ocrx_word' id='word_1_49' title='bbox 1136 567 1193 600; x_wconf 86' lang='lat' dir='ltr'>sed</span> 
     </span>
     <span class='ocr_line' id='line_1_13' title="bbox 456 618 1193 662; baseline 0.001 -11"><span class='ocrx_word' id='word_1_50' title='bbox 456 630 536 662; x_wconf 85' lang='lat' dir='ltr'>quae</span> <span class='ocrx_word' id='word_1_51' title='bbox 562 619 657 652; x_wconf 90' lang='lat' dir='ltr'>etiam</span> <span class='ocrx_word' id='word_1_52' title='bbox 689 618 936 652; x_wconf 76' lang='lat' dir='ltr'>rationabilibus</span> <span class='ocrx_word' id='word_1_53' title='bbox 963 630 1000 652; x_wconf 84' lang='lat' dir='ltr'>ex</span> <span class='ocrx_word' id='word_1_54' title='bbox 1026 620 1129 653; x_wconf 86' lang='lat' dir='ltr'>causis</span> <span class='ocrx_word' id='word_1_55' title='bbox 1154 621 1193 652; x_wconf 89' lang='lat' dir='ltr'>ab</span> 
     </span>
     <span class='ocr_line' id='line_1_14' title="bbox 455 671 1192 715; baseline 0.003 -11"><span class='ocrx_word' id='word_1_56' title='bbox 455 672 515 704; x_wconf 88' lang='lat' dir='ltr'>hac</span> <span class='ocrx_word' id='word_1_57' title='bbox 550 671 663 704; x_wconf 73' lang='lat' dir='ltr'>Sancta</span> <span class='ocrx_word' id='word_1_58' title='bbox 699 671 781 705; x_wconf 87' lang='lat' dir='ltr'>Sede</span> <span class='ocrx_word' id='word_1_59' title='bbox 818 672 993 715; x_wconf 86' lang='lat' dir='ltr'>aliquando</span> <span class='ocrx_word' id='word_1_60' title='bbox 1039 683 1192 706; x_wconf 86' lang='lat' dir='ltr'>concessa</span> 
     </span>
     <span class='ocr_line' id='line_1_15' title="bbox 455 724 1194 769; baseline 0.003 -13"><span class='ocrx_word' id='word_1_61' title='bbox 455 724 550 757; x_wconf 81' lang='lat' dir='ltr'>fuisse</span> <span class='ocrx_word' id='word_1_62' title='bbox 577 735 640 758; x_wconf 93' lang='lat' dir='ltr'>non</span> <span class='ocrx_word' id='word_1_63' title='bbox 663 725 796 766; x_wconf 89' lang='lat' dir='ltr'>dubitat,</span> <span class='ocrx_word' id='word_1_64' title='bbox 813 725 870 757; x_wconf 88' lang='lat' dir='ltr'>ubi</span> <span class='ocrx_word' id='word_1_65' title='bbox 888 735 995 757; x_wconf 86' lang='lat' dir='ltr'>rerum</span> <span class='ocrx_word' id='word_1_66' title='bbox 1023 726 1194 769; x_wconf 83' lang='lat' dir='ltr'>experien-</span> 
     </span>
     <span class='ocr_line' id='line_1_16' title="bbox 455 776 1191 821; baseline 0.003 -13"><span class='ocrx_word' id='word_1_67' title='bbox 455 776 496 808; x_wconf 88' lang='lat' dir='ltr'>tia</span> <span class='ocrx_word' id='word_1_68' title='bbox 528 776 571 809; x_wconf 88' lang='lat' dir='ltr'>ita</span> <span class='ocrx_word' id='word_1_69' title='bbox 604 777 758 817; x_wconf 87' lang='lat' dir='ltr'>suadeat,</span> <span class='ocrx_word' id='word_1_70' title='bbox 793 777 1026 821; x_wconf 81' lang='lat' dir='ltr'>gravioresque</span> <span class='ocrx_word' id='word_1_71' title='bbox 1063 788 1191 820; x_wconf 87' lang='lat' dir='ltr'>causae,</span> 
     </span>
     <span class='ocr_line' id='line_1_17' title="bbox 453 829 1190 872; baseline 0.004 -12"><span class='ocrx_word' id='word_1_72' title='bbox 453 829 571 872; x_wconf 88' lang='lat' dir='ltr'>quibus</span> <span class='ocrx_word' id='word_1_73' title='bbox 596 830 786 872; x_wconf 88' lang='lat' dir='ltr'>praesertim</span> <span class='ocrx_word' id='word_1_74' title='bbox 809 830 974 863; x_wconf 77' lang='lat' dir='ltr'>Ecclesiae</span> <span class='ocrx_word' id='word_1_75' title='bbox 999 830 1190 871; x_wconf 88' lang='lat' dir='ltr'>rationibus,</span> 
     </span>
     <span class='ocr_line' id='line_1_18' title="bbox 453 883 1191 926; baseline 0.001 -12"><span class='ocrx_word' id='word_1_76' title='bbox 453 883 633 915; x_wconf 84' lang='lat' dir='ltr'>animarum</span> <span class='ocrx_word' id='word_1_77' title='bbox 652 883 755 923; x_wconf 88' lang='lat' dir='ltr'>saluti,</span> <span class='ocrx_word' id='word_1_78' title='bbox 776 888 932 926; x_wconf 88' lang='lat' dir='ltr'>rectoque</span> <span class='ocrx_word' id='word_1_79' title='bbox 951 893 1058 916; x_wconf 88' lang='lat' dir='ltr'>rerum</span> <span class='ocrx_word' id='word_1_80' title='bbox 1085 884 1191 917; x_wconf 90' lang='lat' dir='ltr'>ordini</span> 
     </span>
     <span class='ocr_line' id='line_1_19' title="bbox 452 934 1193 978; baseline 0.003 -12"><span class='ocrx_word' id='word_1_81' title='bbox 452 940 638 977; x_wconf 82' lang='lat' dir='ltr'>opportune</span> <span class='ocrx_word' id='word_1_82' title='bbox 665 934 853 976; x_wconf 87' lang='lat' dir='ltr'>consulitur,</span> <span class='ocrx_word' id='word_1_83' title='bbox 880 935 942 968; x_wconf 91' lang='lat' dir='ltr'>hoc</span> <span class='ocrx_word' id='word_1_84' title='bbox 966 935 1073 978; x_wconf 89' lang='lat' dir='ltr'>ipsum</span> <span class='ocrx_word' id='word_1_85' title='bbox 1099 946 1193 978; x_wconf 76' lang='lat' dir='ltr'>expo-</span> 
     </span>
     <span class='ocr_line' id='line_1_20' title="bbox 452 987 1190 1030; baseline 0.001 -12"><span class='ocrx_word' id='word_1_86' title='bbox 452 992 552 1026; x_wconf 85' lang='lat' dir='ltr'>scant,</span> <span class='ocrx_word' id='word_1_87' title='bbox 578 987 716 1030; x_wconf 83' lang='lat' dir='ltr'>sapienti</span> <span class='ocrx_word' id='word_1_88' title='bbox 743 987 882 1020; x_wconf 91' lang='lat' dir='ltr'>consilio</span> <span class='ocrx_word' id='word_1_89' title='bbox 909 988 1027 1028; x_wconf 82' lang='lat' dir='ltr'>abolet,</span> <span class='ocrx_word' id='word_1_90' title='bbox 1053 994 1190 1028; x_wconf 86' lang='lat' dir='ltr'>revocat,</span> 
     </span>
     <span class='ocr_line' id='line_1_21' title="bbox 451 1039 1192 1083; baseline 0.003 -12"><span class='ocrx_word' id='word_1_91' title='bbox 451 1039 606 1072; x_wconf 81' lang='lat' dir='ltr'>rescindit</span> <span class='ocrx_word' id='word_1_92' title='bbox 632 1045 664 1072; x_wconf 87' lang='lat' dir='ltr'>et</span> <span class='ocrx_word' id='word_1_93' title='bbox 689 1040 846 1080; x_wconf 86' lang='lat' dir='ltr'>immutat,</span> <span class='ocrx_word' id='word_1_94' title='bbox 874 1050 910 1072; x_wconf 89' lang='lat' dir='ltr'>ac</span> <span class='ocrx_word' id='word_1_95' title='bbox 935 1040 1014 1073; x_wconf 73' lang='lat' dir='ltr'>alias</span> <span class='ocrx_word' id='word_1_96' title='bbox 1052 1041 1192 1083; x_wconf 79' lang='lat' dir='ltr'>desuper</span> 
     </span>
     <span class='ocr_line' id='line_1_22' title="bbox 451 1092 1191 1135; baseline 0.003 -11"><span class='ocrx_word' id='word_1_97' title='bbox 451 1092 624 1134; x_wconf 87' lang='lat' dir='ltr'>pastoralis</span> <span class='ocrx_word' id='word_1_98' title='bbox 657 1092 886 1125; x_wconf 83' lang='lat' dir='ltr'>sollicitudinis</span> <span class='ocrx_word' id='word_1_99' title='bbox 912 1098 944 1126; x_wconf 89' lang='lat' dir='ltr'>et</span> <span class='ocrx_word' id='word_1_100' title='bbox 968 1093 1191 1135; x_wconf 87' lang='lat' dir='ltr'>providentiae</span> 
     </span>
     <span class='ocr_line' id='line_1_23' title="bbox 451 1144 1190 1188; baseline 0.003 -13"><span class='ocrx_word' id='word_1_101' title='bbox 451 1154 526 1176; x_wconf 86' lang='lat' dir='ltr'>suae</span> <span class='ocrx_word' id='word_1_102' title='bbox 554 1149 662 1187; x_wconf 84' lang='lat' dir='ltr'>partes</span> <span class='ocrx_word' id='word_1_103' title='bbox 689 1144 890 1188; x_wconf 81' lang='lat' dir='ltr'>interponit,</span> <span class='ocrx_word' id='word_1_104' title='bbox 921 1145 1013 1185; x_wconf 89' lang='lat' dir='ltr'>sieut,</span> <span class='ocrx_word' id='word_1_105' title='bbox 1038 1146 1190 1179; x_wconf 88' lang='lat' dir='ltr'>omnibus</span> 
     </span>
     <span class='ocr_line' id='line_1_24' title="bbox 450 1197 1191 1241; baseline 0.004 -13"><span class='ocrx_word' id='word_1_106' title='bbox 450 1201 593 1229; x_wconf 88' lang='lat' dir='ltr'>maturae</span> <span class='ocrx_word' id='word_1_107' title='bbox 615 1197 886 1230; x_wconf 79' lang='lat' dir='ltr'>considerationis</span> <span class='ocrx_word' id='word_1_108' title='bbox 909 1199 1027 1231; x_wconf 76' lang='lat' dir='ltr'>trutina</span> <span class='ocrx_word' id='word_1_109' title='bbox 1050 1209 1191 1241; x_wconf 86' lang='lat' dir='ltr'>perpen-</span> 
     </span>
     <span class='ocr_line' id='line_1_25' title="bbox 450 1249 1190 1293; baseline 0.001 -11"><span class='ocrx_word' id='word_1_110' title='bbox 450 1249 510 1291; x_wconf 90' lang='lat' dir='ltr'>sis,</span> <span class='ocrx_word' id='word_1_111' title='bbox 535 1249 693 1293; x_wconf 82' lang='lat' dir='ltr'>conspicit</span> <span class='ocrx_word' id='word_1_112' title='bbox 718 1250 750 1282; x_wconf 90' lang='lat' dir='ltr'>in</span> <span class='ocrx_word' id='word_1_113' title='bbox 775 1250 912 1284; x_wconf 88' lang='lat' dir='ltr'>Domino</span> <span class='ocrx_word' id='word_1_114' title='bbox 938 1251 1114 1284; x_wconf 82' lang='lat' dir='ltr'>salubriter</span> <span class='ocrx_word' id='word_1_115' title='bbox 1140 1261 1190 1284; x_wconf 84' lang='lat' dir='ltr'>ex-</span> 
     </span>
     <span class='ocr_line' id='line_1_26' title="bbox 449 1303 576 1346; baseline 0 -10"><span class='ocrx_word' id='word_1_116' title='bbox 449 1303 576 1346; x_wconf 87' lang='lat' dir='ltr'>pedire.</span> 
     </span>
    </p>

    <p class='ocr_par' dir='ltr' id='par_1_5' title="bbox 447 1355 1191 2454">
     <span class='ocr_line' id='line_1_27' title="bbox 495 1355 1189 1398; baseline 0.003 -10"><span class='ocrx_word' id='word_1_117' title='bbox 495 1356 510 1398; x_wconf 76' lang='lat'>§</span> <span class='ocrx_word' id='word_1_118' title='bbox 535 1356 565 1389; x_wconf 79' lang='lat'>1.</span> <span class='ocrx_word' id='word_1_119' title='bbox 593 1355 699 1396; x_wconf 87' lang='lat' dir='ltr'>Sane,</span> <span class='ocrx_word' id='word_1_120' title='bbox 727 1367 799 1389; x_wconf 90' lang='lat' dir='ltr'>cum</span> <span class='ocrx_word' id='word_1_121' title='bbox 815 1383 823 1397; x_wconf 92' lang='lat'>,</span> <span class='ocrx_word' id='word_1_122' title='bbox 851 1357 960 1390; x_wconf 76' lang='lat' dir='ltr'>divina</span> <span class='ocrx_word' id='word_1_123' title='bbox 984 1357 1189 1390; x_wconf 78' lang='lat' dir='ltr'>ord&#39;matione</span> 
     </span>
     <span class='ocr_line' id='line_1_28' title="bbox 450 1409 1188 1452; baseline 0.001 -11"><span class='ocrx_word' id='word_1_124' title='bbox 450 1418 686 1452; x_wconf 84' lang='lat' dir='ltr'>sacrorumque</span> <span class='ocrx_word' id='word_1_125' title='bbox 722 1420 884 1443; x_wconf 87' lang='lat' dir='ltr'>canonum</span> <span class='ocrx_word' id='word_1_126' title='bbox 922 1409 1188 1450; x_wconf 83' lang='lat' dir='ltr'>definitionibus,</span> 
     </span>
     <span class='ocr_line' id='line_1_29' title="bbox 450 1462 1191 1506; baseline 0.001 -12"><span class='ocrx_word' id='word_1_127' title='bbox 450 1462 688 1494; x_wconf 82' lang='lat' dir='ltr'>ecclesiasticae</span> <span class='ocrx_word' id='word_1_128' title='bbox 703 1473 739 1494; x_wconf 88' lang='lat' dir='ltr'>ac</span> <span class='ocrx_word' id='word_1_129' title='bbox 757 1462 930 1495; x_wconf 86' lang='lat' dir='ltr'>saecularis</span> <span class='ocrx_word' id='word_1_130' title='bbox 945 1462 1115 1506; x_wconf 84' lang='lat' dir='ltr'>potestatis</span> <span class='ocrx_word' id='word_1_131' title='bbox 1130 1462 1191 1495; x_wconf 91' lang='lat' dir='ltr'>dis-</span> 
     </span>
     <span class='ocr_line' id='line_1_30' title="bbox 450 1514 1189 1558; baseline 0.001 -12"><span class='ocrx_word' id='word_1_132' title='bbox 450 1519 537 1546; x_wconf 84' lang='lat' dir='ltr'>creta</span> <span class='ocrx_word' id='word_1_133' title='bbox 563 1514 627 1546; x_wconf 88' lang='lat' dir='ltr'>sint</span> <span class='ocrx_word' id='word_1_134' title='bbox 651 1524 796 1555; x_wconf 89' lang='lat' dir='ltr'>munera,</span> <span class='ocrx_word' id='word_1_135' title='bbox 823 1525 920 1548; x_wconf 90' lang='lat' dir='ltr'>nemo</span> <span class='ocrx_word' id='word_1_136' title='bbox 939 1525 1038 1558; x_wconf 81' lang='lat' dir='ltr'>prope</span> <span class='ocrx_word' id='word_1_137' title='bbox 1065 1521 1112 1548; x_wconf 91' lang='lat' dir='ltr'>est</span> <span class='ocrx_word' id='word_1_138' title='bbox 1136 1515 1189 1558; x_wconf 89' lang='lat' dir='ltr'>qui</span> 
     </span>
     <span class='ocr_line' id='line_1_31' title="bbox 450 1566 1188 1609; baseline 0.001 -10"><span class='ocrx_word' id='word_1_139' title='bbox 450 1567 589 1609; x_wconf 80' lang='lat' dir='ltr'>ignoret,</span> <span class='ocrx_word' id='word_1_140' title='bbox 618 1566 828 1609; x_wconf 74' lang='lat' dir='ltr'>gravissimos</span> <span class='ocrx_word' id='word_1_141' title='bbox 853 1567 957 1607; x_wconf 85' lang='lat' dir='ltr'>viros,</span> <span class='ocrx_word' id='word_1_142' title='bbox 983 1567 1101 1600; x_wconf 76' lang='lat' dir='ltr'>eximia</span> <span class='ocrx_word' id='word_1_143' title='bbox 1125 1578 1188 1601; x_wconf 92' lang='lat' dir='ltr'>non</span> 
     </span>
     <span class='ocr_line' id='line_1_32' title="bbox 448 1619 1189 1663; baseline 0.001 -12"><span class='ocrx_word' id='word_1_144' title='bbox 448 1619 557 1651; x_wconf 87' lang='lat' dir='ltr'>minus</span> <span class='ocrx_word' id='word_1_145' title='bbox 595 1620 717 1663; x_wconf 85' lang='lat' dir='ltr'>pietate</span> <span class='ocrx_word' id='word_1_146' title='bbox 754 1620 972 1663; x_wconf 88' lang='lat' dir='ltr'>conspicuos,</span> <span class='ocrx_word' id='word_1_147' title='bbox 999 1630 1093 1663; x_wconf 85' lang='lat' dir='ltr'>quam</span> <span class='ocrx_word' id='word_1_148' title='bbox 1120 1621 1189 1653; x_wconf 87' lang='lat' dir='ltr'>zelo</span> 
     </span>
     <span class='ocr_line' id='line_1_33' title="bbox 449 1672 1190 1715; baseline 0.001 -11"><span class='ocrx_word' id='word_1_149' title='bbox 449 1672 656 1715; x_wconf 77' lang='lat' dir='ltr'>incorruptae</span> <span class='ocrx_word' id='word_1_150' title='bbox 675 1672 869 1715; x_wconf 85' lang='lat' dir='ltr'>disciplinae</span> <span class='ocrx_word' id='word_1_151' title='bbox 887 1673 1046 1713; x_wconf 87' lang='lat' dir='ltr'>celebres,</span> <span class='ocrx_word' id='word_1_152' title='bbox 1068 1683 1190 1706; x_wconf 87' lang='lat' dir='ltr'>sacrac-</span> 
     </span>
     <span class='ocr_line' id='line_1_34' title="bbox 450 1725 1187 1769; baseline 0 -12"><span class='ocrx_word' id='word_1_153' title='bbox 450 1735 511 1768; x_wconf 84' lang='lat' dir='ltr'>que</span> <span class='ocrx_word' id='word_1_154' title='bbox 536 1725 737 1768; x_wconf 78' lang='lat' dir='ltr'>antiquitatis</span> <span class='ocrx_word' id='word_1_155' title='bbox 770 1726 955 1769; x_wconf 76' lang='lat' dir='ltr'>cognitione</span> <span class='ocrx_word' id='word_1_156' title='bbox 989 1727 1187 1769; x_wconf 85' lang='lat' dir='ltr'>praeclaros,</span> 
     </span>
     <span class='ocr_line' id='line_1_35' title="bbox 450 1778 1187 1822; baseline 0 -12"><span class='ocrx_word' id='word_1_157' title='bbox 450 1788 585 1820; x_wconf 87' lang='lat' dir='ltr'>magnas</span> <span class='ocrx_word' id='word_1_158' title='bbox 610 1778 784 1821; x_wconf 87' lang='lat' dir='ltr'>protulisse</span> <span class='ocrx_word' id='word_1_159' title='bbox 810 1780 959 1822; x_wconf 86' lang='lat' dir='ltr'>querelas</span> <span class='ocrx_word' id='word_1_160' title='bbox 978 1779 1017 1811; x_wconf 91' lang='lat' dir='ltr'>de</span> <span class='ocrx_word' id='word_1_161' title='bbox 1036 1789 1074 1811; x_wconf 89' lang='lat' dir='ltr'>eo</span> <span class='ocrx_word' id='word_1_162' title='bbox 1096 1778 1187 1821; x_wconf 79' lang='lat' dir='ltr'>regni</span> 
     </span>
     <span class='ocr_line' id='line_1_36' title="bbox 449 1830 1189 1874; baseline 0.001 -12"><span class='ocrx_word' id='word_1_163' title='bbox 449 1830 580 1863; x_wconf 81' lang='lat' dir='ltr'>Siciliae</span> <span class='ocrx_word' id='word_1_164' title='bbox 601 1831 766 1871; x_wconf 87' lang='lat' dir='ltr'>tribunali,</span> <span class='ocrx_word' id='word_1_165' title='bbox 787 1831 871 1874; x_wconf 89' lang='lat' dir='ltr'>quod</span> <span class='ocrx_word' id='word_1_166' title='bbox 891 1831 1112 1864; x_wconf 85' lang='lat' dir='ltr'>monarchiam</span> <span class='ocrx_word' id='word_1_167' title='bbox 1134 1842 1189 1874; x_wconf 90' lang='lat' dir='ltr'>ap-</span> 
     </span>
     <span class='ocr_line' id='line_1_37' title="bbox 448 1883 1188 1927; baseline 0 -12"><span class='ocrx_word' id='word_1_168' title='bbox 448 1884 582 1926; x_wconf 86' lang='lat' dir='ltr'>pellant,</span> <span class='ocrx_word' id='word_1_169' title='bbox 620 1883 650 1916; x_wconf 91' lang='lat' dir='ltr'>S.</span> <span class='ocrx_word' id='word_1_170' title='bbox 671 1883 706 1915; x_wconf 79' lang='lat' dir='ltr'>R.</span> <span class='ocrx_word' id='word_1_171' title='bbox 724 1883 757 1916; x_wconf 90' lang='lat' dir='ltr'>E.</span> <span class='ocrx_word' id='word_1_172' title='bbox 776 1883 928 1927; x_wconf 87' lang='lat' dir='ltr'>primatui</span> <span class='ocrx_word' id='word_1_173' title='bbox 966 1884 1104 1927; x_wconf 75' lang='lat' dir='ltr'>ipsamet</span> <span class='ocrx_word' id='word_1_174' title='bbox 1139 1884 1188 1916; x_wconf 89' lang='lat' dir='ltr'>sui</span> 
     </span>
     <span class='ocr_line' id='line_1_38' title="bbox 448 1936 1187 1979; baseline 0.001 -11"><span class='ocrx_word' id='word_1_175' title='bbox 448 1936 590 1969; x_wconf 85' lang='lat' dir='ltr'>nominis</span> <span class='ocrx_word' id='word_1_176' title='bbox 610 1936 752 1970; x_wconf 86' lang='lat' dir='ltr'>novitate</span> <span class='ocrx_word' id='word_1_177' title='bbox 769 1937 941 1979; x_wconf 87' lang='lat' dir='ltr'>plurimum</span> <span class='ocrx_word' id='word_1_178' title='bbox 960 1937 1135 1977; x_wconf 69' lang='lat' dir='ltr'>iniurioso,</span> <span class='ocrx_word' id='word_1_179' title='bbox 1155 1937 1187 1969; x_wconf 90' lang='lat' dir='ltr'>in</span> 
     </span>
     <span class='ocr_line' id='line_1_39' title="bbox 450 1989 1187 2033; baseline 0.004 -14"><span class='ocrx_word' id='word_1_180' title='bbox 450 1999 513 2031; x_wconf 85' lang='lat' dir='ltr'>quo</span> <span class='ocrx_word' id='word_1_181' title='bbox 539 1989 673 2029; x_wconf 88' lang='lat' dir='ltr'>scilicet,</span> <span class='ocrx_word' id='word_1_182' title='bbox 698 2000 763 2022; x_wconf 92' lang='lat' dir='ltr'>non</span> <span class='ocrx_word' id='word_1_183' title='bbox 790 1990 860 2022; x_wconf 90' lang='lat' dir='ltr'>sine</span> <span class='ocrx_word' id='word_1_184' title='bbox 885 1991 997 2033; x_wconf 72' lang='lat' dir='ltr'>aperta</span> <span class='ocrx_word' id='word_1_185' title='bbox 1024 2000 1187 2023; x_wconf 87' lang='lat' dir='ltr'>sacrarum</span> 
     </span>
     <span class='ocr_line' id='line_1_40' title="bbox 449 2042 1187 2086; baseline 0.003 -12"><span class='ocrx_word' id='word_1_186' title='bbox 449 2043 558 2085; x_wconf 83' lang='lat' dir='ltr'>legum</span> <span class='ocrx_word' id='word_1_187' title='bbox 583 2042 769 2082; x_wconf 88' lang='lat' dir='ltr'>violatione,</span> <span class='ocrx_word' id='word_1_188' title='bbox 797 2042 977 2086; x_wconf 83' lang='lat' dir='ltr'>spiritualia</span> <span class='ocrx_word' id='word_1_189' title='bbox 1007 2043 1078 2075; x_wconf 87' lang='lat' dir='ltr'>iura</span> <span class='ocrx_word' id='word_1_190' title='bbox 1114 2053 1187 2076; x_wconf 85' lang='lat' dir='ltr'>san-</span> 
     </span>
     <span class='ocr_line' id='line_1_41' title="bbox 449 2095 1188 2139; baseline 0.001 -12"><span class='ocrx_word' id='word_1_191' title='bbox 449 2095 564 2127; x_wconf 88' lang='lat' dir='ltr'>ctuarii</span> <span class='ocrx_word' id='word_1_192' title='bbox 595 2105 653 2138; x_wconf 88' lang='lat' dir='ltr'>per</span> <span class='ocrx_word' id='word_1_193' title='bbox 685 2096 887 2128; x_wconf 88' lang='lat' dir='ltr'>saecularem</span> <span class='ocrx_word' id='word_1_194' title='bbox 912 2101 1106 2139; x_wconf 86' lang='lat' dir='ltr'>potestatem</span> <span class='ocrx_word' id='word_1_195' title='bbox 1133 2096 1188 2129; x_wconf 90' lang='lat' dir='ltr'>ad-</span> 
     </span>
     <span class='ocr_line' id='line_1_42' title="bbox 448 2147 1188 2191; baseline 0.003 -12"><span class='ocrx_word' id='word_1_196' title='bbox 448 2147 623 2180; x_wconf 88' lang='lat' dir='ltr'>ministrari</span> <span class='ocrx_word' id='word_1_197' title='bbox 643 2153 810 2189; x_wconf 83' lang='lat' dir='ltr'>noverant,</span> <span class='ocrx_word' id='word_1_198' title='bbox 830 2154 1087 2191; x_wconf 81' lang='lat' dir='ltr'>praetensaeque</span> <span class='ocrx_word' id='word_1_199' title='bbox 1106 2159 1188 2191; x_wconf 88' lang='lat' dir='ltr'>pon-</span> 
     </span>
     <span class='ocr_line' id='line_1_43' title="bbox 449 2199 1188 2245; baseline 0.003 -13"><span class='ocrx_word' id='word_1_200' title='bbox 449 2199 567 2233; x_wconf 75' lang='lat' dir='ltr'>tificiae</span> <span class='ocrx_word' id='word_1_201' title='bbox 585 2201 757 2243; x_wconf 81' lang='lat' dir='ltr'>legationis</span> <span class='ocrx_word' id='word_1_202' title='bbox 777 2201 870 2234; x_wconf 90' lang='lat' dir='ltr'>titulo</span> <span class='ocrx_word' id='word_1_203' title='bbox 888 2201 1095 2234; x_wconf 86' lang='lat' dir='ltr'>acerbissima</span> <span class='ocrx_word' id='word_1_204' title='bbox 1107 2202 1188 2245; x_wconf 82' lang='lat' dir='ltr'>Apo-</span> 
     </span>
     <span class='ocr_line' id='line_1_44' title="bbox 447 2253 1185 2297; baseline 0.001 -12"><span class='ocrx_word' id='word_1_205' title='bbox 447 2253 581 2286; x_wconf 79' lang='lat' dir='ltr'>stolicac</span> <span class='ocrx_word' id='word_1_206' title='bbox 602 2253 693 2286; x_wconf 87' lang='lat' dir='ltr'>Sedis</span> <span class='ocrx_word' id='word_1_207' title='bbox 720 2255 901 2287; x_wconf 87' lang='lat' dir='ltr'>auctoritati</span> <span class='ocrx_word' id='word_1_208' title='bbox 927 2255 1060 2287; x_wconf 83' lang='lat' dir='ltr'>vulnera</span> <span class='ocrx_word' id='word_1_209' title='bbox 1084 2254 1185 2297; x_wconf 77' lang='lat' dir='ltr'>infligi</span> 
     </span>
     <span class='ocr_line' id='line_1_45' title="bbox 449 2305 1187 2349; baseline 0 -11"><span class='ocrx_word' id='word_1_210' title='bbox 449 2305 674 2348; x_wconf 84' lang='lat' dir='ltr'>deplorabant.</span> <span class='ocrx_word' id='word_1_211' title='bbox 702 2306 740 2339; x_wconf 85' lang='lat' dir='ltr'>Ut</span> <span class='ocrx_word' id='word_1_212' title='bbox 769 2308 864 2339; x_wconf 89' lang='lat' dir='ltr'>talem</span> <span class='ocrx_word' id='word_1_213' title='bbox 895 2307 1031 2349; x_wconf 83' lang='lat' dir='ltr'>proinde</span> <span class='ocrx_word' id='word_1_214' title='bbox 1058 2317 1094 2339; x_wconf 89' lang='lat' dir='ltr'>ac</span> <span class='ocrx_word' id='word_1_215' title='bbox 1119 2312 1187 2339; x_wconf 89' lang='lat' dir='ltr'>tan-</span> 
     </span>
     <span class='ocr_line' id='line_1_46' title="bbox 447 2359 1186 2402; baseline 0 -12"><span class='ocrx_word' id='word_1_216' title='bbox 447 2364 511 2391; x_wconf 88' lang='lat' dir='ltr'>tam</span> <span class='ocrx_word' id='word_1_217' title='bbox 538 2359 776 2392; x_wconf 85' lang='lat' dir='ltr'>ecclesiasticae</span> <span class='ocrx_word' id='word_1_218' title='bbox 802 2359 1033 2392; x_wconf 83' lang='lat' dir='ltr'>iurisdictionis</span> <span class='ocrx_word' id='word_1_219' title='bbox 1059 2364 1186 2402; x_wconf 87' lang='lat' dir='ltr'>pertur-</span> 
     </span>
     <span class='ocr_line' id='line_1_47' title="bbox 447 2410 1185 2454; baseline 0 -12"><span class='ocrx_word' id='word_1_220' title='bbox 447 2410 622 2451; x_wconf 85' lang='lat' dir='ltr'>bationem,</span> <span class='ocrx_word' id='word_1_221' title='bbox 650 2417 805 2454; x_wconf 89' lang='lat' dir='ltr'>quantum</span> <span class='ocrx_word' id='word_1_222' title='bbox 832 2412 864 2443; x_wconf 90' lang='lat' dir='ltr'>in</span> <span class='ocrx_word' id='word_1_223' title='bbox 890 2411 967 2454; x_wconf 89' lang='lat' dir='ltr'>ipsis</span> <span class='ocrx_word' id='word_1_224' title='bbox 986 2416 1063 2451; x_wconf 88' lang='lat' dir='ltr'>crat,</span> <span class='ocrx_word' id='word_1_225' title='bbox 1084 2411 1185 2443; x_wconf 89' lang='lat' dir='ltr'>sundi-</span> 
     </span>
    </p>
   </div>
   <div class='ocr_carea' id='block_1_5' title="bbox 446 2489 1185 2608">
    <p class='ocr_par' dir='ltr' id='par_1_6' title="bbox 446 2489 1185 2608">
     <span class='ocr_line' id='line_1_48' title="bbox 447 2489 1185 2525; baseline 0 -8"><span class='ocrx_word' id='word_1_226' title='bbox 447 2494 518 2517; x_wconf 83' lang='lat' dir='ltr'>ctum</span> <span class='ocrx_word' id='word_1_227' title='bbox 540 2490 756 2525; x_wconf 82' lang='lat' dir='ltr'>congregationis</span> <span class='ocrx_word' id='word_1_228' title='bbox 775 2490 891 2517; x_wconf 76' lang='lat' dir='ltr'>Iunctae</span> <span class='ocrx_word' id='word_1_229' title='bbox 915 2490 942 2516; x_wconf 91' lang='lat' dir='ltr'>in</span> <span class='ocrx_word' id='word_1_230' title='bbox 968 2497 1051 2524; x_wconf 85' lang='lat' dir='ltr'>regno</span> <span class='ocrx_word' id='word_1_231' title='bbox 1078 2489 1185 2517; x_wconf 79' lang='lat' dir='ltr'>Siciliae</span> 
     </span>
     <span class='ocr_line' id='line_1_49' title="bbox 447 2533 1184 2570; baseline -0.001 -9"><span class='ocrx_word' id='word_1_232' title='bbox 447 2538 541 2561; x_wconf 86' lang='lat' dir='ltr'>contra</span> <span class='ocrx_word' id='word_1_233' title='bbox 560 2534 693 2569; x_wconf 83' lang='lat' dir='ltr'>rescripta</span> <span class='ocrx_word' id='word_1_234' title='bbox 712 2533 868 2569; x_wconf 81' lang='lat' dir='ltr'>apostolica,</span> <span class='ocrx_word' id='word_1_235' title='bbox 897 2537 923 2561; x_wconf 84' lang='lat' dir='ltr'>et</span> <span class='ocrx_word' id='word_1_236' title='bbox 943 2538 1030 2560; x_wconf 86' lang='lat' dir='ltr'>const.</span> <span class='ocrx_word' id='word_1_237' title='bbox 1051 2542 1107 2570; x_wconf 87' lang='lat' dir='ltr'>seq.</span> <span class='ocrx_word' id='word_1_238' title='bbox 1130 2538 1184 2561; x_wconf 88' lang='lat' dir='ltr'>tra-</span> 
     </span>
     <span class='ocr_line' id='line_1_50' title="bbox 446 2577 1137 2608; baseline -0.001 -3"><span class='ocrx_word' id='word_1_239' title='bbox 446 2579 519 2608; x_wconf 82' lang='lat' dir='ltr'>ditur</span> <span class='ocrx_word' id='word_1_240' title='bbox 538 2578 635 2606; x_wconf 86' lang='lat' dir='ltr'>modus</span> <span class='ocrx_word' id='word_1_241' title='bbox 655 2577 802 2606; x_wconf 82' lang='lat' dir='ltr'>servandus</span> <span class='ocrx_word' id='word_1_242' title='bbox 821 2578 847 2604; x_wconf 88' lang='lat' dir='ltr'>in</span> <span class='ocrx_word' id='word_1_243' title='bbox 866 2578 924 2606; x_wconf 76' lang='lat' dir='ltr'>soro</span> <span class='ocrx_word' id='word_1_244' title='bbox 944 2577 1137 2606; x_wconf 79' lang='lat' dir='ltr'>ecclesiastico.</span> 
     </span>
    </p>
   </div>
   <div class='ocr_carea' id='block_1_6' title="bbox 1205 263 1219 2423">
    <p class='ocr_par' dir='ltr' id='par_1_7' title="bbox 1205 263 1219 2423">
     <span class='ocr_line' id='line_1_51' title="bbox 1205 263 1219 2423; baseline 0 0"><span class='ocrx_word' id='word_1_245' title='bbox 1205 263 1219 2423; x_wconf 95' lang='lat' dir='ltr'> </span> 
     </span>
    </p>
   </div>
   <div class='ocr_carea' id='block_1_7' title="bbox 1043 201 1404 226">
    <p class='ocr_par' dir='ltr' id='par_1_8' title="bbox 1043 201 1404 226">
     <span class='ocr_line' id='line_1_52' title="bbox 1043 201 1404 226; baseline 0.003 -1"><span class='ocrx_word' id='word_1_246' title='bbox 1043 201 1223 226; x_wconf 58' lang='lat' dir='ltr'>numanum</span> <span class='ocrx_word' id='word_1_247' title='bbox 1248 201 1404 226; x_wconf 69' lang='lat' dir='ltr'>ROMANUM</span> 
     </span>
    </p>
   </div>
   <div class='ocr_carea' id='block_1_8' title="bbox 1227 251 2001 2607">
    <p class='ocr_par' dir='ltr' id='par_1_9' title="bbox 1227 251 2001 2607">
     <span class='ocr_line' id='line_1_53' title="bbox 1239 251 1975 292; baseline 0.007 -10"><span class='ocrx_word' id='word_1_248' title='bbox 1239 255 1289 283; x_wconf 86' lang='lat' dir='ltr'>tus</span> <span class='ocrx_word' id='word_1_249' title='bbox 1315 255 1506 292; x_wconf 86' lang='lat' dir='ltr'>everterent,</span> <span class='ocrx_word' id='word_1_250' title='bbox 1531 251 1704 286; x_wconf 87' lang='lat' dir='ltr'>luculentis</span> <span class='ocrx_word' id='word_1_251' title='bbox 1730 252 1975 287; x_wconf 87' lang='lat' dir='ltr'>commentariis</span> 
     </span>
     <span class='ocr_line' id='line_1_54' title="bbox 1238 303 1975 348; baseline 0.004 -12"><span class='ocrx_word' id='word_1_252' title='bbox 1238 303 1342 346; x_wconf 88' lang='lat' dir='ltr'>primo</span> <span class='ocrx_word' id='word_1_253' title='bbox 1358 304 1489 347; x_wconf 89' lang='lat' dir='ltr'>quidem</span> <span class='ocrx_word' id='word_1_254' title='bbox 1504 305 1636 348; x_wconf 89' lang='lat' dir='ltr'>planum</span> <span class='ocrx_word' id='word_1_255' title='bbox 1652 305 1759 340; x_wconf 85' lang='lat' dir='ltr'>facere</span> <span class='ocrx_word' id='word_1_256' title='bbox 1773 306 1975 348; x_wconf 85' lang='lat' dir='ltr'>studuerunt,</span> 
     </span>
     <span class='ocr_line' id='line_1_55' title="bbox 1239 357 1977 402; baseline 0.005 -14"><span class='ocrx_word' id='word_1_257' title='bbox 1239 358 1304 390; x_wconf 87' lang='lat' dir='ltr'>non</span> <span class='ocrx_word' id='word_1_258' title='bbox 1329 357 1475 390; x_wconf 87' lang='lat' dir='ltr'>obscuris</span> <span class='ocrx_word' id='word_1_259' title='bbox 1500 357 1628 391; x_wconf 87' lang='lat' dir='ltr'>indiciis</span> <span class='ocrx_word' id='word_1_260' title='bbox 1654 359 1857 401; x_wconf 86' lang='lat' dir='ltr'>deprehendi</span> <span class='ocrx_word' id='word_1_261' title='bbox 1883 359 1977 402; x_wconf 90' lang='lat' dir='ltr'>privi-</span> 
     </span>
     <span class='ocr_line' id='line_1_56' title="bbox 1238 408 1975 453; baseline 0.004 -12"><span class='ocrx_word' id='word_1_262' title='bbox 1238 408 1358 451; x_wconf 81' lang='lat' dir='ltr'>legium</span> <span class='ocrx_word' id='word_1_263' title='bbox 1392 410 1496 450; x_wconf 86' lang='lat' dir='ltr'>illud,</span> <span class='ocrx_word' id='word_1_264' title='bbox 1529 421 1594 453; x_wconf 89' lang='lat' dir='ltr'>quo</span> <span class='ocrx_word' id='word_1_265' title='bbox 1619 411 1800 444; x_wconf 82' lang='lat' dir='ltr'>saeculares</span> <span class='ocrx_word' id='word_1_266' title='bbox 1835 411 1975 444; x_wconf 86' lang='lat' dir='ltr'>ministri</span> 
     </span>
     <span class='ocr_line' id='line_1_57' title="bbox 1238 461 1975 497; baseline 0.005 -4"><span class='ocrx_word' id='word_1_267' title='bbox 1238 462 1463 494; x_wconf 79' lang='lat' dir='ltr'>monarchiam</span> <span class='ocrx_word' id='word_1_268' title='bbox 1477 461 1615 495; x_wconf 85' lang='lat' dir='ltr'>Siculam</span> <span class='ocrx_word' id='word_1_269' title='bbox 1632 461 1793 495; x_wconf 75' lang='lat' dir='ltr'>suffultam</span> <span class='ocrx_word' id='word_1_270' title='bbox 1813 473 1884 496; x_wconf 87' lang='lat' dir='ltr'>esse</span> <span class='ocrx_word' id='word_1_271' title='bbox 1901 474 1975 497; x_wconf 91' lang='lat' dir='ltr'>con-</span> 
     </span>
     <span class='ocr_line' id='line_1_58' title="bbox 1239 516 1976 559; baseline 0.003 -12"><span class='ocrx_word' id='word_1_272' title='bbox 1239 516 1388 555; x_wconf 87' lang='lat' dir='ltr'>tendunt,</span> <span class='ocrx_word' id='word_1_273' title='bbox 1414 516 1567 559; x_wconf 88' lang='lat' dir='ltr'>quodque</span> <span class='ocrx_word' id='word_1_274' title='bbox 1592 516 1714 548; x_wconf 87' lang='lat' dir='ltr'>dudum</span> <span class='ocrx_word' id='word_1_275' title='bbox 1739 516 1881 559; x_wconf 84' lang='lat' dir='ltr'>Rogerio</span> <span class='ocrx_word' id='word_1_276' title='bbox 1898 517 1976 550; x_wconf 90' lang='lat' dir='ltr'>Sici-</span> 
     </span>
     <span class='ocr_line' id='line_1_59' title="bbox 1238 567 2001 610; baseline 0.005 -10"><span class='ocrx_word' id='word_1_277' title='bbox 1238 567 1300 600; x_wconf 88' lang='lat' dir='ltr'>liae</span> <span class='ocrx_word' id='word_1_278' title='bbox 1318 569 1426 601; x_wconf 85' lang='lat' dir='ltr'>comiti</span> <span class='ocrx_word' id='word_1_279' title='bbox 1445 580 1461 602; x_wconf 86' lang='lat' dir='ltr'>a</span> <span class='ocrx_word' id='word_1_280' title='bbox 1475 569 1577 602; x_wconf 82' lang='lat' dir='ltr'>felicis</span> <span class='ocrx_word' id='word_1_281' title='bbox 1596 570 1832 603; x_wconf 87' lang='lat' dir='ltr'>recordationis</span> <span class='ocrx_word' id='word_1_282' title='bbox 1846 570 1974 604; x_wconf 86' lang='lat' dir='ltr'>Urbano</span> <span class='ocrx_word' id='word_1_283' title='bbox 1995 609 2001 610; x_wconf 21' lang='lat'><em>⁷</em></span> 
     </span>
     <span class='ocr_line' id='line_1_60' title="bbox 1238 620 1973 664; baseline 0.004 -11"><span class='ocrx_word' id='word_1_284' title='bbox 1238 620 1323 664; x_wconf 89' lang='lat' dir='ltr'>Papa</span> <span class='ocrx_word' id='word_1_285' title='bbox 1340 621 1364 653; x_wconf 91' lang='grc' dir='ltr'>ΙΙ</span> <span class='ocrx_word' id='word_1_286' title='bbox 1388 621 1639 664; x_wconf 86' lang='lat' dir='ltr'>praedecessore</span> <span class='ocrx_word' id='word_1_287' title='bbox 1656 628 1767 655; x_wconf 75' lang='lat' dir='ltr'>nostro</span> <span class='ocrx_word' id='word_1_288' title='bbox 1785 632 1973 656; x_wconf 85' lang='lat' dir='ltr'>concessum</span> 
     </span>
     <span class='ocr_line' id='line_1_61' title="bbox 1238 672 1974 712; baseline 0.005 -8"><span class='ocrx_word' id='word_1_289' title='bbox 1238 672 1354 712; x_wconf 85' lang='lat' dir='ltr'>serunt,</span> <span class='ocrx_word' id='word_1_290' title='bbox 1381 674 1430 706; x_wconf 91' lang='lat' dir='ltr'>vel</span> <span class='ocrx_word' id='word_1_291' title='bbox 1456 674 1589 707; x_wconf 92' lang='lat' dir='ltr'>omnino</span> <span class='ocrx_word' id='word_1_292' title='bbox 1615 674 1722 707; x_wconf 80' lang='lat' dir='ltr'>lictum</span> <span class='ocrx_word' id='word_1_293' title='bbox 1748 685 1785 708; x_wconf 84' lang='lat' dir='ltr'>ac</span> <span class='ocrx_word' id='word_1_294' title='bbox 1808 685 1974 709; x_wconf 89' lang='lat' dir='ltr'>commen-</span> 
     </span>
     <span class='ocr_line' id='line_1_62' title="bbox 1239 725 1973 770; baseline 0.005 -13"><span class='ocrx_word' id='word_1_295' title='bbox 1239 725 1342 758; x_wconf 89' lang='lat' dir='ltr'>titium</span> <span class='ocrx_word' id='word_1_296' title='bbox 1367 735 1448 765; x_wconf 86' lang='lat' dir='ltr'>esse,</span> <span class='ocrx_word' id='word_1_297' title='bbox 1467 727 1515 759; x_wconf 89' lang='lat' dir='ltr'>vel</span> <span class='ocrx_word' id='word_1_298' title='bbox 1541 727 1652 760; x_wconf 83' lang='lat' dir='ltr'>saitem</span> <span class='ocrx_word' id='word_1_299' title='bbox 1679 727 1814 770; x_wconf 83' lang='lat' dir='ltr'>insignis</span> <span class='ocrx_word' id='word_1_300' title='bbox 1839 727 1973 761; x_wconf 86' lang='lat' dir='ltr'>alicuius</span> 
     </span>
     <span class='ocr_line' id='line_1_63' title="bbox 1236 778 1974 823; baseline 0.004 -13"><span class='ocrx_word' id='word_1_301' title='bbox 1236 778 1427 811; x_wconf 86' lang='lat' dir='ltr'>veteratoris</span> <span class='ocrx_word' id='word_1_302' title='bbox 1450 779 1560 812; x_wconf 79' lang='lat' dir='ltr'>fraude</span> <span class='ocrx_word' id='word_1_303' title='bbox 1586 785 1774 822; x_wconf 89' lang='lat' dir='ltr'>corruptum</span> <span class='ocrx_word' id='word_1_304' title='bbox 1801 790 1835 812; x_wconf 91' lang='lat' dir='ltr'>ae</span> <span class='ocrx_word' id='word_1_305' title='bbox 1861 780 1974 823; x_wconf 85' lang='lat' dir='ltr'>depra-</span> 
     </span>
     <span class='ocr_line' id='line_1_64' title="bbox 1237 831 1974 873; baseline 0.003 -10"><span class='ocrx_word' id='word_1_306' title='bbox 1237 836 1357 864; x_wconf 85' lang='lat' dir='ltr'>vatum.</span> <span class='ocrx_word' id='word_1_307' title='bbox 1385 831 1513 864; x_wconf 89' lang='lat' dir='ltr'>Nullum</span> <span class='ocrx_word' id='word_1_308' title='bbox 1540 832 1658 866; x_wconf 90' lang='lat' dir='ltr'>deinde</span> <span class='ocrx_word' id='word_1_309' title='bbox 1684 832 1716 865; x_wconf 79' lang='lat' dir='ltr'>in</span> <span class='ocrx_word' id='word_1_310' title='bbox 1742 843 1789 873; x_wconf 87' lang='lat' dir='ltr'>co,</span> <span class='ocrx_word' id='word_1_311' title='bbox 1821 833 1896 866; x_wconf 87' lang='lat' dir='ltr'>licet</span> <span class='ocrx_word' id='word_1_312' title='bbox 1919 843 1974 865; x_wconf 91' lang='lat' dir='ltr'>ve-</span> 
     </span>
     <span class='ocr_line' id='line_1_65' title="bbox 1236 884 1973 928; baseline 0.001 -12"><span class='ocrx_word' id='word_1_313' title='bbox 1236 894 1306 916; x_wconf 91' lang='lat' dir='ltr'>rum</span> <span class='ocrx_word' id='word_1_314' title='bbox 1328 889 1414 917; x_wconf 89' lang='lat' dir='ltr'>esset</span> <span class='ocrx_word' id='word_1_315' title='bbox 1440 895 1475 916; x_wconf 87' lang='lat' dir='ltr'>ac</span> <span class='ocrx_word' id='word_1_316' title='bbox 1495 884 1628 917; x_wconf 87' lang='lat' dir='ltr'>minime</span> <span class='ocrx_word' id='word_1_317' title='bbox 1653 885 1807 927; x_wconf 86' lang='lat' dir='ltr'>vitiatum,</span> <span class='ocrx_word' id='word_1_318' title='bbox 1829 885 1973 928; x_wconf 84' lang='lat' dir='ltr'>supradi-</span> 
     </span>
     <span class='ocr_line' id='line_1_66' title="bbox 1237 936 1973 981; baseline 0.003 -12"><span class='ocrx_word' id='word_1_319' title='bbox 1237 942 1306 970; x_wconf 86' lang='lat' dir='ltr'>ctae</span> <span class='ocrx_word' id='word_1_320' title='bbox 1331 936 1540 970; x_wconf 85' lang='lat' dir='ltr'>monarchiae</span> <span class='ocrx_word' id='word_1_321' title='bbox 1565 936 1734 980; x_wconf 79' lang='lat' dir='ltr'>vestigium</span> <span class='ocrx_word' id='word_1_322' title='bbox 1751 938 1896 981; x_wconf 86' lang='lat' dir='ltr'>reperiri,</span> <span class='ocrx_word' id='word_1_323' title='bbox 1915 938 1973 971; x_wconf 89' lang='lat' dir='ltr'>scd</span> 
     </span>
     <span class='ocr_line' id='line_1_67' title="bbox 1236 989 1972 1032; baseline 0.003 -11"><span class='ocrx_word' id='word_1_324' title='bbox 1236 999 1351 1032; x_wconf 81' lang='lat' dir='ltr'>pravos</span> <span class='ocrx_word' id='word_1_325' title='bbox 1377 989 1485 1032; x_wconf 89' lang='lat' dir='ltr'>potius</span> <span class='ocrx_word' id='word_1_326' title='bbox 1507 990 1680 1032; x_wconf 89' lang='lat' dir='ltr'>plerosque</span> <span class='ocrx_word' id='word_1_327' title='bbox 1699 990 1785 1022; x_wconf 84' lang='lat' dir='ltr'>illius</span> <span class='ocrx_word' id='word_1_328' title='bbox 1805 991 1972 1024; x_wconf 89' lang='lat' dir='ltr'>tribunalis</span> 
     </span>
     <span class='ocr_line' id='line_1_68' title="bbox 1236 1041 1972 1085; baseline 0.004 -12"><span class='ocrx_word' id='word_1_329' title='bbox 1236 1053 1313 1074; x_wconf 90' lang='lat' dir='ltr'>usus</span> <span class='ocrx_word' id='word_1_330' title='bbox 1354 1041 1502 1085; x_wconf 85' lang='lat' dir='ltr'>ipsismet</span> <span class='ocrx_word' id='word_1_331' title='bbox 1540 1041 1627 1074; x_wconf 85' lang='lat' dir='ltr'>allati</span> <span class='ocrx_word' id='word_1_332' title='bbox 1664 1042 1825 1085; x_wconf 78' lang='lat' dir='ltr'>privilegii</span> <span class='ocrx_word' id='word_1_333' title='bbox 1865 1043 1972 1076; x_wconf 81' lang='lat' dir='ltr'>vorbis</span> 
     </span>
     <span class='ocr_line' id='line_1_69' title="bbox 1236 1095 1972 1139; baseline 0.003 -12"><span class='ocrx_word' id='word_1_334' title='bbox 1236 1095 1379 1128; x_wconf 72' lang='lat' dir='ltr'>coerceri</span> <span class='ocrx_word' id='word_1_335' title='bbox 1405 1095 1622 1135; x_wconf 89' lang='lat' dir='ltr'>declararunt,</span> <span class='ocrx_word' id='word_1_336' title='bbox 1647 1106 1720 1128; x_wconf 87' lang='lat' dir='ltr'>curn</span> <span class='ocrx_word' id='word_1_337' title='bbox 1758 1096 1879 1129; x_wconf 86' lang='lat' dir='ltr'>nullam</span> <span class='ocrx_word' id='word_1_338' title='bbox 1912 1106 1972 1139; x_wconf 90' lang='lat' dir='ltr'>per</span> 
     </span>
     <span class='ocr_line' id='line_1_70' title="bbox 1236 1148 1971 1191; baseline 0.003 -12"><span class='ocrx_word' id='word_1_339' title='bbox 1236 1148 1421 1181; x_wconf 83' lang='lat' dir='ltr'>huiusmodi</span> <span class='ocrx_word' id='word_1_340' title='bbox 1457 1148 1662 1190; x_wconf 81' lang='lat' dir='ltr'>privilegium</span> <span class='ocrx_word' id='word_1_341' title='bbox 1696 1148 1800 1181; x_wconf 88' lang='lat' dir='ltr'>eidem</span> <span class='ocrx_word' id='word_1_342' title='bbox 1832 1148 1971 1191; x_wconf 84' lang='lat' dir='ltr'>Rogerio</span> 
     </span>
     <span class='ocr_line' id='line_1_71' title="bbox 1235 1200 1972 1234; baseline -0.001 -1"><span class='ocrx_word' id='word_1_343' title='bbox 1235 1201 1345 1234; x_wconf 84' lang='lat' dir='ltr'>comiti</span> <span class='ocrx_word' id='word_1_344' title='bbox 1379 1201 1589 1234; x_wconf 80' lang='lat' dir='ltr'>ecelesiastici</span> <span class='ocrx_word' id='word_1_345' title='bbox 1615 1200 1693 1233; x_wconf 87' lang='lat' dir='ltr'>iuris</span> <span class='ocrx_word' id='word_1_346' title='bbox 1720 1201 1847 1233; x_wconf 82' lang='lat' dir='ltr'>dicendi</span> <span class='ocrx_word' id='word_1_347' title='bbox 1874 1201 1972 1233; x_wconf 81' lang='lat' dir='ltr'>sacul-</span> 
     </span>
     <span class='ocr_line' id='line_1_72' title="bbox 1236 1252 1971 1292; baseline 0.003 -8"><span class='ocrx_word' id='word_1_348' title='bbox 1236 1258 1331 1286; x_wconf 88' lang='lat' dir='ltr'>tatem</span> <span class='ocrx_word' id='word_1_349' title='bbox 1358 1253 1512 1285; x_wconf 85' lang='lat' dir='ltr'>tributam</span> <span class='ocrx_word' id='word_1_350' title='bbox 1530 1252 1627 1285; x_wconf 81' lang='lat' dir='ltr'>fuisse</span> <span class='ocrx_word' id='word_1_351' title='bbox 1653 1253 1900 1292; x_wconf 85' lang='lat' dir='ltr'>contenderent,</span> <span class='ocrx_word' id='word_1_352' title='bbox 1914 1253 1971 1286; x_wconf 88' lang='lat' dir='ltr'>sed</span> 
     </span>
     <span class='ocr_line' id='line_1_73' title="bbox 1234 1305 1971 1348; baseline 0 -10"><span class='ocrx_word' id='word_1_353' title='bbox 1234 1306 1340 1339; x_wconf 85' lang='lat' dir='ltr'>filialis</span> <span class='ocrx_word' id='word_1_354' title='bbox 1365 1305 1475 1339; x_wconf 74' lang='lat' dir='ltr'>auxilii</span> <span class='ocrx_word' id='word_1_355' title='bbox 1500 1310 1609 1348; x_wconf 89' lang='lat' dir='ltr'>partes</span> <span class='ocrx_word' id='word_1_356' title='bbox 1645 1305 1809 1338; x_wconf 73' lang='lat' dir='ltr'>dumtaxat</span> <span class='ocrx_word' id='word_1_357' title='bbox 1841 1306 1971 1338; x_wconf 89' lang='lat' dir='ltr'>deman-</span> 
     </span>
     <span class='ocr_line' id='line_1_74' title="bbox 1235 1357 1969 1401; baseline 0.001 -11"><span class='ocrx_word' id='word_1_358' title='bbox 1235 1358 1336 1398; x_wconf 86' lang='lat' dir='ltr'>datas‚</span> <span class='ocrx_word' id='word_1_359' title='bbox 1361 1363 1397 1390; x_wconf 92' lang='lat' dir='ltr'>ut</span> <span class='ocrx_word' id='word_1_360' title='bbox 1422 1358 1617 1400; x_wconf 85' lang='lat' dir='ltr'>apostolicas</span> <span class='ocrx_word' id='word_1_361' title='bbox 1653 1357 1876 1391; x_wconf 71' lang='lat' dir='ltr'>ordinationes</span> <span class='ocrx_word' id='word_1_362' title='bbox 1908 1368 1969 1401; x_wconf 90' lang='lat' dir='ltr'>pro</span> 
     </span>
     <span class='ocr_line' id='line_1_75' title="bbox 1235 1410 1970 1454; baseline 0 -11"><span class='ocrx_word' id='word_1_363' title='bbox 1235 1413 1290 1443; x_wconf 76' lang='lat' dir='ltr'>sua</span> <span class='ocrx_word' id='word_1_364' title='bbox 1324 1411 1355 1443; x_wconf 88' lang='lat' dir='ltr'>in</span> <span class='ocrx_word' id='word_1_365' title='bbox 1388 1410 1565 1444; x_wconf 82' lang='lat' dir='ltr'>Ecclesiam</span> <span class='ocrx_word' id='word_1_366' title='bbox 1589 1411 1772 1444; x_wconf 78' lang='lat' dir='ltr'>reverentia</span> <span class='ocrx_word' id='word_1_367' title='bbox 1796 1421 1970 1454; x_wconf 77' lang='lat' dir='ltr'>exequere-</span> 
     </span>
     <span class='ocr_line' id='line_1_76' title="bbox 1234 1464 1971 1507; baseline 0.001 -11"><span class='ocrx_word' id='word_1_368' title='bbox 1234 1470 1297 1497; x_wconf 86' lang='lat' dir='ltr'>tur.</span> <span class='ocrx_word' id='word_1_369' title='bbox 1326 1465 1528 1497; x_wconf 81' lang='lat' dir='ltr'>Addiderunt</span> <span class='ocrx_word' id='word_1_370' title='bbox 1553 1469 1735 1507; x_wconf 84' lang='lat' dir='ltr'>praeterea‚</span> <span class='ocrx_word' id='word_1_371' title='bbox 1763 1464 1889 1497; x_wconf 88' lang='lat' dir='ltr'>tametsi</span> <span class='ocrx_word' id='word_1_372' title='bbox 1915 1464 1971 1497; x_wconf 88' lang='lat' dir='ltr'>de-</span> 
     </span>
     <span class='ocr_line' id='line_1_77' title="bbox 1233 1517 1970 1560; baseline 0.001 -11"><span class='ocrx_word' id='word_1_373' title='bbox 1233 1522 1394 1549; x_wconf 88' lang='lat' dir='ltr'>cantatam</span> <span class='ocrx_word' id='word_1_374' title='bbox 1430 1517 1519 1549; x_wconf 88' lang='lat' dir='ltr'>illam</span> <span class='ocrx_word' id='word_1_375' title='bbox 1560 1517 1757 1560; x_wconf 79' lang='lat' dir='ltr'>apostolicae</span> <span class='ocrx_word' id='word_1_376' title='bbox 1798 1517 1970 1559; x_wconf 79' lang='lat' dir='ltr'>legationis</span> 
     </span>
     <span class='ocr_line' id='line_1_78' title="bbox 1233 1569 1970 1612; baseline 0.003 -11"><span class='ocrx_word' id='word_1_377' title='bbox 1233 1574 1424 1612; x_wconf 82' lang='lat' dir='ltr'>potestatem</span> <span class='ocrx_word' id='word_1_378' title='bbox 1459 1580 1494 1601; x_wconf 90' lang='lat' dir='ltr'>ac</span> <span class='ocrx_word' id='word_1_379' title='bbox 1530 1569 1752 1602; x_wconf 84' lang='lat' dir='ltr'>monarchiam</span> <span class='ocrx_word' id='word_1_380' title='bbox 1789 1575 1970 1603; x_wconf 82' lang='lat' dir='ltr'>memorato</span> 
     </span>
     <span class='ocr_line' id='line_1_79' title="bbox 1232 1621 1970 1664; baseline 0.003 -11"><span class='ocrx_word' id='word_1_381' title='bbox 1232 1621 1371 1664; x_wconf 70' lang='lat' dir='ltr'>Rogerio</span> <span class='ocrx_word' id='word_1_382' title='bbox 1398 1621 1507 1655; x_wconf 85' lang='lat' dir='ltr'>comiti</span> <span class='ocrx_word' id='word_1_383' title='bbox 1533 1627 1630 1664; x_wconf 89' lang='lat' dir='ltr'>atque</span> <span class='ocrx_word' id='word_1_384' title='bbox 1656 1622 1724 1655; x_wconf 85' lang='lat' dir='ltr'>eius</span> <span class='ocrx_word' id='word_1_385' title='bbox 1750 1621 1815 1655; x_wconf 72' lang='lat' dir='ltr'>filio</span> <span class='ocrx_word' id='word_1_386' title='bbox 1835 1622 1970 1663; x_wconf 81' lang='lat' dir='ltr'>Simoni,</span> 
     </span>
     <span class='ocr_line' id='line_1_80' title="bbox 1233 1674 1970 1717; baseline 0 -10"><span class='ocrx_word' id='word_1_387' title='bbox 1233 1675 1299 1707; x_wconf 87' lang='lat' dir='ltr'>sive</span> <span class='ocrx_word' id='word_1_388' title='bbox 1339 1675 1432 1707; x_wconf 86' lang='lat' dir='ltr'>alteri</span> <span class='ocrx_word' id='word_1_389' title='bbox 1458 1674 1511 1717; x_wconf 88' lang='lat' dir='ltr'>qui</span> <span class='ocrx_word' id='word_1_390' title='bbox 1542 1675 1705 1716; x_wconf 76' lang='lat' dir='ltr'>legitimus</span> <span class='ocrx_word' id='word_1_391' title='bbox 1735 1675 1822 1708; x_wconf 90' lang='lat' dir='ltr'>illius</span> <span class='ocrx_word' id='word_1_392' title='bbox 1855 1675 1970 1709; x_wconf 84' lang='lat' dir='ltr'>haeres</span> 
     </span>
     <span class='ocr_line' id='line_1_81' title="bbox 1232 1727 1971 1770; baseline 0.003 -11"><span class='ocrx_word' id='word_1_393' title='bbox 1232 1727 1403 1767; x_wconf 79' lang='lat' dir='ltr'>extitisset,</span> <span class='ocrx_word' id='word_1_394' title='bbox 1440 1727 1527 1760; x_wconf 83' lang='lat' dir='ltr'>idem</span> <span class='ocrx_word' id='word_1_395' title='bbox 1562 1727 1708 1760; x_wconf 88' lang='lat' dir='ltr'>Urbanus</span> <span class='ocrx_word' id='word_1_396' title='bbox 1736 1728 1971 1770; x_wconf 85' lang='lat' dir='ltr'>praedecessor</span> 
     </span>
     <span class='ocr_line' id='line_1_82' title="bbox 1231 1779 1968 1824; baseline 0.003 -12"><span class='ocrx_word' id='word_1_397' title='bbox 1231 1779 1459 1819; x_wconf 84' lang='lat' dir='ltr'>concessisset,</span> <span class='ocrx_word' id='word_1_398' title='bbox 1486 1779 1551 1812; x_wconf 90' lang='lat' dir='ltr'>imo</span> <span class='ocrx_word' id='word_1_399' title='bbox 1577 1779 1671 1812; x_wconf 85' lang='lat' dir='ltr'>etiam</span> <span class='ocrx_word' id='word_1_400' title='bbox 1696 1781 1735 1813; x_wconf 87' lang='lat' dir='ltr'>ad</span> <span class='ocrx_word' id='word_1_401' title='bbox 1763 1781 1844 1814; x_wconf 87' lang='lat' dir='ltr'>alios</span> <span class='ocrx_word' id='word_1_402' title='bbox 1868 1780 1968 1824; x_wconf 88' lang='lat' dir='ltr'>ipsius</span> 
     </span>
     <span class='ocr_line' id='line_1_83' title="bbox 1233 1833 1970 1875; baseline 0.001 -10"><span class='ocrx_word' id='word_1_403' title='bbox 1233 1833 1404 1872; x_wconf 86' lang='lat' dir='ltr'>haeredes,</span> <span class='ocrx_word' id='word_1_404' title='bbox 1431 1833 1516 1875; x_wconf 84' lang='lat' dir='ltr'>quod</span> <span class='ocrx_word' id='word_1_405' title='bbox 1542 1833 1658 1865; x_wconf 89' lang='lat' dir='ltr'>salsum</span> <span class='ocrx_word' id='word_1_406' title='bbox 1684 1833 1817 1867; x_wconf 90' lang='lat' dir='ltr'>omnino</span> <span class='ocrx_word' id='word_1_407' title='bbox 1838 1844 1970 1867; x_wconf 88' lang='lat' dir='ltr'>censue-</span> 
     </span>
     <span class='ocr_line' id='line_1_84' title="bbox 1232 1885 1970 1928; baseline 0.004 -11"><span class='ocrx_word' id='word_1_408' title='bbox 1232 1891 1317 1925; x_wconf 80' lang='lat' dir='ltr'>runt,</span> <span class='ocrx_word' id='word_1_409' title='bbox 1346 1885 1552 1925; x_wconf 82' lang='lat' dir='ltr'>extendisset,</span> <span class='ocrx_word' id='word_1_410' title='bbox 1570 1896 1735 1928; x_wconf 82' lang='lat' dir='ltr'>nunquam</span> <span class='ocrx_word' id='word_1_411' title='bbox 1760 1886 1907 1928; x_wconf 76' lang='lat' dir='ltr'>profecto</span> <span class='ocrx_word' id='word_1_412' title='bbox 1931 1886 1970 1920; x_wconf 88' lang='lat' dir='ltr'>il-</span> 
     </span>
     <span class='ocr_line' id='line_1_85' title="bbox 1231 1938 1968 1982; baseline 0.003 -12"><span class='ocrx_word' id='word_1_413' title='bbox 1231 1939 1294 1971; x_wconf 89' lang='lat' dir='ltr'>lam</span> <span class='ocrx_word' id='word_1_414' title='bbox 1321 1938 1359 1970; x_wconf 87' lang='lat' dir='ltr'>ad</span> <span class='ocrx_word' id='word_1_415' title='bbox 1378 1948 1489 1970; x_wconf 90' lang='lat' dir='ltr'>omnes</span> <span class='ocrx_word' id='word_1_416' title='bbox 1513 1938 1698 1981; x_wconf 90' lang='lat' dir='ltr'>promiscue</span> <span class='ocrx_word' id='word_1_417' title='bbox 1718 1938 1847 1972; x_wconf 85' lang='lat' dir='ltr'>Siciliae</span> <span class='ocrx_word' id='word_1_418' title='bbox 1872 1949 1968 1982; x_wconf 84' lang='lat' dir='ltr'>reges</span> 
     </span>
     <span class='ocr_line' id='line_1_86' title="bbox 1230 1991 1969 2034; baseline 0.001 -11"><span class='ocrx_word' id='word_1_419' title='bbox 1230 1991 1404 2034; x_wconf 83' lang='lat' dir='ltr'>propagari</span> <span class='ocrx_word' id='word_1_420' title='bbox 1430 1991 1584 2033; x_wconf 87' lang='lat' dir='ltr'>potuisse,</span> <span class='ocrx_word' id='word_1_421' title='bbox 1605 1996 1659 2024; x_wconf 91' lang='lat' dir='ltr'>aut</span> <span class='ocrx_word' id='word_1_422' title='bbox 1684 1991 1726 2024; x_wconf 90' lang='lat' dir='ltr'>ita</span> <span class='ocrx_word' id='word_1_423' title='bbox 1751 2001 1823 2025; x_wconf 86' lang='lat' dir='ltr'>cum</span> <span class='ocrx_word' id='word_1_424' title='bbox 1848 1996 1969 2034; x_wconf 86' lang='lat' dir='ltr'>tempo-</span> 
     </span>
     <span class='ocr_line' id='line_1_87' title="bbox 1230 2043 1967 2086; baseline 0.001 -10"><span class='ocrx_word' id='word_1_425' title='bbox 1230 2044 1350 2076; x_wconf 85' lang='lat' dir='ltr'>ralibus</span> <span class='ocrx_word' id='word_1_426' title='bbox 1376 2043 1499 2076; x_wconf 88' lang='lat' dir='ltr'>iuribus</span> <span class='ocrx_word' id='word_1_427' title='bbox 1524 2044 1615 2086; x_wconf 83' lang='lat' dir='ltr'>regni</span> <span class='ocrx_word' id='word_1_428' title='bbox 1642 2044 1838 2084; x_wconf 84' lang='lat' dir='ltr'>coalescere,</span> <span class='ocrx_word' id='word_1_429' title='bbox 1864 2049 1899 2077; x_wconf 90' lang='lat' dir='ltr'>ut</span> <span class='ocrx_word' id='word_1_430' title='bbox 1933 2044 1967 2077; x_wconf 93' lang='lat' dir='ltr'>in</span> 
     </span>
     <span class='ocr_line' id='line_1_88' title="bbox 1231 2096 1968 2140; baseline 0.001 -12"><span class='ocrx_word' id='word_1_431' title='bbox 1231 2096 1404 2139; x_wconf 87' lang='lat' dir='ltr'>quamdam</span> <span class='ocrx_word' id='word_1_432' title='bbox 1425 2096 1521 2129; x_wconf 72' lang='lat' dir='ltr'>veluti</span> <span class='ocrx_word' id='word_1_433' title='bbox 1540 2097 1715 2129; x_wconf 81' lang='lat' dir='ltr'>saecularis</span> <span class='ocrx_word' id='word_1_434' title='bbox 1733 2096 1858 2140; x_wconf 89' lang='lat' dir='ltr'>imperii</span> <span class='ocrx_word' id='word_1_435' title='bbox 1873 2107 1968 2140; x_wconf 86' lang='lat' dir='ltr'>prae-</span> 
     </span>
     <span class='ocr_line' id='line_1_89' title="bbox 1231 2149 1966 2192; baseline 0.001 -11"><span class='ocrx_word' id='word_1_436' title='bbox 1231 2149 1406 2192; x_wconf 81' lang='lat' dir='ltr'>rogativam</span> <span class='ocrx_word' id='word_1_437' title='bbox 1434 2149 1596 2182; x_wconf 89' lang='lat' dir='ltr'>evaderet.</span> <span class='ocrx_word' id='word_1_438' title='bbox 1631 2150 1676 2182; x_wconf 89' lang='lat' dir='ltr'>Ad</span> <span class='ocrx_word' id='word_1_439' title='bbox 1715 2150 1795 2182; x_wconf 88' lang='lat' dir='ltr'>haec</span> <span class='ocrx_word' id='word_1_440' title='bbox 1818 2149 1966 2192; x_wconf 88' lang='lat' dir='ltr'>pluribus</span> 
     </span>
     <span class='ocr_line' id='line_1_90' title="bbox 1230 2202 1967 2244; baseline 0.001 -10"><span class='ocrx_word' id='word_1_441' title='bbox 1230 2202 1434 2235; x_wconf 89' lang='lat' dir='ltr'>documentis</span> <span class='ocrx_word' id='word_1_442' title='bbox 1460 2203 1649 2244; x_wconf 87' lang='lat' dir='ltr'>probarunt,</span> <span class='ocrx_word' id='word_1_443' title='bbox 1672 2202 1829 2244; x_wconf 88' lang='lat' dir='ltr'>praedicti</span> <span class='ocrx_word' id='word_1_444' title='bbox 1847 2202 1967 2235; x_wconf 87' lang='lat' dir='ltr'>Urbani</span> 
     </span>
     <span class='ocr_line' id='line_1_91' title="bbox 1230 2254 1968 2298; baseline 0.001 -12"><span class='ocrx_word' id='word_1_445' title='bbox 1230 2255 1490 2297; x_wconf 84' lang='lat' dir='ltr'>praedecessoris</span> <span class='ocrx_word' id='word_1_446' title='bbox 1517 2254 1734 2297; x_wconf 80' lang='lat' dir='ltr'>privilegium,</span> <span class='ocrx_word' id='word_1_447' title='bbox 1752 2255 1779 2288; x_wconf 87' lang='lat' dir='ltr'>si</span> <span class='ocrx_word' id='word_1_448' title='bbox 1800 2255 1888 2298; x_wconf 90' lang='lat' dir='ltr'>quod</span> <span class='ocrx_word' id='word_1_449' title='bbox 1907 2265 1968 2288; x_wconf 91' lang='lat' dir='ltr'>un-</span> 
     </span>
     <span class='ocr_line' id='line_1_92' title="bbox 1230 2306 1967 2349; baseline 0.004 -11"><span class='ocrx_word' id='word_1_450' title='bbox 1230 2317 1326 2349; x_wconf 87' lang='lat' dir='ltr'>quam</span> <span class='ocrx_word' id='word_1_451' title='bbox 1352 2317 1541 2339; x_wconf 79' lang='lat' dir='ltr'>conccssuin</span> <span class='ocrx_word' id='word_1_452' title='bbox 1567 2307 1690 2347; x_wconf 88' lang='lat' dir='ltr'>suisset,</span> <span class='ocrx_word' id='word_1_453' title='bbox 1711 2306 1806 2339; x_wconf 89' lang='lat' dir='ltr'>etiam</span> <span class='ocrx_word' id='word_1_454' title='bbox 1832 2317 1905 2340; x_wconf 88' lang='lat' dir='ltr'>cum</span> <span class='ocrx_word' id='word_1_455' title='bbox 1929 2309 1967 2341; x_wconf 65' lang='lat' dir='ltr'>ea</span> 
     </span>
     <span class='ocr_line' id='line_1_93' title="bbox 1229 2359 1966 2402; baseline 0.003 -10"><span class='ocrx_word' id='word_1_456' title='bbox 1229 2359 1399 2402; x_wconf 87' lang='lat' dir='ltr'>potestatis</span> <span class='ocrx_word' id='word_1_457' title='bbox 1414 2359 1741 2402; x_wconf 84' lang='lat' dir='ltr'>amplitudine,quam</span> <span class='ocrx_word' id='word_1_458' title='bbox 1756 2360 1966 2394; x_wconf 87' lang='lat' dir='ltr'>monarchiae</span> 
     </span>
     <span class='ocr_line' id='line_1_94' title="bbox 1228 2412 1965 2456; baseline 0.004 -13"><span class='ocrx_word' id='word_1_459' title='bbox 1228 2412 1435 2454; x_wconf 81' lang='lat' dir='ltr'>magistratus</span> <span class='ocrx_word' id='word_1_460' title='bbox 1461 2417 1582 2444; x_wconf 89' lang='lat' dir='ltr'>temere</span> <span class='ocrx_word' id='word_1_461' title='bbox 1608 2412 1816 2455; x_wconf 86' lang='lat' dir='ltr'>arripuerunt</span> <span class='ocrx_word' id='word_1_462' title='bbox 1851 2413 1965 2456; x_wconf 91' lang='lat' dir='ltr'>(quod</span> 
     </span>
     <span class='ocr_line' id='line_1_95' title="bbox 1229 2463 1967 2508; baseline 0.004 -13"><span class='ocrx_word' id='word_1_463' title='bbox 1229 2468 1335 2495; x_wconf 90' lang='lat' dir='ltr'>tamen</span> <span class='ocrx_word' id='word_1_464' title='bbox 1353 2463 1398 2496; x_wconf 92' lang='lat' dir='ltr'>illi</span> <span class='ocrx_word' id='word_1_465' title='bbox 1417 2464 1486 2496; x_wconf 88' lang='lat' dir='ltr'>sine</span> <span class='ocrx_word' id='word_1_466' title='bbox 1505 2464 1592 2506; x_wconf 79' lang='lat' dir='ltr'>gravi</span> <span class='ocrx_word' id='word_1_467' title='bbox 1614 2464 1717 2507; x_wconf 90' lang='lat' dir='ltr'>ipsius</span> <span class='ocrx_word' id='word_1_468' title='bbox 1736 2464 1854 2497; x_wconf 90' lang='lat' dir='ltr'>Urbani</span> <span class='ocrx_word' id='word_1_469' title='bbox 1872 2475 1967 2508; x_wconf 86' lang='lat' dir='ltr'>prae-</span> 
     </span>
     <span class='ocr_line' id='line_1_96' title="bbox 1228 2516 1965 2551; baseline 0.004 -3"><span class='ocrx_word' id='word_1_470' title='bbox 1228 2516 1410 2549; x_wconf 87' lang='lat' dir='ltr'>decessoris</span> <span class='ocrx_word' id='word_1_471' title='bbox 1437 2516 1586 2549; x_wconf 84' lang='lat' dir='ltr'>acerrimi</span> <span class='ocrx_word' id='word_1_472' title='bbox 1604 2518 1896 2551; x_wconf 86' lang='lat' dir='ltr'>ecclesiastieorum</span> <span class='ocrx_word' id='word_1_473' title='bbox 1920 2518 1965 2551; x_wconf 86' lang='lat' dir='ltr'>iu-</span> 
     </span>
     <span class='ocr_line' id='line_1_97' title="bbox 1227 2569 1963 2607; baseline 0.008 -6"><span class='ocrx_word' id='word_1_474' title='bbox 1227 2569 1307 2602; x_wconf 90' lang='lat' dir='ltr'>rium</span> <span class='ocrx_word' id='word_1_475' title='bbox 1332 2579 1368 2603; x_wconf 88' lang='lat' dir='ltr'>ac</span> <span class='ocrx_word' id='word_1_476' title='bbox 1398 2569 1562 2603; x_wconf 83' lang='lat' dir='ltr'>fortissimi</span> <span class='ocrx_word' id='word_1_477' title='bbox 1592 2570 1727 2605; x_wconf 83' lang='lat' dir='ltr'>vindicis</span> <span class='ocrx_word' id='word_1_478' title='bbox 1759 2570 1876 2604; x_wconf 68' lang='lat' dir='ltr'>iniuria</span> <span class='ocrx_word' id='word_1_479' title='bbox 1909 2582 1963 2607; x_wconf 80' lang='lat' dir='ltr'>ne-</span> 
     </span>
    </p>
   </div>
   <div class='ocr_carea' id='block_1_9' title="bbox 1986 180 2173 236">
    <p class='ocr_par' dir='ltr' id='par_1_10' title="bbox 1986 180 2173 236">
     <span class='ocr_line' id='line_1_98' title="bbox 1986 180 2173 236; baseline 0.016 -4"><span class='ocrx_word' id='word_1_480' title='bbox 1986 204 2037 233; x_wconf 75' lang='lat' dir='ltr'>An.</span> <span class='ocrx_word' id='word_1_481' title='bbox 2057 204 2088 235; x_wconf 85' lang='lat' dir='ltr'>G.</span> <span class='ocrx_word' id='word_1_482' title='bbox 2103 180 2173 236; x_wconf 77' lang='grc' dir='ltr'>1“115ι</span> 
     </span>
    </p>
   </div>
   <div class='ocr_carea' id='block_1_10' title="bbox 2230 0 2269 3203">
    <p class='ocr_par' dir='ltr' id='par_1_11' title="bbox 2230 0 2269 3203">
     <span class='ocr_line' id='line_1_99' title="bbox 2230 0 2269 3203; baseline 0 0"><span class='ocrx_word' id='word_1_483' title='bbox 2230 0 2269 3203; x_wconf 95' lang='lat' dir='ltr'> </span> 
     </span>
    </p>
   </div>
  </div>
 </body>
</html>
