2269 3203
115 229 165 256 An.
186 229 216 256 C.
237 228 304 256 1720

116 613 301 660 ...aratam
333 650 338 655 .
378 650 384 655 .
568 649 573 655 ,
779 648 796 654 ,,
981 648 986 653 ,

116 667 262 691 maman—rum
274 664 300 683 aa
313 651 449 683 cialibus
474 649 638 683 favoribus
656 655 687 682 et
704 654 815 692 gratus
833 658 987 692 proseqm
1001 657 1055 680 vo-

115 694 301 741 Jissffiliflfflmffl

147 2103 266 2124 Clausulas.

148 2368 303 2389 Contrariorum

121 2395 239 2421 derogatio.

939 227 1080 251 CLEstENS

309 287 436 310 merum
454 276 681 319 magistrorum
697 275 883 309 huiusmodi
903 275 942 308 ad
961 275 1054 319 quin-

312 331 468 374 quaginta
497 341 515 363 a
539 330 633 364 nobis
662 329 772 374 augeri
798 329 973 373 plurimum
1000 329 1054 362 de-

311 385 467 418 siderant.
485 383 584 418 Nobis
601 389 778 428 propterea
796 382 965 416 humiliter
983 393 1054 426 sup-

311 437 426 481 plicari
447 437 595 471 fecerunt
618 437 702 470 utin
723 436 912 481 praemissis
931 446 1053 479 oppor-

313 496 388 523 tune
413 491 587 534 providere
613 496 643 523 et
667 496 701 523 ut
726 489 807 522 infra
825 488 995 532 indulgere
1015 489 1054 522 de

311 543 513 586 benignitate
538 543 718 587 apostolica
739 542 962 585 dignaremur.

357 597 371 639 ξ
396 596 427 629 9..
444 596 508 630 Nos
533 596 640 639 igitur,
659 596 747 640 ipsos
765 600 966 639 exponentes
982 604 1055 638 spe-

312 704 429 743 lentes,
457 708 489 736 et
514 713 625 735 eorum
651 702 836 745 singulares
860 711 1020 745 personas
1037 711 1054 733 a

312 755 478 799 quibusvis
497 754 853 794 excommunicationis,
870 753 1054 797 suspensio-

312 809 362 842 nis
395 815 427 842 et
463 809 646 849 interdicti,
673 808 785 841 aliisve
822 806 1054 841 ecclesiasticis

311 863 483 897 sententiis
509 862 657 896 censuris
681 867 711 895 et
735 860 863 906 poenis,
881 872 898 894 a
916 860 984 894 iure
1004 861 1053 893 vel

311 916 350 949 ab
376 915 524 957 homine,
545 915 656 959 quavis
682 914 854 948 occasione
880 914 930 947 vel
957 916 1055 947 causa

311 969 396 1011 latis,
421 969 447 1002 si
474 969 593 1013 quibus
610 968 863 1012 quomodolibet
878 967 1054 1000 innodatae

312 1023 464 1063 existunt,
488 1022 526 1055 ad
542 1022 691 1056 effectum
716 1021 941 1066 praesentium
963 1020 1055 1054 dum-

313 1081 399 1109 taxat
422 1076 710 1119 consequendum‚
738 1076 854 1108 harum
883 1074 968 1107 serie
1001 1073 1052 1106 ab·

311 1129 476 1162 solventes
507 1135 539 1161 et
573 1129 737 1162 absolutas
775 1128 844 1160 sore
868 1131 1053 1165 censentes,

312 1182 499 1215 huiusmodi
519 1181 816 1225 supplicationibus
837 1180 996 1220 inclinati,
1015 1181 1053 1212 de

314 1235 549 1269 venerabilium
568 1236 702 1268 fratrum
718 1240 905 1267 nostrorum
919 1234 948 1266 S.
964 1233 1001 1265 R.
1017 1233 1052 1266 E.

312 1288 525 1321 cardinalium
543 1288 683 1330 negotiis
709 1293 741 1320 et
758 1287 1054 1320 consultationibus

312 1341 541 1384 episcoporum
567 1348 598 1374 et
623 1341 831 1383 regularium,
852 1341 905 1383 qui
927 1341 1055 1373 relatio-

312 1405 388 1427 nem
414 1395 604 1428 dilectorum
630 1395 752 1438 pariter
778 1394 917 1427 tiliorum
931 1393 1054 1426 moder—

312 1458 429 1481 norum
453 1448 564 1481 vicarii
591 1448 753 1491 generalis
779 1453 810 1481 et
834 1448 1054 1491 procuratoris

314 1503 477 1546 generalis
504 1503 579 1536 dicti
599 1503 729 1536 Ordinis
746 1513 845 1546 super
865 1501 1055 1545 praemissis

314 1557 437 1590 eisdem
463 1558 683 1591 cardinalibus
707 1558 822 1591 saetam
848 1557 997 1591 viderunt
1026 1562 1057 1590 et

314 1611 385 1644 iura
410 1611 548 1644 deducta
564 1612 823 1655 perpenderunt,
848 1611 997 1652 consilio,
1024 1621 1057 1644 o-

313 1663 474 1696 ctodecim
505 1665 734 1706 magistrorum
770 1664 957 1707 praedictae
983 1675 1057 1708 pro-

313 1716 439 1749 vinciae
465 1727 638 1750 nnmerum
672 1728 732 1760 pro
757 1728 844 1750 nunc
877 1718 915 1750 ad
942 1718 1056 1760 viginti

313 1776 464 1813 quatuor,
493 1770 684 1804 auctoritate
717 1771 910 1814 apostolica,
942 1777 1056 1804 tenore

312 1823 551 1866 praesentium,
577 1824 790 1863 extendimus,
810 1831 842 1858 et
866 1824 899 1857 in
924 1824 1058 1868 reliquis

312 1881 419 1910 votum
445 1878 543 1910 futuri
576 1878 707 1922 capituli
741 1878 902 1921 generalis
934 1879 1057 1921 exquiri

312 1931 520 1971 mandamus3
536 1932 621 1964 salva
641 1937 747 1964 tamen
767 1942 896 1975 semper
916 1931 948 1964 in
965 1943 1058 1976 prae—

313 1985 419 2018 missis
433 1985 625 2018 auctoritate
639 1984 912 2028 Congrcgationis
933 1997 1059 2020 eorum-

315 2037 387 2071 dem
415 2037 643 2071 cardinalium.

359 2092 373 2136 ξ,
398 2091 430 2126 3.
456 2092 677 2126 Decernentes
707 2093 839 2126 easdem
865 2099 1057 2137 praesentes

314 2146 438 2179 litteras
467 2156 599 2189 semper
624 2146 745 2187 firmas,
772 2147 897 2180 validas
924 2152 956 2180 et
991 2148 1057 2180 effi-

315 2208 408 2233 caces
441 2199 584 2232 existere
609 2204 641 2232 et
673 2199 754 2240 sore,
779 2210 919 2243 suosque
943 2201 1058 2244 plena-

314 2252 381 2285 rios
409 2257 442 2285 et
471 2252 619 2295 integros
652 2251 786 2285 effectus
811 2252 924 2286 sortiri
950 2258 983 2286 et
1002 2253 1058 2286 ob-

315 2304 434 2346 tinere,
456 2304 544 2338 etcf.

359 2359 374 2401 ἓ
397 2359 429 2392 4.
455 2358 526 2392 Non
551 2359 759 2393 obstantibus
788 2359 996 2403 praemissis,
1020 2370 1056 2393 ac

316 2411 601 2446 constitutionibus
628 2418 660 2446 et
690 2413 949 2446 ordinationibus
980 2424 1056 2458 apo-

317 2465 458 2506 stolicis,
483 2476 612 2499 necnon
643 2466 830 2510 provinciae
870 2472 902 2500 et
926 2467 1056 2501 Ordinis

319 2520 569 2564 praedictorum,
595 2520 692 2553 etiam
712 2520 904 2562 iuramento,
930 2528 992 2555 etc.
1009 2521 1030 2555 ².

356 2593 365 2618 t
389 2590 455 2618 vide
475 2598 557 2626 supra
575 2598 636 2625 pag.
658 2591 709 2618 848
729 2599 745 2618 a
764 2593 803 2626 (a.
820 2591 870 2627 τ.).

354 2636 372 2664 2
390 2635 424 2663 Ut
442 2643 504 2671 pag.
524 2634 576 2663 703
595 2643 614 2661 α
632 2636 671 2670 (tt.
692 2637 742 2671 τ.).

404 2690 485 2720 Bau.
508 2689 593 2719 Rom.
610 2706 642 2710 -
663 2691 725 2719 Vol.
744 2690 820 2722 XXI.
968 2690 1017 2719 107

1106 227 1137 250 xx
1163 228 1210 250 PP.
1739 217 1803 251 849

1142 275 1199 318 §5
1210 274 1362 308 'Volumus
1377 280 1484 309 autem
1501 280 1535 307 ut.
1550 277 1736 308 earumdem
1750 287 1838 319 prae-

1097 329 1236 361 sentium
1262 328 1440 362 litterarum
1469 328 1693 371 transumptis,
1714 335 1775 361 etc.
1807 356 1812 360 .

1140 382 1254 415 Datum
1282 382 1418 423 Romae,
1445 383 1530 425 apud
1557 382 1588 415 S.
1614 382 1744 414 Mariam
1771 383 1836 414 Ma-

1098 435 1220 476 iorem,
1246 437 1307 469 sub
1332 437 1454 469 annulo
1488 435 1680 474 Piscator-tc,
1717 435 1768 467 die
1799 445 1840 469 rtl

1099 490 1242 523 octobris
1260 499 1405 529 ninccxx,
1430 489 1642 533 pontificatus
1661 489 1763 521 nostri
1789 499 1843 520 au-

1099 553 1140 576 no
1165 553 1216 576 xx.

1133 605 1194 632 Dat.
1217 604 1261 632 die
1284 605 1296 631 7
1319 603 1442 631 octobris
1464 603 1543 638 1720,
1566 602 1663 638 pontif.
1687 610 1758 629 anno
1779 610 1824 631 xx.

1385 747 1552 780 CCLXXX.

1099 828 1320 870 Confirmatm·
1354 827 1526 860 concordia
1561 837 1657 870 super
1685 826 1844 858 divisione

1138 881 1328 924 provinciae
1345 880 1529 914 Insulensz's
1545 879 1681 913 Ordinis
1698 880 1844 921 fratrum

1143 934 1403 977 Capuccinorum
1417 932 1439 966 ἵ.

1317 1014 1454 1041 Clemens
1474 1013 1555 1047 Papa
1574 1013 1623 1044 XI,

1213 1059 1251 1086 ad
1272 1061 1452 1093 perpetuam
1471 1059 1517 1085 rei
1537 1058 1722 1085 memoriam.

1141 1131 1156 1174 g
1176 1131 1204 1164 1.
1224 1130 1343 1174 Nuper,
1363 1141 1423 1174 pro
1446 1135 1536 1173 parte
1552 1130 1747 1163 dilectorum
1766 1129 1862 1180 [ῑΙῑο-Γ

1098 1237 1286 1280 prorinoiae
1319 1236 1499 1270 Insulensis
1540 1237 1669 1269 Ordinis
1708 1237 1842 1268 fratrum

1098 1291 1255 1323 Minorum
1282 1289 1384 1322 sancti
1406 1290 1564 1322 Francisci
1583 1289 1841 1332 Capuccinorum

1098 1348 1382 1386 nuncupatorum,
1410 1343 1503 1376 nobis
1530 1343 1710 1386 expositum
1751 1343 1807 1374 fuit
1831 1370 1837 1383 ,

1099 1397 1196 1440 quod,
1216 1407 1287 1429 cum
1315 1407 1428 1429 eorum
1454 1397 1622 1439 provincia
1647 1396 1679 1428 in
1706 1396 1785 1429 loeis
1811 1400 1843 1428 et

1100 1450 1207 1491 terris,
1236 1450 1267 1482 in
1294 1449 1411 1493 quibus
1438 1450 1576 1482 maxima
1602 1450 1690 1482 adest
1709 1449 1842 1482 idioma-

1101 1509 1166 1536 tum
1201 1502 1382 1543 diversitas,
1410 1503 1585 1536 constituta
1618 1504 1674 1543 sit,
1706 1509 1843 1547 propter

1100 1556 1259 1590 eiusmodi
1279 1556 1375 1590 etiam
1402 1557 1595 1589 idiomatum
1612 1557 1843 1597 diversitatem,

1100 1611 1299 1654 populorum
1330 1611 1523 1651 utilitatem,
1550 1610 1672 1643 bonum
1707 1621 1844 1643 conven-

1102 1670 1211 1706 tuum,
1239 1675 1352 1708 pacem
1386 1670 1419 1698 et
1448 1664 1677 1708 religiosorum
1709 1675 1843 1698 concor-

1101 1718 1196 1759 diam,
1224 1724 1256 1751 et
1279 1718 1473 1762 praesertim
1499 1724 1533 1751 ut
1558 1718 1692 1751 servitio
1718 1718 1843 1751 carissi-

1101 1771 1144 1804 mi
1169 1771 1202 1804 in
1224 1771 1352 1805 Christo
1374 1771 1430 1805 filii
1453 1771 1554 1805 nostri
1576 1772 1728 1805 Ludorici
1747 1772 1844 1805 Fran-

1101 1834 1211 1857 corum
1233 1825 1319 1867 regis
1343 1825 1603 1858 christianissimi
1622 1825 1842 1868 provideatur,

1100 1877 1256 1910 nimirum
1282 1883 1316 1910 ut
1341 1883 1403 1910 tam
1429 1878 1543 1921 populi
1569 1888 1665 1921 quam
1695 1878 1842 1920 religiosi

1101 1931 1134 1963 in
1161 1931 1398 1974 temporalibus
1424 1931 1508 1964 sicut
1540 1936 1571 1963 et
1601 1931 1634 1964 in
1668 1931 1841 1974 spirituali-

1100 1985 1162 2017 bus
1186 1984 1382 2018 necessariis
1407 1984 1598 2017 levamentis
1624 1985 1758 2018 minime
1792 1986 1843 2018 de—

1101 2038 1285 2077 stituantur,
1303 2048 1320 2070 a
1345 2037 1471 2070 dilectis
1488 2037 1613 2081 pariter
1639 2037 1713 2070 siliis
1739 2039 1843 2071 Ludo-

1103 2091 1172 2124 vico
1195 2091 1233 2124 de
1247 2091 1308 2131 Jul,
1329 2095 1405 2123 tunc
1421 2090 1580 2124 existente
1597 2090 1770 2124 definitore
1790 2102 1842 2134 ge-

1101 2145 1206 2178 nerali
1225 2150 1256 2178 et
1272 2144 1422 2178 ministro
1439 2144 1632 2188 provinciali
1654 2145 1841 2188 provinciae

1100 2198 1292 2232 Parisiensis
1318 2198 1393 2231 dicti
1419 2198 1559 2239 Ordinis,
1585 2209 1621 2231 ac
1646 2209 1663 2231 a
1689 2203 1765 2232 tunc
1789 2209 1842 2242 pa<

1100 2253 1182 2285 riter
1217 2252 1375 2285 existente
1412 2251 1525 2285 Carolo
1561 2252 1659 2285 Maria
1691 2252 1840 2285 ministro

1099 2305 1246 2349 generali
1262 2305 1392 2339 Ordinis
1410 2305 1607 2347 huiusmodi,
1627 2305 1666 2338 ad
1688 2305 1753 2338 hoc
1771 2316 1843 2349 spe·

1135 2414 1145 2439 1
1171 2412 1282 2448 Reliqua
1300 2416 1330 2439 ut
1348 2421 1411 2447 pag.
1433 2412 1485 2439 704
1503 2421 1521 2439 a
1539 2413 1579 2445 (u.
1597 2414 1648 2445 T.).

1133 2456 1149 2484 ἓ
1170 2457 1260 2484 Const.
1277 2457 1321 2483 ed.
1342 2462 1460 2487 unecxn,
1478 2455 1521 2483 die
1539 2456 1571 2483 13
1586 2456 1759 2491 septembris,
1776 2464 1842 2491 pon-

1098 2501 1136 2528 tif.
1155 2507 1192 2528 ΧΠ
1205 2523 1212 2535 ,
1233 2501 1379 2528 constituta
1398 2501 1449 2528 fuit
1477 2501 1626 2536 aequalitas
1650 2501 1721 2527 iuter
1749 2505 1840 2528 custo-

1099 2545 1156 2573 dias
1176 2546 1332 2581 provinciae
1356 2545 1544 2578 Turonensis;
1565 2549 1590 2571 et
1617 2544 1756 2571 Benedicti
1782 2543 1840 2571 1111

1099 2594 1185 2618 const.
1207 2591 1250 2618 ed.
1271 2596 1438 2625 MDCCxxvnl,
1465 2591 1510 2617 die
1536 2590 1566 2617 16
1587 2589 1755 2624 decembris,
1775 2597 1841 2624 pon-

1100 2635 1139 2664 tir.
1161 2643 1189 2670 v,
1211 2632 1333 2672 erigitur
1345 2635 1486 2672 provincia
1505 2634 1677 2663 Alsatiensis.

1851 227 1898 253 An.
1917 227 1947 255 C.
1967 227 2029 254 ¹721

1886 289 2035 314 ‘sratv2utitpt‹›-

1792 328 1799 344 4
1849 322 1893 335 runi
1911 317 1966 335 [tues.

1867 1135 2039 1160 1r=.t.-=-prmin-

1098 1195 1168 1217 rum
1187 1184 1326 1216 ministri
1352 1183 1561 1226 provincialis
1584 1189 1614 1216 et
1632 1183 1840 1216 definitorum
1853 1163 2038 1236 5{''3.'.‡¹⁴5.t¹¹13.¹'.2¹-

1887 1217 1910 1236 ὢν
1921 1216 2004 1241 lgtcatn.
