2269 3203
272 247 324 274 An.
347 246 460 273 c.1715
507 236 571 270 6702

285 994 353 1013 Caum
363 999 385 1013 ev
397 998 457 1018 prae·

272 1026 340 1066 {llil}
361 1020 614 1070 'iiissrffersufficere
640 1035 836 1075 debuissent,
862 1040 897 1067 ut
921 1045 969 1075 ea,
998 1044 1079 1077 quae
1106 1033 1206 1065 inimi-

272 1079 316 1118 35:⁰1
347 1078 525 1120 Γὲῗιῖἳῗιῗῗζαῑιε
552 1088 650 1120 homo
676 1087 1008 1130 superseminaverat,
1026 1085 1148 1119 zizania
1169 1096 1205 1118 ex

272 1124 458 1203 Ξῖιὲιὶἒῖῗιξζθιιῖζῖξῑ
468 1150 544 1182 agro
570 1141 627 1173 illo
654 1140 806 1173 radicitus
828 1142 1056 1180 evellerentur,
1079 1138 1207 1171 fideles-

273 1204 330 1224 rmus
345 1204 530 1236 praetex¹i«(1uss
556 1204 669 1226 omnes
695 1193 813 1226 nostris
834 1198 865 1226 et
885 1192 980 1225 liuius
999 1192 1133 1225 Sanctae
1155 1191 1208 1224 Se-

465 294 652 338 spectabat‚
687 295 877 328 inconcusse
912 300 943 328 et
975 293 1206 327 inviolabiliter

465 349 523 381 sub
549 348 696 381 censuris
723 354 754 381 et
780 348 894 391 poenis
919 348 951 380 in
978 346 1129 379 mandato
1149 356 1205 378 seu

466 401 598 434 decreto
618 401 803 434 huiusmodi
823 399 984 443 expressis
1003 398 1206 432 observanda

466 465 537 487 esse
555 454 758 486 decrevimus
777 457 808 486 et
826 452 1072 492 declaravimus,
1093 451 1204 494 quovis

465 506 715 539 contrafaciendi
741 505 886 548 (piaesito
905 506 1014 537 colore
1040 514 1095 536 seu
1115 513 1206 545 prae-

467 564 553 592 textu
584 559 713 601 penitus
745 558 897 597 sublato,
932 568 967 590 ac
998 556 1206 599 potissimum

465 622 529 644 non
563 612 709 644 obstante
747 620 947 653 quacumque
984 609 1205 652 appellatione

465 677 482 698 a
507 664 675 707 quibusvis
701 663 852 706 personis
878 663 917 695 ad
942 673 999 695 nos
1027 668 1058 694 et
1089 662 1205 694 Sedem

464 717 682 760 Apostolicam
698 715 899 759 interposita,
914 726 1009 759 quam
1028 720 1206 759 propterea

465 780 599 813 prorsus
625 769 837 802 reiicicndam
871 780 943 802 esse
974 769 1123 802 similiter
1149 769 1205 801 de-

466 823 647 863 crevimus,
675 833 711 856 ac
735 833 769 856 re
795 823 864 866 ipsa
890 822 1083 863 reiecimus,
1110 827 1206 865 prout

467 877 498 908 in
524 876 655 909 decreto
682 876 741 909 hac
768 876 807 909 de
833 886 867 909 re
892 876 979 909 edito
1007 875 1105 908 fusius
1131 885 1206 907 con-

467 929 601 962 tinctur.

511 982 581 1024 §AE
609 982 694 1015 llaec
730 982 838 1015 omnia
873 982 970 1025 plene
1008 986 1039 1014 et
1076 980 1205 1013 abunde

469 1248 518 1280 dis
544 1247 703 1280 mandatis
730 1248 775 1288 ‘ea
808 1257 871 1289 qua
896 1256 953 1289 par
978 1250 1046 1278 erat
1076 1244 1207 1277 bumili-

469 1306 533 1333 tate
559 1305 590 1333 et
615 1299 799 1332 obedientia
823 1299 1095 1342 obsequerentur,
1115 1308 1207 1341 prae-

469 1353 582 1386 sertim
608 1363 679 1385 cum
705 1352 736 1385 in
756 1353 842 1385 calce
869 1362 1100 1395 responsorum
1119 1362 1207 1394 prae-

469 1407 630 1440 dictorum
672 1418 688 1439 a
728 1406 822 1439 nobis
863 1406 946 1438 sicut
986 1405 1206 1448 praemittitur

468 1459 734 1493 confirmatorum
750 1464 782 1491 et
796 1460 1049 1502 approbatorum
1074 1468 1205 1490 causam

468 1514 531 1546 iam
557 1513 679 1545 [initam
716 1523 784 1545 esse
818 1512 940 1555 apertis
967 1517 999 1544 et
1022 1511 1205 1554 perspicuis

467 1566 573 1598 verbis
587 1565 836 1609 pronunciatum
856 1564 962 1597 suerit.
978 1564 1105 1604 Verum,
1125 1574 1206 1603 cum,

468 1619 562 1652 sicuti
589 1630 625 1651 ex
652 1618 774 1652 eisdem
802 1618 956 1661 partibus,
982 1628 1048 1650 non
1072 1617 1143 1650 sine
1161 1617 1207 1649 in-

469 1673 546 1705 timo
584 1671 683 1704 animi
717 1671 820 1704 nostri
858 1671 985 1710 dolore,
1027 1670 1066 1703 ad
1105 1670 1206 1703 nostri

468 1725 617 1768 pervenit
642 1725 839 1768 apostolatus
855 1724 1012 1762 auditum,
1032 1729 1095 1756 tam
1113 1723 1205 1755 enixe

468 1788 485 1810 a
510 1777 604 1810 nobis
622 1777 823 1820 praescripta
845 1787 1076 1820 responsorum
1097 1776 1208 1808 liuius-

469 1831 556 1864 modi
583 1830 732 1863 executio
768 1831 852 1863 male
883 1841 900 1863 a
928 1830 1111 1873 plerisque,
1143 1829 1207 1862 sive

469 1895 551 1917 vano
571 1884 717 1927 falsoque
737 1883 871 1916 obtentu
895 1884 980 1927 quod
1004 1883 1059 1916 illa
1079 1894 1096 1915 a
1113 1883 1206 1915 nobis

469 1947 627 1982 suspensa
643 1936 763 1969 suerint
781 1937 827 1970 vel
848 1935 953 1969 minus
972 1936 1116 1979 legitime
1137 1946 1208 1979 pro-

467 1992 621 2034 mulgata,
647 1990 710 2023 sive
728 1990 961 2030 conditionum,
981 1995 1015 2022 ut
1034 1999 1208 2033 perperam

469 2044 633 2084 asseritur,
659 2044 693 2076 in
718 2043 764 2076 eis
790 2043 1016 2083 insitarum,et
1039 2047 1114 2075 autc
1140 2052 1209 2075 exe-

470 2097 634 2130 cutionem
670 2096 774 2140 ipsam
806 2096 1083 2135 verificandarum,
1110 2096 1209 2129 sacto-

471 2161 615 2194 rumque,
642 2160 740 2193 super
766 2149 883 2192 quibus
908 2150 978 2193 ipsa
1004 2155 1206 2190 emanarunt,

470 2214 537 2237 non
562 2203 808 2236 iustificatorum
833 2203 969 2243 ratione,
987 2204 1052 2236 sive
1074 2203 1208 2237 ulterio-

470 2267 540 2288 rum
566 2267 582 2288 a
608 2255 702 2288 nobis
733 2259 771 2289 ea
801 2256 834 2288 in
860 2266 893 2289 rc
920 2257 1122 2289 edendarum
1153 2257 1208 2289 de-

469 2309 679 2342 clarationum
706 2310 827 2349 colore,
853 2309 919 2342 sive
946 2309 1097 2351 gravium,
1124 2320 1206 2352 quae

470 2368 531 2394 tam
557 2361 768 2394 missionariis
791 2372 886 2404 quam
912 2361 1056 2394 missioni
1082 2362 1144 2404 ipsi
1170 2372 1206 2394 ex

470 2414 662 2447 demandata
686 2415 876 2448 executione
891 2414 1044 2447 obvenire
1064 2420 1205 2457 possent,

469 2468 688 2511 periculorum
715 2467 896 2507 formidine,
918 2467 984 2499 sive
1004 2467 1132 2499 demum
1154 2468 1208 2500 de—

471 2521 551 2553 creti
578 2520 710 2560 dudum,
748 2530 866 2563 nempe
902 2520 952 2552 die
988 2530 1065 2553 xxm
1101 2520 1207 2553 martii

470 2582 600 2613 MDCLVI,
626 2582 724 2616 super
749 2573 909 2606 eiusmodi
927 2572 1041 2605 ritibus
1066 2583 1123 2606 seu
1141 2583 1209 2606 cae-

469 2625 623 2660 remoniis
648 2625 763 2661 Sinicis
796 2636 812 2659 a
848 2625 993 2670 praefata
1027 2626 1209 2671 Congrega-

1046 246 1225 269 BULLARIUM
1251 245 1406 268 ROMANUM

1995 244 2045 272 An.
2067 244 2094 272 C.
2112 244 2180 272 17¹5

1252 293 1338 326 tione
1364 293 1577 326 cardinalium
1608 293 1695 333 editi,
1725 303 1761 325 ac
1792 304 1809 325 a
1840 294 1985 326 recolen-

1250 346 1308 378 dae
1334 347 1508 379 memoriae
1532 346 1715 379 Alexandro
1742 346 1799 378 PP.
1820 346 1869 378 Vll
1890 346 1986 378 etiam

1250 399 1502 441 praedecessore
1538 405 1650 432 nostro
1676 399 1869 442 approbati,
1896 409 1988 443 prae-

1251 456 1348 492 textu,
1375 463 1438 485 non
1457 452 1526 485 sine
1545 452 1633 494 gravi
1651 451 1836 494 pontificiae
1858 457 1987 484 nostrae

1249 505 1446 538 auctoritatis
1466 505 1596 544 iniuria,
1619 504 1880 537 christifidelium
1899 514 1989 537 scan-

1250 558 1332 597 dalo,
1362 568 1398 590 ac
1423 557 1534 590 salutis
1571 557 1750 589 animarum
1776 557 1986 596 detrimento,

1250 611 1325 643 satis
1350 611 1404 643 diu
1431 612 1631 653 multumque
1656 610 1815 651 eludatur,
1841 615 1896 642 aut
1924 611 1987 643 sal-

1251 668 1313 696 tem
1339 662 1474 696 nimium
1500 663 1704 696 retardetur:

1293 715 1307 757 ἓ
1333 715 1364 747 5.
1392 715 1473 748 Ilinc
1500 721 1548 748 est
1572 715 1658 758 quod
1677 725 1745 754 nos,
1772 725 1808 748 ex
1835 714 1985 747 commis·
2022 728 2181 758 manant-mdo

1250 779 1303 801 sae
1329 769 1423 801 nobis
1448 768 1600 801 divinitus
1628 768 1827 811 apostolicae
1853 755 2182 806 servitu-‘s'ssssisst'ssllffit

1251 821 1287 854 tis
1302 833 1450 862 munere,
1470 822 1682 862 difficultates,
1703 822 1986 865 tergiversationes
1997 811 2060 829 ΘΗΜ
2075 814 2154 834 ⁰⁰⁰⁰¹⁵'

1249 875 1448 917 subterfugia
1491 880 1523 907 et
1568 879 1757 917 praetextus
1800 873 1986 906 huiusmodi

1250 927 1378 970 penitus
1411 932 1442 960 et
1465 927 1599 959 omnino
1625 937 1641 959 e
1668 927 1776 959 medio
1804 928 1920 960 tollere
1947 936 1987 959 ac

1250 979 1397 1020 rejicere,
1431 990 1560 1013 necnon
1592 979 1853 1013 christifidelium
1885 978 1987 1022 quieti

1251 1033 1495 1076 animarumque
1520 1033 1626 1073 saluti,
1653 1038 1808 1075 quantum
1832 1032 1926 1065 nobis
1950 1042 1987 1064 ex

1251 1085 1313 1118 alto
1338 1086 1537 1125 conceditur,
1572 1084 1759 1128 prospicere
1797 1083 1984 1127 cupientes,

1251 1138 1291 1171 de
1316 1138 1503 1171 eorumdem
1530 1136 1742 1170 cardinalium
1774 1135 1918 1175 consilio,
1952 1145 1989 1168 ac

1251 1191 1348 1223 etiam
1368 1196 1458 1223 motu
1477 1190 1622 1233 proprio,
1641 1194 1724 1222 etex
1744 1190 1832 1222 certa
1850 1188 1989 1221 scientia

1251 1254 1287 1276 ac
1312 1246 1436 1276 matura
1461 1242 1698 1276 deliberatione
1723 1241 1858 1281 nostris,
1882 1241 1988 1284 deque

1251 1296 1452 1340 apostolicae
1488 1295 1658 1338 potestatis
1694 1294 1919 1338 plenitudine,
1955 1305 1989 1327 o-

1250 1349 1378 1381 mnibus
1397 1354 1428 1381 ct
1447 1347 1585 1390 singulis
1604 1347 1858 1390 archiepiscopis
1874 1351 1904 1379 et
1922 1346 1988 1389 epi-

1251 1402 1358 1444 scopis
1383 1401 1415 1433 in
1440 1401 1625 1444 supradicto
1657 1400 1804 1432 Sinarum
1838 1399 1988 1443 imperio,

1250 1454 1385 1497 aliisque
1411 1454 1440 1486 ei
1466 1453 1675 1486 conterminis
1711 1453 1778 1486 sive
1808 1453 1988 1486 adiacenti-

1251 1509 1309 1541 bus
1335 1507 1444 1551 regnis
1469 1518 1504 1540 ac
1537 1506 1725 1550 provinciis,
1755 1517 1841 1539 nunc
1875 1512 1905 1539 et
1929 1517 1988 1549 pro

1252 1566 1396 1604 tempore
1411 1560 1679 1603 quandocumque
1698 1558 1921 1600 existentibus,
1930 1559 1988 1592 sub

1251 1614 1475 1658 suspensionis
1502 1615 1541 1647 ab
1568 1613 1725 1647 exercitio
1751 1611 1987 1656 pontificalium

1252 1675 1282 1702 ct
1307 1667 1469 1701 interdicti
1495 1667 1534 1700 ab
1559 1667 1708 1710 ingressu
1735 1666 1903 1707 ecclesiae,
1939 1676 1989 1699 eo-

1252 1733 1322 1755 rum
1346 1732 1422 1754 vero
1448 1721 1639 1754 officialibus
1664 1731 1699 1753 ac
1720 1719 1846 1753 vicariis
1872 1719 1905 1751 in
1926 1719 1989 1763 spi-

1253 1775 1423 1808 ritualibus
1450 1774 1668 1818 generalibus,
1694 1773 1832 1816 aliisque
1857 1773 1989 1806 illorum

1252 1831 1399 1862 locorum
1428 1827 1617 1869 Ordinariis,
1654 1837 1690 1859 ac
1726 1826 1821 1859 etiam
1860 1825 1988 1858 vicariis

1252 1881 1452 1926 apostolicis,
1479 1881 1534 1924 qui
1560 1878 1709 1923 episcopi
1741 1889 1807 1912 non
1832 1878 1908 1920 sint,
1935 1889 1988 1911 eo-

1253 1945 1362 1968 rumve
1396 1933 1594 1978 provicariis‚
1619 1943 1747 1966 necnon
1772 1931 1987 1965 missionariis

1252 1993 1315 2023 tam
1341 1987 1559 2021 saecularibus
1578 1997 1672 2030 quam
1693 1986 1829 2019 cuiusvis
1846 1985 1986 2027 Ordinis,

1252 2040 1515 2085 congregationis
1533 2067 1540 2081 ‚
1567 2039 1703 2073 instituti
1737 2044 1768 2072 et
1802 2038 1986 2080 societatis,

1253 2096 1348 2128 etiam
1373 2095 1457 2135 Iesu,
1485 2094 1698 2137 regularibus,
1721 2093 1779 2126 sub
1805 2102 1988 2126 excommu-

1252 2148 1424 2182 nicationis
1449 2149 1532 2181 latae
1556 2147 1748 2187 sententiae,
1772 2157 1789 2179 a
1813 2156 1876 2189 qua
1892 2155 1987 2178 nemo

1252 2214 1269 2235 a
1298 2212 1463 2246 quoquam
1496 2206 1724 2244 praeterquam
1755 2210 1773 2232 a
1805 2198 1900 2232 nobis
1930 2208 1988 2231 seu

1252 2256 1396 2289 Romano
1410 2254 1566 2288 pontifice
1580 2264 1639 2297 pro
1655 2258 1802 2296 tempore
1817 2253 1986 2295 existente,

1251 2309 1314 2341 nisi
1339 2308 1371 2340 in
1396 2307 1508 2341 mortis
1533 2306 1668 2340 articulo
1693 2306 1902 2347 constitutus,
1934 2307 1988 2340 ab·

1251 2361 1330 2395 solvi
1355 2361 1483 2404 possit,
1511 2366 1542 2393 et
1567 2359 1673 2403 quoad
1695 2361 1859 2402 regulares
1890 2360 1988 2394 etiam

1250 2414 1439 2458 privationis
1453 2413 1539 2446 vocis
1559 2412 1677 2446 activae
1695 2417 1727 2446 et
1743 2413 1891 2456 passivae
1908 2423 1988 2457 poe-

1251 2467 1300 2500 nis
1318 2477 1375 2510 per
1389 2466 1658 2500 contrafacientes
1677 2466 1748 2509 ipso
1766 2466 1849 2500 sacto
1866 2465 1986 2509 absque

1251 2520 1311 2553 alia
1347 2519 1565 2553 declaratione
1605 2519 1830 2560 incurrendis,
1873 2523 1985 2552 tenore

1251 2573 1468 2618 praesentium
1492 2572 1723 2616 praecipimus,
1748 2582 1785 2605 ac
1810 2571 1843 2604 in
1869 2571 1985 2605 virtute

1251 2631 1380 2662 sanctae
1413 2626 1620 2662 obedientiae
1654 2625 1854 2668 mandamus,
1878 2630 1912 2659 ut
1935 2634 1986 2659 re-
