2269 3203
453 172 539 204 toto

407 234 502 267 CLVI.
530 235 738 268 Declarantur
762 236 848 269 nulla
877 237 1003 270 decreta
1028 238 1149 281 aliaque

496 292 583 330 gesta
623 298 639 320 a
673 299 788 331 magno
821 290 953 322 consilio
986 291 1148 323 Varsaviac

497 351 590 384 super
609 341 764 374 solutione
785 352 918 375 onerum
941 342 978 374 ab
1004 343 1148 375 ecclesia-

498 393 583 426 sticis
599 394 751 433 facienda,
766 404 939 438 eorumque
954 394 1148 429 subiectione

499 447 649 479 saeculari
676 447 802 487 iudicio,
823 447 863 480 43
875 448 898 480 I.

407 504 515 536 CLt'tt.
542 504 749 536 D‹.·‹;larantur
770 505 873 536 nullae
897 516 1008 547 preces
1034 506 1149 548 prima-

496 557 570 598 riae,
596 558 739 590 Romano
758 557 892 600 imperio
912 564 1053 598 tac-ante,
1075 570 1091 590 a
1110 559 1149 591 vi-

496 610 589 642 cariis
615 610 833 653 imperialibus
859 610 1029 653 expeditae,
1055 610 1129 643 4537.

407 666 530 700 CLI'III.
555 667 790 700 Confirmantur
822 671 935 701 statuta
971 667 1149 701 academiae

495 720 665 763 pictorum,
691 721 887 763 sculptorum
913 726 940 753 et
964 721 1150 754 architecto-

495 783 565 804 rum
591 772 750 806 Bononiae
775 773 934 806 institutae
952 779 982 806 et
1009 773 1150 806 Clemen-

496 826 583 858 tinae
607 826 735 859 nomine
757 827 935 869 insignitae,
960 826 1035 859 440.

407 882 507 915 CLIX.
534 883 740 916 Declarantur
765 884 851 915 nulla
876 884 1012 924 decreta,
1027 884 1149 927 aliaque

496 941 583 977 gesta
608 946 624 968 a
649 935 801 968 saeculari
822 940 972 979 potestate
990 937 1021 969 in
1040 936 1150 979 IIispa-

495 989 565 1029 niis‚
587 989 738 1030 libertati,
762 989 949 1022 immunitati
976 994 1005 1023 et
1029 990 1152 1022 iurisdi-

497 1042 592 1075 ctioni
627 1042 858 1076 ecclesiastifflte
892 1042 1150 1085 praeiudicialia,

498 1095 573 1128 450.

410 1153 493 1185 CLX.
529 1153 735 1185 Reducuntur
768 1153 868 1185 studia
905 1159 934 1185 et
967 1154 1082 1194 gradus
1120 1153 1150 1186 in

498 1205 614 1238 Ordine
659 1206 792 1238 fratrum
831 1206 1071 1239 Carmelitarum
1113 1206 1150 1239 ad

498 1259 630 1291 l'ormam
656 1259 867 1302 quorumdam
885 1259 1086 1292 decretorum
1107 1270 1152 1291 ca-

499 1312 590 1354 pituli
614 1312 783 1354 generalis,
808 1312 884 1345 454.

415 1369 516 1402 CLXI.
544 1369 737 1410 Declaratur,
755 1370 876 1402 actibus
890 1376 920 1402 et
936 1370 1153 1402 sime-tionibus

500 1433 515 1452 a
542 1422 572 1454 S.
601 1421 679 1454 Sede
700 1422 808 1464 peragi
831 1422 930 1454 solitis
944 1427 1014 1465 post
1031 1422 1154 1455 electio-

502 1485 574 1507 nem
600 1474 683 1515 regis
710 1475 924 1507 Romanorum
958 1476 988 1506 in
1015 1476 1153 1507 futurum

504 1528 752 1570 imperatorem,
779 1538 846 1559 eam
872 1538 934 1560 non
967 1528 1154 1570 approbari,

502 1586 672 1622 antequam
698 1580 737 1611 ab
764 1580 832 1623 ipso
864 1581 965 1613 electo
990 1581 1155 1613 confirma-

504 1640 546 1666 tio
570 1636 696 1677 petatur
716 1638 745 1667 et
765 1634 964 1677 impetretur,
989 1633 1063 1667 400.

417 1691 530 1723 CLXII.
557 1692 770 1724 Confirmatur
787 1691 935 1733 generale
952 1691 1154 1723 interdictum

504 1744 658 1777 dioecesis
675 1744 828 1788 Lyciensi,
843 1743 973 1786 eiusque
991 1743 1158 1776 observan-

505 1797 546 1829 tia
572 1796 738 1829 mandatur
755 1795 812 1828 sub
830 1795 924 1828 certis
942 1795 1064 1838 poenis,
1080 1795 1154 1828 463.

416 1859 542 1892 CLxut.
571 1859 783 1893 Confirmatur
807 1858 969 1891 concessio
988 1858 1111 1901 collegii
1129 1863 1158 1890 et

504 1912 658 1945 ecelesiae
682 1912 715 1944 B.
744 1912 782 1944 M.
810 1911 841 1943 in
866 1911 1023 1944 Montibus
1047 1911 1084 1943 de
1106 1911 1159 1943 Ur-

506 1966 544 1997 be
574 1966 653 1998 sacta
683 1964 876 2008 presbyteris
901 1964 1159 2006 congregationis

507 2019 633 2051 Piorum
648 2017 885 2061 Operariorum,
903 2028 974 2050 cum
994 2018 1161 2060 exemptio-

506 2082 546 2103 ne
572 2071 610 2104 ab
635 2071 809 2104 Ordinariis
835 2077 863 2103 et
889 2070 1077 2113 elargitione
1098 2071 1160 2114 pri-

507 2124 708 2166 vilegiorum,
733 2123 810 2156 466.

419 2186 542 2219 CLXIV.
570 2185 759 2219 Conceditur
784 2185 923 2218 extensio
948 2185 1071 2218 numeri
1086 2185 1162 2218 duo-

508 2238 628 2270 denarii
665 2238 890 2280 magistrorum
928 2238 965 2270 ad
991 2238 1160 2270 octodena-

509 2292 590 2324 rium
616 2302 673 2335 pro
699 2291 862 2334 provincia
889 2292 1016 2324 Limana
1036 2291 1161 2324 Ordinis

509 2345 711 2377 eremitarum
738 2344 837 2377 sancti
862 2344 1029 2386 Augustini
1059 2344 1088 2376 in
1111 2344 1161 2377 In-

508 2397 567 2429 diis
592 2397 858 2437 Occidentalibus,
882 2396 957 2429 478.

421 2460 527 2494 CLXV.
555 2459 759 2491 Dec-tarantin-
777 2458 881 2491 nullae
900 2458 1060 2502 pactiones
1081 2468 1098 2490 a
1116 2468 1161 2491 ca-

511 2512 609 2556 pitulo
635 2511 785 2544 ecclesiae
810 2511 1013 2544 IIildesicnsis
1040 2522 1111 2543 cum
1129 2521 1161 2543 a-

510 2565 664 2599 catholico
690 2564 830 2609 principe
856 2564 969 2604 initae,
994 2564 1159 2607 religioni,

993 184 1176 209 BULLARIUM
1200 185 1354 210 ROMANL'M

1291 238 1451 278 ecclesiae,
1476 238 1599 282 ipsique
1620 240 1757 284 capitulo
1781 241 1942 285 praeiudi-

1291 291 1395 329 etates,
1420 290 1495 323 480.

1202 343 1325 377 Cvat.
1354 344 1564 377 Confirmatur
1589 344 1749 377 decretum
1768 346 1944 390 Congrega-

1292 398 1383 430 tionis
1409 398 1634 430 Avenionensis
1654 398 1691 431 de
1710 409 1772 432 non
1791 401 1945 433 servanda

1291 450 1513 483 constitutione
1539 450 1703 492 AEgidiana
1729 452 1832 495 quoad
1857 453 1945 486 sole-

1291 504 1435 536 trinitates
1469 504 1498 535 in
1532 504 1744 537 contractibus
1786 506 1944 539 minorum

1291 567 1349 598 pro
1380 558 1467 589 Statu
1504 556 1713 589 Avenionensi
1740 563 1770 589 et
1793 557 1945 591 comitatu

1293 608 1470 647 Venaisino,
1493 607 1565 640 484.

1203 659 1342 693 Cvatt.
1358 661 1546 694 Prohibetur
1563 662 1725 696 monachis
1740 662 1865 695 Ordinis
1878 664 1946 697 Car-

1292 712 1471 752 tliusiensis,
1498 724 1536 745 ne
1561 715 1653 747 alicui
1681 715 1710 747 in
1736 716 1800 747 suis
1824 726 1946 748 monas-

1292 765 1378 798 teriis
1396 766 1544 798 carnibus
1563 768 1643 799 vesci
1660 768 1854 811 permittant,
1872 768 1945 802 486.

1204 817 1359 850 CLXVIII.
1382 818 1617 851 Contirmantur
1642 825 1755 853 statuta
1776 821 1946 854 reformata

1293 871 1506 904 universitatis
1538 878 1567 904 et
1593 873 1719 915 collegii
1748 873 1948 909 barbitonso-

1295 934 1365 956 rum
1394 924 1495 965 Urbis,
1515 923 1591 957 487.
1946 942 1949 943 ⁷

1204 977 1330 1010 CLXIX.
1358 977 1580 1020 Promulgatur
1595 979 1791 1012 canonizatio
1810 979 1840 1012 S.
1862 980 1907 1012 Pii
1926 981 1948 1012 V

1293 1029 1419 1062 Ordinis
1443 1030 1575 1063 fratrum
1603 1031 1867 1073 praedicatorum,
1885 1034 1948 1065 una

1294 1093 1365 1115 cum
1392 1082 1587 1125 indulgentia
1614 1084 1645 1116 in
1670 1084 1736 1116 eius
1761 1085 1848 1123 festo,
1874 1084 1947 1118 506.

1206 1135 1320 1169 CLXX.
1349 1136 1571 1178 Promulgatur
1603 1136 1798 1169 canonizatio
1824 1137 1852 1169 S.
1885 1139 1948 1170 An-

1294 1189 1388 1221 dreae
1413 1189 1546 1222 Xvellini
1567 1190 1828 1233 Congregationis
1853 1191 1948 1223 Thea-

1295 1241 1432 1275 tinorum
1448 1253 1518 1274 eum
1536 1242 1728 1285 indulgentia
1745 1243 1776 1275 in
1791 1243 1856 1276 eius
1871 1244 1949 1277 sesto

1296 1300 1326 1327 et
1344 1296 1468 1334 octava,
1487 1293 1560 1328 518.

1208 1347 1328 1381 CLXXI.
1355 1348 1559 1380 Declarantur
1573 1349 1658 1380 nulla
1677 1349 1833 1381 restitutio
1849 1350 1949 1382 eccle-

1295 1401 1436 1433 siasticae
1463 1400 1681 1433 communioni
1707 1401 1888 1434 officialium
1907 1402 1949 1435 ci-

1300 1452 1400 1486 vitatis
1437 1452 1615 1495 Liparensis
1650 1453 1774 1496 aliaque
1813 1458 1899 1497 gesta
1933 1466 1950 1487 a

1297 1505 1441 1548 delegato
1467 1507 1626 1548 praetensi
1646 1506 1811 1539 tribunalis
1827 1507 1951 1540 Siciliae

1297 1558 1447 1591 adversus
1485 1558 1635 1590 vicarium
1668 1559 1850 1600 generalem
1885 1560 1951 1603 epi-

1299 1611 1385 1654 scopi
1411 1610 1607 1653 Liparensis,
1634 1611 1700 1643 eius
1725 1611 1831 1644 curiae
1856 1612 1951 1645 mini-

1299 1668 1399 1703 stros,
1421 1663 1579 1706 aliosque,
1598 1673 1669 1696 cum
1687 1664 1871 1697 eorumdem
1898 1665 1951 1699 da-

1300 1715 1478 1755 mnatione,
1508 1720 1537 1747 et
1561 1715 1775 1758 publicatione
1800 1727 1950 1750 censura-

1301 1779 1382 1808 rum,
1408 1767 1481 1800 530.

1211 1821 1352 1855 CLXXII.
1380 1820 1593 1854 Confirmatur
1618 1820 1779 1854 decretum
1806 1823 1952 1865 Congre-

1301 1874 1435 1917 gationis
1459 1874 1681 1918 episcoporum
1700 1880 1730 1908 et
1754 1876 1948 1918 regularium

1300 1928 1338 1960 de
1363 1928 1513 1970 suffragio
1538 1928 1739 1961 concedendo
1760 1929 1790 1961 in
1808 1930 1952 1972 capitulis

1300 1981 1545 2025 provincialibus
1562 1981 1694 2024 singulis
1708 1982 1869 2025 prioribus
1883 1994 1954 2026 pro-

1303 2033 1477 2066 vinciarum
1503 2034 1533 2067 S.
1562 2034 1711 2067 Antonini
1738 2038 1767 2067 et
1791 2034 1820 2067 S.
1845 2035 1954 2068 Crucis

1302 2087 1433 2119 fratrum
1453 2086 1710 2120 Praedicatorum
1729 2087 1760 2120 in
1781 2087 1878 2120 Indiis
1896 2088 1952 2122 Oc-

1303 2139 1520 2180 cidentalibus,
1546 2139 1620 2173 535

1215 2193 1371 2228 CLXXIII.
1404 2193 1609 2225 Declarantur
1633 2193 1718 2226 nulla
1743 2193 1904 2226 decretum
1936 2204 1954 2226 a

1303 2251 1457 2290 potestate
1483 2246 1648 2279 comitatus
1666 2246 1819 2280 Niciensis
1834 2246 1953 2279 editum

1302 2304 1332 2331 et
1364 2298 1534 2332 concordia
1566 2299 1605 2331 ab
1634 2298 1851 2332 ecclesiasticis
1883 2310 1954 2332 cum

1303 2351 1439 2395 syndicis
1471 2356 1572 2383 terrae
1600 2350 1718 2383 Villarii
1754 2351 1829 2383 inita
1860 2361 1955 2394 super

1303 2403 1459 2436 solutione
1473 2414 1605 2436 onerum
1620 2402 1789 2442 laicalium,
1800 2414 1870 2436 cum
1885 2414 1956 2447 poe-

1302 2458 1350 2490 nis
1376 2458 1408 2490 in
1433 2456 1716 2496 contravenientes,
1742 2455 1816 2489 538.

1213 2510 1362 2543 CLXXIV.
1390 2509 1605 2544 Confirniatur
1629 2508 1790 2542 decretum
1813 2509 1955 2542 cardina-

1302 2564 1338 2596 lis
1362 2562 1550 2607 protectoris
1575 2562 1612 2595 de
1637 2562 1791 2596 servanda
1816 2562 1954 2607 aequali-
