2269 3203
92 192 142 219 An.
157 191 186 219 C.
208 191 275 220 ¹714

113 939 138 961 ll.
153 939 271 966 {Decretum

87 972 150 992 nuper
164 966 220 986 dicto
231 968 271 986 ter-

87 994 116 1014 tio
129 993 203 1015 dubio.

112 1617 145 1639 tlt.
160 1615 269 1637 Decretum

86 1650 127 1671 qun
141 1641 270 1669 approbatur

85 1671 159 1692 modus
185 1673 269 1689 servan·

86 1699 124 1718 dus·
136 1698 155 1718 in
167 1701 215 1715 casn
230 1697 270 1713 ter·

87 1726 109 1744 ti·
132 1730 144 1743 a
166 1721 269 1742 cardinali

85 1753 176 1776 ponente
193 1752 270 1774 propt)-

85 1778 144 1798 snus.

909 193 1050 218 CLEMENS
1077 194 1108 218 XI
1132 194 1181 218 FP.

285 239 365 270 locus
388 240 521 279 inferior,
545 246 572 272 et
596 241 759 281 quomodo;
784 249 821 271 tv.
839 241 881 270 An
905 246 933 271 et
957 242 1022 280 quis

285 289 365 319 locus
383 296 527 330 competat
545 290 678 330 patribus
694 290 899 321 assistentibus
923 295 1023 329 qnate-

284 348 339 368 nus
358 339 414 378 ipsi
428 339 540 378 possint
563 339 743 370 intervenire
760 339 788 369 in
806 344 873 369 actu
886 339 1023 368 visitatio-

286 387 342 417 nis:
355 388 441 418 Sacra
452 389 641 428 Congregatio
653 388 698 418 die
709 397 754 418 xlx
768 389 1022 427 augustinnccxn,

285 436 437 475 partibusl
460 437 530 477 ipsis
553 437 659 467 auditis
682 441 710 467 et,
734 437 973 476 informantibus,
993 447 1023 468 re

285 490 397 515 mature
420 490 448 516 et
472 490 605 516 accurate
638 485 783 523 discussa,
817 490 845 515 et
877 486 1023 516 referente

283 534 516 564 ‹nninentissimo
538 534 656 565 Corsino
671 557 678 569 ‚
703 534 738 563 ad
773 535 902 573 praefata
935 534 1022 564 dubia

283 582 431 621 respondit
449 592 455 612 :
472 583 514 612 Ad
534 583 598 612 1.=====
615 583 800 620 affirmative,
819 588 1022 622 praeterquam

284 630 312 659 in
335 631 478 661 scrutinio
501 636 631 668 secreto,
655 631 697 661 Ad
720 631 798 669 Qum,
822 632 970 671 provisum
993 632 1021 662 in

285 679 389 718 primo,
404 684 432 709 et
445 684 609 718 competere
626 679 833 710 assistentibus
846 685 944 710 votum
957 690 1024 710 con-

283 728 421 758 sultivum
439 732 551 758 tantum
568 728 642 768 apud
666 728 759 758 solum
785 729 912 768 priorem
938 738 1024 767 gene-

282 776 388 816 ralem3
404 776 447 806 Ad
463 776 539 812 3.¹¹¹¹¹‚
558 786 615 807 non
635 777 763 816 liquere3
784 777 826 807 Ad
845 777 922 816 4³⁸⁰,
945 787 1022 807 com·

283 830 382 864 petere
401 825 607 856 assistentibus
624 826 719 856 locum
734 831 798 866 post
815 826 954 856 vicarium
974 836 1022 865 ge-

282 873 410 904 neralem
433 883 485 904 seu
507 873 690 904 visitatorem
714 874 965 913 Congregationis.

322 922 517 962 Reproposito
539 922 592 953 sub
615 923 661 953 die
684 932 714 953 111
735 923 877 966 februarii
893 932 1022 954 nnccxm

283 971 454 1010 supradicto
483 972 570 1002 tertio
599 972 706 1009 dubio,
730 973 886 1003 videlieet:
910 982 950 1003 111.
975 975 1020 1003 An

282 1020 407 1050 vicarius
426 1021 570 1059 generalis
592 1025 619 1051 et
636 1021 769 1051 visitator
784 1021 1022 1060 Congregationis

282 1068 471 1098 Lombardiae
500 1068 617 1099 Ordinis
644 1069 838 1099 Eremitarum
872 1070 901 1100 S.
926 1070 1022 1108 Angu-

281 1117 350 1146 stini
378 1117 490 1156 possint
513 1117 542 1147 in
565 1121 632 1147 actu
656 1118 831 1148 visitationis
854 1128 868 1148 a
893 1119 954 1158 pari
971 1129 1021 1149 seu

280 1165 310 1194 in
333 1165 447 1204 aequali
463 1166 555 1203 gradu
571 1167 729 1205 procedere
748 1177 814 1197 cum
831 1171 912 1207 patre
934 1177 1021 1206 gene-

281 1215 334 1244 rali
357 1215 386 1244 in
410 1215 559 1251 sedendo,
582 1217 803 1254 genuflectendo
818 1239 825 1253 ‚
851 1226 902 1246 seu
925 1218 1021 1256 potius

280 1267 427 1302 competat
459 1263 539 1292 locus
567 1263 690 1293 inferior
705 1288 712 1302 ,
736 1269 765 1294 et
793 1265 959 1304 quomodo:
982 1282 1021 1287 —

279 1310 366 1341 Sacra
388 1311 489 1341 eadem
517 1311 729 1350 Congregatio,
761 1313 891 1352 partibus
914 1314 1019 1344 iterum

280 1360 529 1399 informantibus,
555 1366 581 1391 et
611 1362 755 1392 referente
789 1363 917 1402 praefato
951 1363 1021 1392 emi-

279 1409 454 1439 nentissimo
470 1409 601 1448 Corsino,
619 1411 789 1450 rescripsit:
813 1411 856 1441 Ad
879 1416 1018 1450 mentem,

279 1467 353 1497 quae
376 1458 429 1488 fuit
452 1463 483 1488 ut
506 1459 756 1498 praescriberetur
772 1460 875 1489 modus
897 1460 932 1490 ab
949 1461 1020 1490 emi—

280 1507 452 1537 nentissimo
469 1512 595 1547 ponente
610 1508 781 1538 referendus
797 1508 827 1538 in
843 1510 927 1539 sacra
944 1510 1020 1538 Con-

279 1557 458 1595 gregatione.

321 1604 376 1640 Qui
400 1605 517 1644 quidem
542 1605 643 1635 modus
664 1605 693 1635 in
717 1605 946 1644 Congregatione
970 1607 1020 1636 ba-

281 1652 340 1682 bita
363 1653 417 1682 sub
440 1653 486 1683 die
510 1663 556 1683 xxi
579 1654 643 1683 iulii
665 1654 734 1684 dicti
753 1655 821 1684 anni
838 1663 966 1684 iinccxnl
982 1655 1017 1684 ab

280 1701 440 1731 eminentia
461 1703 510 1731 sua
534 1702 730 1741 praescriptus
749 1707 777 1732 et
792 1703 901 1732 relatus
917 1704 971 1733 snit
987 1709 1018 1734 ut

279 1750 354 1780 infra
377 1750 521 1789 sequitur,
547 1751 707 1780 nimirum:
740 1764 750 1778 «
772 1751 913 1786 Quoniam
937 1762 1017 1782 sacra

280 1799 469 1837 Congregatio
492 1799 696 1838 episcoporum
719 1805 746 1829 et
765 1800 943 1838 regularium
966 1801 1018 1831 sub

281 1848 328 1878 die
349 1857 380 1878 111
403 1847 544 1878 februarii
560 1849 707 1878 currentis
726 1849 795 1878 anni
817 1849 846 1879 in
860 1852 948 1879 cansa
964 1851 1019 1880 no-

280 1897 368 1926 mana
398 1896 574 1927 visitationis
605 1897 682 1927 inter
715 1902 823 1936 patrem
852 1899 1017 1937 generalem

280 1945 370 1975 totius
397 1944 515 1976 Ordinis
537 1946 734 1976 Eremitarum
757 1946 786 1977 S.
810 1947 966 1986 Augustini
989 1953 1017 1978 et

280 1994 477 2024 venerabilem
500 1994 760 2034 Congregationem
778 1997 966 2027 Lombardiae
989 2008 1018 2027 e-

278 2043 390 2074 iusdem
422 2043 557 2083 Ordinis,
582 2045 615 2074 ad
640 2045 758 2075 tertium
792 2045 911 2075 dubium
935 2056 949 2076 a
973 2057 1017 2077 me

278 2093 482 2132 propositum:
505 2094 550 2124 An
572 2094 684 2123 scilicet
715 2095 841 2125 vicarius
873 2097 1018 2133 generalis

279 2145 307 2170 et
329 2142 462 2172 visitator
485 2143 730 2181 Congregationis
753 2144 943 2174 Lombardiae
966 2145 1018 2175 Or-

278 2190 354 2221 dinis
376 2191 572 2222 Eremitarum
606 2192 634 2222 S.
660 2192 816 2230 Augustini
852 2194 964 2232 possint
986 2195 1016 2224 in

279 2243 345 2269 actu
365 2239 541 2270 visitationis
563 2250 578 2269 a
594 2241 655 2280 pari
672 2251 722 2271 seu
744 2241 773 2271 in
796 2243 909 2281 aequali
925 2243 1015 2280 gradu

279 2288 436 2325 procedere
459 2298 525 2319 cum
547 2294 628 2329 patre
661 2290 790 2327 generali
816 2291 846 2320 in
877 2291 1014 2329 sedendo,

279 2336 513 2376 genuflectendo,
547 2347 598 2368 seu
628 2339 725 2377 potius
757 2344 902 2378 competat
935 2340 1015 2369 locus

279 2382 409 2422 inferior,
426 2390 453 2414 et
476 2386 635 2424 quomodo:
664 2387 815 2426 rescripsit
838 2387 917 2418 iuxta
936 2398 1016 2418 men-

279 2434 355 2468 tem3
379 2436 406 2461 et
427 2441 509 2462 mens
531 2434 585 2464 suit
607 2440 637 2464 ut
661 2435 911 2474 praescriberetur
932 2446 947 2466 a
970 2446 1014 2467 me

278 2480 380 2510 modus
401 2481 569 2512 referendus
592 2483 622 2513 in
644 2485 747 2514 eadem
778 2486 863 2515 sacra
886 2486 1015 2524 Congre-

278 2529 415 2568 gatione,
438 2539 511 2569 quae
541 2531 574 2560 de
606 2536 703 2562 cetero
724 2533 788 2563 iure
817 2534 910 2564 credit
937 2535 1013 2574 qnod

316 2584 325 2610 1
349 2581 419 2610 Edit.
440 2583 524 2611 Main.
545 2583 609 2619 legit
624 2586 759 2619 patribus
781 2587 820 2623 (n.
841 2588 890 2621 T.).

1067 242 1142 272 idem
1166 247 1248 282 pater
1270 244 1415 281 generalis
1431 244 1459 274 in
1476 245 1706 285 quibuscumque
1728 247 1799 277 acti-

1067 290 1120 320 bus
1143 292 1317 322 visitationis
1340 296 1414 322 esset
1438 303 1502 323 rum
1526 293 1712 324 distinctione
1747 300 1803 325 tra-

1067 340 1198 378 ctandus,
1216 340 1284 370 dum
1309 341 1467 371 visitationi
1494 343 1603 372 assistit
1627 347 1706 381 pater
1730 343 1804 372 vica-

1067 389 1128 418 rius
1150 389 1312 427 gencralis;
1336 394 1363 419 et
1385 400 1450 419 cum
1474 391 1576 420 maiori
1601 391 1801 428 distinctione,

1067 438 1221 467 assistente
1244 438 1368 477 simplici
1393 444 1472 478 patre
1496 439 1643 469 visitatore
1672 440 1803 469 eiusdem

1067 486 1321 524 Congregationis:
1346 487 1412 516 binc
1435 497 1497 525 ego,
1516 487 1622 517 auditis
1645 488 1732 517 etiam
1755 488 1804 518 (lc-

1067 534 1133 564 inde
1157 535 1320 573 partil›us¹,
1336 540 1360 565 et
1380 545 1410 565 re
1433 541 1545 565 mature
1569 538 1723 575 perpensa,
1742 546 1804 566 cre-

1066 583 1163 612 derem
1187 584 1263 622 quod
1298 588 1393 623 posset
1422 584 1461 614 ita
1485 585 1655 624 praefiniri:
1680 594 1698 614 1.
1722 585 1802 620 Quod

1066 631 1133 662 dum
1169 636 1250 671 pater
1282 634 1427 671 generalis
1459 634 1600 673 recipitur
1627 644 1692 664 cum
1716 644 1802 664 cruce

1067 686 1133 711 ante
1155 681 1271 711 ianuam
1298 682 1459 720 ecclesiae,
1489 688 1515 712 et
1547 684 1803 722 processionaliter

1066 730 1201 760 incedere
1223 731 1285 770 ipse
1307 731 1407 761 debeat
1426 737 1489 771 post
1505 733 1656 770 religiosos
1678 742 1803 762 conven-

1067 784 1125 817 tus,
1143 784 1170 809 οι
1187 784 1270 818 pater
1282 780 1407 809 vicarius
1430 780 1596 810 immediate
1614 785 1677 820 post
1690 785 1801 820 patrem

1066 828 1252 867 generalem3
1276 838 1306 858 n.
1332 828 1412 864 Quod
1437 833 1518 868 pater
1540 830 1685 868 generalis
1699 830 1802 860 babeat

1067 882 1199 915 paratum
1215 877 1448 915 genuflexerium
1475 887 1540 907 eum
1564 882 1659 917 tapeto
1682 882 1709 907 et
1732 879 1803 907 duo-

1066 924 1119 954 bus
1143 925 1355 964 pulvinaribus,
1373 936 1429 956 uno
1452 927 1590 963 brachiis,
1615 927 1706 956 altero
1722 927 1802 965 geni-

1066 972 1119 1002 bus
1134 974 1343 1013 supponendis,
1362 979 1389 1004 et
1406 978 1487 1014 pater
1511 975 1636 1005 vicarius
1658 975 1802 1013 generalis

1065 1021 1143 1051 aliud
1167 1022 1313 1061 pulvinar,
1338 1032 1394 1052 non
1417 1023 1446 1053 in
1470 1023 1681 1062 genuflexorio,
1699 1023 1748 1053 sed
1772 1024 1801 1053 in

1066 1072 1152 1107 terra,
1177 1071 1423 1110 supponendum²
1448 1072 1571 1110 genibus
1594 1072 1663 1107 suis,
1692 1082 1706 1101 a
1733 1071 1802 1102 sini—

1065 1120 1132 1149 stris
1149 1120 1239 1158 patris
1262 1120 1423 1158 generalis,
1448 1129 1490 1150 111.
1515 1120 1596 1156 Quod
1618 1121 1694 1150 idem
1719 1125 1801 1160 pater

1064 1169 1209 1206 generalis
1242 1169 1345 1199 habeat
1379 1169 1476 1199 sedem
1514 1179 1601 1209 super
1632 1179 1799 1209 supremum

1064 1218 1183 1256 gradum
1209 1218 1319 1255 altaris,
1337 1219 1404 1248 dum
1428 1219 1555 1257 religiosi
1585 1219 1640 1258 ipsi
1663 1219 1801 1248 obedien-

1065 1266 1134 1295 tiam
1158 1271 1304 1305 praestare
1327 1267 1441 1301 debent,
1460 1272 1487 1297 et
1504 1271 1585 1306 pater
1610 1267 1735 1296 vicarius
1752 1276 1799 1305 ge-

1064 1315 1170 1344 neralis
1187 1316 1272 1345 aliam
1289 1316 1386 1345 sedem
1404 1316 1509 1346 babeat
1531 1325 1545 1345 a
1569 1316 1694 1345 sinistris
1712 1316 1801 1356 patris

1063 1364 1208 1401 generalis
1231 1364 1260 1393 in
1284 1364 1384 1394 infimo
1416 1365 1516 1395 altaris
1542 1365 1634 1402 gradu
1659 1365 1798 1404 positam,

1062 1421 1100 1442 iv.
1116 1412 1195 1448 Quod
1220 1418 1300 1452 pater
1315 1414 1441 1443 vicarius
1463 1414 1608 1452 generalis
1629 1414 1666 1443 sit
1688 1414 1800 1452 primus

1062 1459 1092 1488 in
1116 1460 1290 1498 praestando
1323 1459 1518 1489 obedientiam
1548 1460 1625 1500 patri
1652 1460 1798 1498 generali,

1063 1517 1119 1538 non
1143 1508 1260 1547 quidem
1289 1513 1354 1539 ante
1377 1509 1472 1548 ipsum
1496 1510 1727 1548 genuflectendo,
1749 1510 1799 1539 sed

1063 1562 1175 1586 tantum
1205 1557 1268 1587 eius
1305 1567 1422 1587 manum
1461 1558 1676 1597 deosculando,
1710 1568 1795 1598 quem

1063 1610 1144 1644 pater
1166 1606 1312 1644 generalis
1336 1607 1432 1636 statim
1456 1607 1658 1646 amplectatur,
1676 1612 1704 1637 et
1718 1611 1800 1646 patet·

1063 1655 1189 1684 vicarius
1211 1655 1358 1693 generalis
1380 1657 1435 1685 una
1456 1660 1551 1685 tamen
1575 1656 1637 1685 vice
1659 1656 1796 1686 obedien-

1062 1703 1130 1733 tiam
1156 1704 1229 1742 patri
1251 1704 1381 1742 generali
1405 1709 1551 1743 praestare
1574 1708 1720 1743 teneatur,
1744 1705 1800 1734 sci-

1062 1753 1128 1782 licet
1155 1753 1184 1782 in
1212 1753 1306 1792 primo
1340 1759 1485 1783 conventu
1507 1754 1663 1792 visitando,
1687 1759 1714 1784 et
1737 1764 1795 1784 non

1062 1801 1091 1830 in
1114 1802 1189 1839 aliis,
1214 1802 1238 1831 si
1260 1801 1289 1831 in
1314 1802 1384 1841 ipsis
1408 1808 1518 1841 patrem
1542 1803 1683 1832 vicarium
1709 1812 1796 1841 gene-

1062 1850 1151 1879 ralem
1182 1850 1282 1879 adesse
1311 1850 1477 1888 contingat3
1502 1860 1528 1880 v.
1553 1851 1644 1889 Quod,
1676 1851 1744 1880 dum
1767 1851 1797 1880 sit

1061 1899 1235 1928 scrutinium
1258 1904 1414 1937 secretum,
1439 1900 1604 1929 conduntur
1626 1900 1752 1938 decreta,
1770 1905 1796 1930 et

1061 1947 1096 1977 de
1119 1948 1184 1977 aliis
1206 1947 1293 1977 rebus
1321 1948 1356 1977 ad
1382 1957 1491 1978 sacram
1517 1949 1713 1978 visitationem
1736 1958 1798 1988 spe-

1061 1996 1207 2026 ctantibus
1230 1997 1303 2026 fiunt
1326 1997 1582 2035 congregationes,
1607 2003 1689 2037 pater
1711 2008 1797 2036 gene-

1060 2046 1129 2075 ralis
1152 2045 1248 2075 sedeat
1271 2046 1299 2075 in
1325 2046 1419 2085 capite
1450 2055 1577 2083 mensae,
1602 2051 1627 2076 et
1653 2051 1733 2086 pater
1755 2047 1797 2076 vi-

1060 2095 1156 2124 carius
1179 2095 1323 2132 generalis
1350 2095 1447 2125 sedeat
1470 2096 1580 2134 pariter
1602 2105 1616 2124 a
1640 2096 1730 2126 latere.
1759 2097 1797 2126 si—

1060 2144 1152 2173 nistro
1175 2143 1305 2173 eiusdem
1329 2153 1455 2173 mensae.
1481 2144 1509 2174 Si
1528 2154 1594 2174 vero
1616 2145 1732 2174 assistat
1755 2145 1797 2174 vi-

1059 2192 1188 2221 sitationi
1212 2201 1268 2221 non
1291 2196 1372 2231 pater
1400 2193 1526 2222 vicarius
1549 2193 1714 2231 generalis,
1746 2194 1795 2223 sed

1059 2241 1232 2279 simpliciter
1264 2245 1345 2279 pater
1378 2241 1509 2271 visitator
1537 2242 1794 2280 Congregationis,

1058 2289 1106 2318 bic
1122 2289 1257 2319 incedere
1273 2288 1375 2319 debeat
1398 2295 1461 2329 post
1485 2295 1595 2329 patrem
1617 2291 1794 2329 generalem,

1058 2338 1225 2367 immediate
1247 2338 1443 2375 genuflectere
1466 2339 1494 2367 in
1519 2341 1597 2369 terra
1618 2340 1680 2369 sine
1703 2340 1796 2379 pulvi-

1058 2387 1132 2425 nari,
1151 2386 1344 2417 obedientiam
1362 2387 1455 2416 eidem
1472 2388 1547 2426 patri
1569 2389 1696 2426 generali
1714 2398 1796 2428 praen

1057 2441 1134 2465 stare
1158 2436 1220 2466 eins
1253 2445 1355 2466 manas
1387 2435 1602 2474 deosculando,
1626 2443 1654 2467 et
1688 2437 1791 2467 habeat

1057 2484 1153 2514 sedem
1170 2485 1278 2524 pariter
1290 2485 1319 2514 in
1347 2485 1477 2515 inferiori
1499 2485 1589 2523 gradu
1611 2486 1712 2516 altaris
1730 2490 1793 2525 post

1093 2543 1103 2568 1
1126 2542 1197 2569 Edit.
1218 2543 1301 2570 Maia.
1324 2543 1388 2579 legit
1403 2544 1539 2578 patribus
1558 2546 1595 2577 (a.
1617 2546 1667 2578 T.).

1091 2586 1107 2612 2
1127 2586 1196 2615 Edit.
1216 2587 1295 2616 Mam.
1316 2587 1381 2623 tegit
1399 2589 1647 2623 superponendum
1668 2590 1705 2623 (n.
1727 2588 1774 2623 r).

1704 189 1768 223 6537
1813 197 1863 225 An.
1879 197 1906 226 c.
1929 197 1997 226 1714
