2269 3203
114 186 164 214 An.
185 186 298 214 041714

950 183 1089 207 CLEMENS
1115 184 1145 206 xl
1172 184 1219 206 PP.

307 233 399 267 Sedis
426 234 600 266 auctoritas
640 232 848 266 acerbissime
879 242 944 264 non
981 232 1046 263 lae-

309 288 440 327 dantur;
466 286 670 330 potissimum
701 296 787 325 vero,
818 295 876 328 per
901 295 938 317 ea
963 294 1045 326 quae

307 340 387 373 inibi
414 340 636 380 continentur,
670 339 793 372 illamet
825 348 977 380 suprema
1010 337 1046 369 li-

308 393 404 436 gandi
431 398 528 436 atque
561 391 711 425 solvendi
744 395 900 434 potestas,
927 390 1046 422 beatis-

308 447 389 479 simo
414 446 645 489 Apostolorum
667 444 809 487 Principi
825 443 961 486 eiusque
980 453 1046 475 suc-

308 499 491 532 cessoribus
531 509 549 530 a
586 496 715 530 Christo
741 497 879 529 Domino
907 496 1044 535 tradita,

308 551 486 584 saecularis
510 551 677 594 potestatis
709 549 845 582 arbitrio
877 559 936 592 per
961 559 1045 581 sum-

307 616 391 637 inam
418 604 568 637 iniuriam
601 607 699 645 atque
727 602 968 635 intolerabilem
1003 607 1045 634 tc-

307 658 489 691 meritatem
503 656 673 689 manifeste
691 655 899 695 subiiciatur,
917 665 1044 687 necnon

307 709 510 743 execrandus
535 708 653 742 abusus
672 719 803 752 quoquo
825 707 921 740 modo
942 707 1044 750 impe-

307 762 417 795 diendi
443 761 670 794 executionem
690 761 871 794 litterarum
891 759 1045 803 apostoli-

307 825 428 855 carum,
454 824 512 857 per
537 814 668 847 eosdem
694 824 802 847 saeros
839 823 980 846 canones
1013 817 1045 845 et

305 867 462 911 plurimas
485 866 669 900 notissimas
687 866 870 910 pontificias
889 865 1045 899 eonstitu-

306 920 412 952 tiones
431 919 489 952 sub
513 919 719 952 anathemate
744 919 929 958 damnatus,
945 919 1042 961 plene

305 972 480 1006 conformis
491 982 557 1004 non
570 977 676 1004 tamen
694 971 755 1004 iuri
772 971 927 1014 gentium,
948 982 1042 1014 qnam

305 1025 457 1068 ipsismet
490 1025 587 1058 sacris
623 1025 832 1064 canonibus,
868 1023 1044 1067 privilegiis

305 1078 515 1123 apostolicis,
554 1089 589 1111 ac
629 1078 813 1111 concordiis
850 1088 920 1111 cum
961 1078 1043 1110 Sede

306 1132 449 1176 praefata
474 1132 575 1172 initis,
602 1131 681 1164 salso
713 1141 777 1164 non
813 1130 918 1163 minus
946 1141 1042 1174 quani

305 1196 468 1230 perverse,
495 1191 715 1228 nuncupetur,
742 1185 890 1228 adeoque
916 1185 1043 1217 animae

303 1239 451 1284 pretioso
477 1238 650 1272 Salvatoris
676 1237 779 1270 nostri
811 1238 969 1280 sanguine
994 1247 1043 1270 rc-

304 1295 456 1337 demptae
494 1293 527 1325 in
563 1293 702 1326 maxima
742 1292 888 1336 pericula
924 1293 1041 1326 coniici

302 1347 444 1391 possint:
471 1346 548 1379 hine
573 1351 621 1379 est
647 1346 735 1389 quod
765 1356 848 1386 nos,
883 1346 938 1388 qui
964 1357 1042 1389 quo-

302 1410 517 1443 rumcumque
556 1404 618 1432 tam
648 1399 794 1433 eiusdem
831 1399 1041 1442 Apostolicae

303 1454 394 1488 Sedis
419 1463 513 1497 quam
538 1453 703 1486 Ecclesiae
729 1452 846 1485 iurium
865 1459 1041 1486 assertores

303 1506 337 1540 in
374 1507 467 1540 terris
501 1517 518 1538 a
553 1505 690 1538 Domino
716 1505 881 1538 constituti
918 1516 1039 1546 sumus,

306 1560 431 1593 tametsi
457 1559 624 1592 credamus
643 1564 854 1602 pracceptum
875 1569 931 1592 seu
954 1570 1041 1592 man-

304 1614 413 1646 datum
438 1612 700 1657 praeinsertum‚
726 1612 900 1656 omniaque
934 1612 967 1645 in
1002 1624 1040 1646 eo

303 1671 465 1706 contenta,
480 1665 556 1699 satis
572 1675 747 1709 superque,
767 1670 828 1698 tam
846 1676 904 1709 per
924 1666 1039 1709 seipsa,

304 1730 400 1763 quam
424 1719 534 1762 vigore
560 1729 674 1752 eorum
701 1729 784 1762 qnae
816 1718 849 1752 in
874 1719 944 1752 aliis
974 1730 1041 1753 me-

302 1773 436 1806 moratis
452 1772 573 1805 nostris
593 1772 708 1805 litteris
727 1783 786 1815 pro
800 1772 1040 1815 reprobatione,

302 1825 483 1859 irritatione
510 1830 541 1858 et
566 1825 791 1857 annullatione
814 1825 910 1858 edicti
929 1825 967 1858 ab
986 1836 1040 1859 eo-

303 1881 375 1913 dem
400 1878 552 1912 Caietano
578 1878 697 1911 dudum
723 1878 936 1921 promulgati,
967 1889 1040 1912 nec-

301 1944 370 1967 non
393 1933 533 1967 aliorum
559 1933 598 1965 ab
625 1942 662 1965 eo
688 1932 720 1964 in
745 1931 806 1964 vim
837 1942 914 1964 suae
939 1942 1041 1966 asser-

302 1993 353 2021 tae
379 1985 597 2029 delegationis
627 1991 803 2028 gestorum,
829 1985 1040 2029 omniumque

302 2041 378 2074 inde
403 2044 590 2073 secutorum
616 2044 648 2072 et
683 2038 954 2081 quandocumque
990 2049 1040 2072 se-

303 2099 491 2127 cuturorum
507 2119 514 2132 ,
538 2092 622 2125 sicut
656 2091 894 2135 praemittitur,
922 2092 1017 2125 editis
1033 2119 1040 2133 ‚

302 2146 502 2191 amplissime
528 2145 728 2179 decrevimus
756 2151 787 2178 et
810 2145 1039 2188 mandavimus,

302 2211 362 2245 pro
386 2199 572 2243 reprobatis
596 2198 709 2232 itidem
734 2197 834 2231 irritis
860 2203 890 2232 et
907 2199 1040 2233 omnino

302 2254 399 2287 nullis
432 2252 546 2286 haberi
571 2252 715 2295 potuisse
741 2262 777 2284 ae
803 2251 957 2285 debuisse
977 2279 984 2293 ‚
1010 2258 1042 2286 et

303 2306 411 2340 forsan
435 2317 452 2339 a
476 2306 614 2339 sanioris
640 2306 756 2338 saltem
787 2305 906 2338 mentis
938 2306 1041 2340 homi-

304 2359 400 2391 nibus
424 2357 487 2391 iam
520 2357 631 2390 habita
656 2357 774 2398 suisse;
802 2358 1014 2392 nihilominus
1030 2387 1037 2400 ‚

305 2420 378 2443 cum
400 2409 485 2443 inter
510 2415 573 2443 tam
599 2410 708 2453 gravia
740 2410 922 2444 animarum
953 2412 1040 2456 peri-

304 2462 376 2496 cula
403 2462 543 2495 liberum
578 2463 672 2496 nobis
713 2473 778 2497 non
812 2463 852 2496 sit
887 2463 1039 2498 fidelibus

303 2514 435 2559 populis
472 2514 665 2548 documenta
695 2516 807 2549 salutis
831 2516 1035 2558 subtrahere,

303 2578 364 2602 nee
388 2577 447 2601 nos
465 2566 497 2600 in
524 2571 586 2600 tam
611 2570 722 2611 aperta
741 2573 837 2613 atque
863 2568 1038 2604 effraenata

389 2628 471 2659 Ball.
491 2629 575 2658 Rom.
592 2643 625 2650 -
644 2629 703 2658 Vol.
720 2630 795 2660 XXI.
940 2631 971 2660 81

1730 176 1788 208 041

1091 241 1256 264 sacrarum
1283 232 1392 273 legum
1419 232 1590 265 violatione
1623 233 1759 276 turpiter
1784 238 1830 266 ta-

1090 294 1174 322 cere,
1194 288 1248 316 aut
1267 284 1438 327 pastoralis
1455 284 1679 327 providentiae
1699 291 1828 319 nostrae

1091 337 1307 369 ministerium
1339 337 1478 369 otiosum
1509 348 1577 369 esse
1615 337 1768 377 velimus,
1796 349 1830 371 o-

1090 390 1213 422 mnium
1240 389 1362 423 idcirco
1390 396 1422 423 et
1447 389 1664 432 singulorum,
1690 402 1771 434 quae
1797 392 1829 424 in

1089 443 1274 486 praemissis
1311 454 1368 476 seu
1406 454 1520 476 eorum
1558 443 1731 476 occasione
1767 449 1829 477 tarn

1089 496 1128 528 ab
1154 496 1272 529 eodem
1298 496 1450 529 Caietano
1477 506 1573 538 quani
1600 497 1638 529 ab
1665 497 1735 529 aliis
1761 497 1829 540 qui-

1089 549 1288 592 buscumque
1314 549 1346 581 in
1372 550 1538 593 sequelam
1573 549 1737 592 praecepti
1771 560 1829 582 seu

1088 602 1231 634 mandati
1245 602 1436 645 praeinserti
1453 602 1564 645 quovis
1581 602 1676 635 modo
1689 602 1828 642 decreta,

1089 661 1157 687 aeta
1183 660 1214 687 et
1239 659 1330 697 gesta
1356 655 1496 695 suerunt,
1522 654 1652 695 seriem,
1671 665 1782 688 causas
1800 661 1830 687 et

1088 708 1357 747 circumstantias,
1382 718 1508 741 necnon
1534 708 1750 750 praefatarum
1773 718 1830 741 no-

1087 766 1225 794 strarum
1239 761 1421 793 litterarum
1441 765 1596 800 tenorem,
1613 761 1713 794 aliave
1733 772 1830 804 quae-

1088 814 1178 852 libet,
1216 813 1312 846 etiam
1344 813 1529 856 specificam
1564 819 1595 846 et
1628 813 1828 846 individuam

1087 866 1290 899 mentionem
1304 871 1335 899 et
1353 866 1597 909 expressionem
1616 866 1828 909 requirentia,

1088 919 1316 962 praesentilms
1345 930 1406 962 pro
1442 919 1537 962 plene
1570 924 1601 951 et
1630 919 1830 952 sufficienter

1088 972 1251 1015 expressis
1277 978 1307 1006 et
1334 972 1465 1005 insertis
1485 982 1520 1004 ac
1541 971 1732 1015 singillatim
1758 982 1829 1016 spe-

1087 1025 1220 1058 citicalis
1261 1026 1437 1065 habentes,
1477 1030 1563 1058 motu
1605 1025 1749 1067 proprio,
1791 1035 1827 1057 ex

1087 1080 1177 1111 certa
1203 1078 1339 1112 scientia
1372 1084 1401 1111 et
1432 1080 1558 1111 matura
1591 1077 1828 1111 deliberatione

1087 1132 1213 1171 nostris,
1231 1133 1337 1175 deque
1360 1132 1559 1175 apostolicae
1578 1132 1748 1175 potestatis
1763 1132 1827 1174 ple-

1087 1185 1261 1225 nitudine,
1298 1190 1510 1228 praeceptum
1547 1195 1602 1217 sen
1639 1185 1827 1218 mandatum

1086 1239 1336 1281 praeinsertum‚
1380 1249 1415 1270 ac
1454 1249 1680 1281 quaecumque
1720 1238 1751 1270 in
1789 1248 1827 1270 eo

1086 1297 1249 1331 contenta,
1276 1302 1402 1325 necnon
1429 1293 1491 1325 alia
1518 1304 1534 1325 a
1559 1297 1739 1325 memorato
1773 1292 1828 1326 Ca-

1086 1346 1194 1378 ietano
1220 1345 1334 1387 Buglio
1369 1346 1401 1378 in
1434 1345 1621 1389 praemissis
1660 1346 1708 1378 vel
1741 1345 1828 1379 circa

1087 1409 1123 1431 ea
1149 1399 1452 1442 quomodocuinque
1480 1404 1511 1431 et
1529 1399 1828 1442 qualitcreumquae

1086 1457 1168 1493 acta,
1193 1457 1291 1495 gesta,
1318 1453 1479 1493 mandata,
1515 1452 1646 1485 decreta
1679 1456 1710 1484 et
1742 1452 1827 1484 ordi-

1086 1511 1169 1546 nata,
1196 1516 1266 1538 cum
1289 1505 1440 1539 omnibus
1467 1510 1498 1538 et
1522 1505 1656 1548 singulis
1674 1504 1750 1538 inde
1777 1515 1827 1538 se-

1085 1559 1166 1592 cutis
1189 1564 1219 1592 et
1237 1560 1344 1592 forsan
1366 1559 1636 1602 quandocumque
1659 1559 1825 1598 secuturis,

1084 1612 1215 1655 penitus
1241 1617 1271 1644 et
1297 1612 1429 1644 omnino
1455 1611 1563 1651 nulla,
1592 1611 1685 1644 irrita
1716 1616 1747 1644 et
1779 1610 1827 1643 in-

1085 1665 1201 1705 valida,
1221 1665 1352 1705 iniusta,
1371 1665 1557 1708 reprobata,
1576 1665 1737 1705 damnata,
1758 1664 1826 1697 ina-

1085 1717 1157 1758 nia,
1195 1717 1366 1751 temeraria
1399 1724 1430 1751 et
1468 1729 1485 1751 a
1522 1728 1587 1751 non
1626 1717 1825 1751 habentibus

1084 1776 1279 1814 potestatem
1316 1771 1546 1804 damnabiliter
1582 1776 1755 1811 attentata,
1789 1782 1825 1803 ae

1085 1825 1123 1857 de
1142 1825 1225 1858 sacto
1246 1830 1467 1868 praesumpta,
1484 1825 1671 1868 nulliusque
1691 1825 1823 1857 omnino

1084 1878 1212 1911 roboris
1239 1883 1270 1910 et
1294 1878 1451 1911 momenti
1481 1879 1530 1910 vel
1557 1877 1718 1911 efficaciae
1753 1888 1824 1911 esse

1084 1936 1113 1965 et
1139 1931 1178 1963 ab
1205 1930 1297 1964 initio
1335 1931 1431 1964 fuisse
1467 1941 1503 1964 ac
1538 1936 1694 1974 perpetuo
1731 1930 1821 1971 sore,

1083 1994 1191 2028 neque
1217 1985 1272 2017 illa
1297 1994 1314 2016 a
1338 1994 1501 2027 quoquam
1527 1983 1693 2017 observari
1726 1994 1821 2027 posse

1084 2038 1132 2069 vel
1158 2037 1322 2079 potuisse,
1356 2036 1501 2079 adeoque
1534 2046 1594 2069 nec
1619 2037 1723 2069 ullum
1758 2041 1823 2069 sta-

1084 2096 1150 2122 tum
1175 2090 1282 2123 facere
1314 2090 1363 2123 vel
1398 2089 1536 2130 secisse,
1573 2089 1651 2130 sed,
1683 2088 1823 2132 perinde

1083 2153 1120 2176 ac
1150 2143 1176 2175 si
1209 2153 1374 2187 nunquam
1407 2148 1613 2176 emanassent
1647 2153 1708 2176 neo
1742 2143 1823 2176 sacta

1084 2195 1239 2235 fuissent,
1275 2206 1333 2238 pro
1371 2206 1438 2229 non
1472 2195 1654 2228 extantibus
1688 2200 1720 2229 et
1756 2206 1822 2230 non

1083 2249 1173 2282 sactis
1202 2255 1360 2293 perpetuo
1392 2249 1505 2282 itidem
1534 2248 1648 2282 haberi
1680 2248 1822 2289 debere,

1085 2308 1196 2336 tenore
1221 2303 1443 2346 praesentium
1469 2303 1685 2336 declaramus.
1712 2302 1749 2335 Et
1774 2303 1822 2335 ni-

1084 2357 1263 2390 hilominus
1282 2384 1290 2397 ,
1322 2357 1361 2390 ad
1394 2357 1550 2390 maiorem
1591 2357 1749 2390 cautelam
1790 2361 1822 2390 et

1083 2415 1243 2454 quatenus
1275 2420 1357 2454 opus
1389 2410 1453 2450 sit,
1479 2410 1534 2443 illa
1559 2409 1668 2443 omnia
1695 2415 1726 2443 et
1755 2409 1822 2442 sin-

1083 2465 1174 2506 gula,
1197 2469 1229 2497 et
1253 2463 1280 2496 si
1301 2473 1383 2507 quae
1407 2463 1543 2507 insuper
1566 2462 1820 2506 praemissorum

1083 2516 1254 2550 occasione
1273 2532 1296 2557 ,·
1313 2515 1380 2549 sive
1416 2516 1449 2548 in
1482 2526 1596 2550 eorum
1625 2516 1791 2558 sequelam
1810 2541 1818 2555 ,

1082 2579 1099 2602 a
1135 2568 1300 2612 praedicto
1340 2568 1491 2606 Caietano
1529 2578 1589 2604 seu
1628 2567 1696 2603 eius
1730 2566 1820 2602 iussu

1840 185 1889 211 Au.
1911 184 2024 211 0-1714
