2269 3203
59 203 112 231 An.
127 202 157 231 C.
181 202 247 231 1715

254 251 395 294 illisque,
415 252 538 285 etiamsi
566 252 712 284 habitum
737 255 769 283 et
792 249 994 283 roccliettum

255 304 454 337 notariorum
492 305 595 337 dictae
621 304 713 337 Sedis
747 303 833 335 iuxta
864 302 995 335 decreta

256 357 485 390 Laterauensis
503 357 630 391 concilii
649 356 823 389 novissime
841 355 994 388 celebrati

257 420 320 442 non
339 410 500 449 deferant,
519 415 554 442 ut
571 409 721 442 omnibus
739 414 771 441 et
789 408 995 451 quibuscum-

257 473 317 505 que
340 462 519 506 privilegiis
538 468 569 495 ct
587 461 802 500 facultatibus,
821 461 995 503 exemptio·

256 515 363 553 nibus,
389 514 645 547 innuunitatibus
662 541 670 554 ‚
695 514 920 552 libertatibus,
954 514 996 545 fa-

255 567 398 607 voribus,
415 567 525 610 gratiis
544 572 575 600 et
596 566 738 605 indultis,
758 566 875 609 quibus
894 566 994 599 ceteri

255 631 369 653 omnes
389 620 506 653 notarii
532 620 645 659 nostri,
671 620 766 652 etiam
793 620 833 652 de
859 630 995 652 numero

255 672 520 716 participantium
536 672 630 714 (citra
649 678 753 704 tamen
773 672 995 715 exemptiones

256 737 273 758 a
289 725 433 758 Concilio
451 724 641 758 Tridentino
662 724 816 764 sublatas,
834 724 922 764 itaut,
942 735 996 757 ne-

257 780 332 811 dum
358 778 464 822 quoad
490 778 682 817 criminalia,
703 778 757 811 sed
776 778 870 810 etiam
889 779 994 821 quoad

256 831 382 872 civilia,
407 831 598 865 subiaceant,
623 830 821 872 Ordinariis,
856 841 892 864 ac
916 831 996 864 citra

256 885 424 919 facultates
455 885 670 928 legitimandi,
697 885 734 918 ad
765 885 882 928 gradus
915 895 991 928 pro-

257 939 428 979 movendi,
465 944 497 971 et
528 938 673 971 notarios
710 948 765 971 scu
799 938 994 972 tabelliones

256 992 414 1032 creandi,
442 992 570 1035 aliaque
604 991 789 1025 huiusmodi
826 991 996 1035 privilegia

257 1045 379 1078 eisdem
404 1044 538 1078 notariis
570 1045 609 1078 de
635 1055 772 1078 numero
798 1045 997 1087 participan-

259 1099 336 1130 tium
355 1108 520 1139 concessa,
532 1108 588 1131 seu
601 1098 640 1130 ab
659 1098 703 1130 eis
721 1103 903 1141 praetensa,
916 1099 997 1130 itaut

237 1151 323 1184 'illis
347 1151 464 1184 nullibi
498 1151 542 1183 uti
576 1152 722 1191 valeant,
748 1161 783 1183 ac
813 1151 940 1183 irritum
967 1156 996 1184 et

258 1205 353 1238 inane
374 1205 491 1237 existat
510 1204 667 1248 quidquid
688 1215 780 1237 secus
798 1215 855 1247 per
871 1215 925 1237 eos
943 1209 997 1236 aut

258 1268 369 1290 eorum
410 1258 592 1300 quemlibet
627 1257 808 1300 respective
845 1258 995 1290 attentari

258 1310 444 1354 contigerit)
469 1315 624 1351 utuntur,
655 1311 824 1353 potiuntur
859 1315 890 1343 et.
919 1321 997 1353 gau-

258 1365 348 1403 dent,
371 1363 483 1403 acuti,
502 1364 600 1407 potiri
626 1369 657 1396 et
678 1364 820 1407 gaudere
843 1369 997 1407 poterunt

259 1416 508 1460 quomodolibet
540 1417 573 1449 in
606 1417 771 1457 futurum,
798 1428 863 1451 non
889 1418 995 1451 solum

259 1470 298 1502 ad
325 1480 437 1503 eorum
474 1469 596 1510 instar,
622 1470 679 1503 sed
715 1470 934 1513 pariformiter
966 1476 997 1504 et

259 1534 361 1567 aeque
386 1523 613 1567 principaliter
641 1535 677 1557 ac
702 1523 728 1557 si
753 1523 932 1567 privilegia,
954 1524 997 1556 fa-

260 1578 404 1617 cultates,
428 1576 664 1620 exemptiones,
684 1577 804 1619 gratiae
823 1582 854 1610 et
872 1577 998 1610 indulta

259 1629 448 1662 huiusmodi
481 1639 539 1672 pro
576 1629 640 1662 illis
674 1635 902 1671 emanassent,
929 1630 997 1671 uti,

262 1683 360 1726 potiri
387 1688 418 1716 et
441 1683 604 1726 gaudere,
632 1693 667 1716 ac
700 1683 849 1716 omnibus
875 1688 907 1716 et
932 1684 998 1716 sin-

260 1736 344 1778 gulis
362 1736 564 1780 apostolicis,
580 1735 717 1779 aliisque
734 1736 862 1775 litteris,
881 1736 998 1770 instru-

259 1789 388 1828 mentis,
407 1794 439 1821 et
456 1788 624 1832 seripturis
642 1788 781 1831 publicis
807 1793 838 1821 et
862 1789 997 1832 privatis

261 1842 414 1886 deinceps
432 1852 545 1875 eorum
559 1841 688 1875 nomine
702 1841 922 1883 conficiendis,
943 1853 999 1875 no-

261 1896 360 1929 tarios
385 1906 455 1929 sese
488 1895 689 1934 inscribere,
716 1900 748 1927 et
771 1894 835 1928 illis
861 1895 1000 1928 subscri-

260 1948 339 1982 bere
363 1949 506 1989 valeant‚
525 1958 561 1981 ac
576 1958 637 1992 pro
663 1947 745 1981 veris
770 1952 802 1980 et
826 1957 892 1980 non
918 1946 999 1980 fictis

261 2001 398 2034 notariis
423 2001 461 2033 ab
486 2001 638 2034 omnibus
665 1999 869 2040 habeantur,
901 2000 1001 2034 nihil-

262 2064 335 2098 que,
361 2054 596 2097 qualecumque
621 2052 703 2086 illud
730 2053 839 2093 fuerit,
867 2063 935 2085 cum
961 2053 999 2086 iis

261 2107 553 2150 subscriptionibus
579 2106 805 2149 subreptitium
832 2106 880 2139 vel
911 2106 1001 2140 obre·

261 2161 403 2204 ptitiurn,
428 2165 482 2193 aut
514 2160 702 2199 invalidum,
728 2160 782 2192 sed
808 2159 889 2193 illud
915 2159 1000 2192 idem

264 2213 372 2247 efficax
403 2214 436 2247 in
467 2213 615 2247 omnibus
648 2218 839 2253 censeatur,
863 2213 1002 2246 auctori-

264 2271 326 2299 tate
352 2267 538 2310 apostolica,
561 2266 749 2299 earumdem
771 2271 883 2299 tenore
909 2276 1002 2309 prae-

266 2319 418 2359 sentium,
444 2319 652 2353 concedimus
679 2324 710 2352 et
734 2319 954 2361 indulgemus.

85 2379 178 2425 ,ξιειειιο
195 2382 256 2424 arag:
310 2371 324 2414 ἓ
348 2371 379 2404 5.
405 2372 495 2410 Quod
519 2372 545 2405 si
571 2372 717 2405 eiusdem
736 2371 926 2404 Academiae
948 2382 1001 2403 seu

72 2411 408 2477 ifif¹‹]5qi'sshr3'‹=einstituti
433 2424 639 2457 scientiarum
656 2435 716 2468 pro
743 2429 887 2468 tempore
909 2434 1003 2467 prae-

73 2464 114 2478 ’Μ’
136 2464 168 2478 ”L
268 2487 318 2510 ses
343 2476 375 2509 in
401 2476 506 2510 laicali
537 2484 617 2510 statu
643 2478 836 2511 constitutus
861 2478 1003 2521 reperia-

268 2536 326 2569 tur,
356 2540 392 2563 ac
417 2529 449 2562 in
475 2540 513 2563 eo
536 2540 726 2573 permanere
751 2532 847 2572 velit,
873 2532 1000 2574 ipsum,

267 2584 370 2617 statim
396 2593 433 2616 ac
457 2583 497 2616 ad
527 2583 682 2617 eiusmodi
715 2584 853 2618 officium
880 2595 1003 2618 assum-

883 200 1024 225 CLEMENS
1050 199 1084 224 XI
1108 200 1156 224 ΓΡ.

1032 1309 1248 1347 ‚scientiarum
1275 1311 1370 1343 statui
1396 1315 1490 1354 atque
1516 1310 1688 1353 gubernio,
1706 1320 1842 1343 nec-rurv

1675 192 1738 226 6953
1785 200 1881 229 Aac.
1903 201 1972 229 1715

1038 254 1112 291 ptus
1131 249 1236 289 fuerit,
1256 254 1386 282 auratae
1412 249 1544 282 militiae
1570 250 1709 293 equitem
1736 251 1777 282 fa-

1039 302 1147 341 cimus,
1166 302 1392 335 constituimus
1414 308 1445 335 et
1469 313 1624 341 creamus,
1645 313 1679 335 ac
1701 303 1777 335 alio-

1039 365 1107 386 rum
1127 355 1271 398 equitum
1287 354 1421 387 militIae
1441 354 1627 388 huiusmodi
1642 365 1777 387 numero

1040 413 1071 440 et
1096 408 1259 441 consortio
1291 408 1509 441 favorabiliter
1541 418 1755 450 aggregamus
1772 434 1779 447 ,

1040 460 1155 503 eique,
1184 466 1219 493 ut
1245 466 1393 503 torquem
1430 471 1561 494 aureum
1595 472 1631 494 ac
1668 471 1778 493 ensem

1039 524 1076 545 ac
1093 519 1201 546 aurata
1220 515 1355 547 calcaria
1374 520 1510 556 gestare,
1530 524 1659 546 necnon
1678 514 1781 546 omni-

1039 566 1134 598 nibus
1162 572 1191 599 et
1217 566 1354 609 singulis
1376 566 1565 610 privilegiis,
1588 566 1710 609 gratiis,
1731 566 1778 598 iu-

1040 619 1148 658 dultis‚
1176 619 1441 662 exemptionibus
1468 625 1499 652 et
1524 619 1777 662 praerogativis,

1040 671 1157 714 quibus
1181 672 1235 704 alii
1263 672 1389 715 equites
1414 672 1600 705 huiusmodi
1627 672 1666 705 de
1692 672 1780 711 iure,

1039 735 1098 757 usu
1124 726 1172 758 vel
1200 725 1436 758 consuetudine
1462 732 1516 758 aut
1541 723 1619 759 alias
1644 735 1781 768 quomo-

1040 778 1165 810 dolibet
1189 782 1346 818 utuntur,
1381 778 1535 811 fruuntur
1560 783 1592 811 et
1617 778 1779 821 gaudent,

1040 831 1158 870 acuti,
1186 830 1248 863 frui
1276 836 1307 864 et
1332 831 1472 874 gaudere
1498 836 1636 875 possunt
1662 835 1694 864 et
1721 841 1779 874 po-

1040 889 1148 916 terunt
1180 883 1430 927 quomodolibet
1455 884 1486 917 in
1513 884 1677 923 futurum,
1709 884 1780 927 pari

1040 937 1136 970 niodo
1162 937 1256 979 (citra
1283 942 1388 969 tamen
1411 937 1578 970 facultates
1612 947 1628 970 a
1653 937 1782 980 praedi-

1040 996 1088 1023 cto
1113 990 1257 1023 Concilio
1295 989 1484 1024 Tridentino
1519 990 1684 1033 sublatas)
1709 990 1778 1029 uti,

1040 1044 1101 1076 frui
1127 1049 1158 1077 et
1183 1044 1325 1086 gaudere
1351 1044 1456 1077 libere
1484 1050 1515 1077 et
1540 1044 1626 1078 licite
1651 1044 1778 1083 valeat,

1040 1097 1231 1130 auctoritate
1250 1103 1282 1130 et
1301 1103 1413 1131 tenore
1438 1097 1612 1140 praedictis
1630 1097 1780 1130 similiter

1039 1151 1254 1193 indulgemus.

1083 1205 1097 1247 g
1121 1203 1152 1236 6.
1181 1204 1325 1247 Insuper,
1344 1215 1407 1248 quo
1433 1203 1562 1248 plenius
1589 1214 1625 1237 ac
1644 1203 1778 1237 uberius
1831 1210 1974 1256 J'T³‘'‘‚“‘¹,¹¹¹“¹

1040 1257 1124 1290 felici
1143 1257 1331 1300 praedictae
1350 1258 1543 1291 Academiae
1564 1267 1621 1290 seu
1637 1257 1777 1290 instituti
1789 1243 1916 1310 {ffitfflt'n'ttss
1930 1244 1974 1283 '⁵¹¹ss

1937 1297 1974 1309 ttttt

1788 1349 1834 1364 nem
1844 1343 1869 1363 ob
1927 1343 1973 1362 itio-

1954 1376 1959 1389 t

1040 1374 1104 1397 non
1121 1369 1226 1397 rectae
1241 1364 1328 1397 illius
1341 1364 1503 1398 bonorum
1518 1368 1550 1396 et
1562 1368 1776 1407 proventuum
1789 1372 1904 1418 Quemnam
1915 1376 1951 1394 ver
1963 1380 1974 1384 -

1040 1427 1319 1460 quorumcumque
1351 1416 1627 1450 administrationi
1659 1427 1780 1462 perpc-
1909 1412 1912 1416 ’

1041 1470 1102 1502 tuis
1128 1464 1242 1502 futuris
1275 1469 1475 1513 temporibus
1507 1471 1692 1503 consultum
1715 1470 1778 1510 sit,

1040 1523 1156 1556 harum
1175 1523 1260 1556 serie
1285 1522 1452 1556 statuimus
1473 1528 1505 1556 et
1523 1523 1728 1563 mandamus,
1746 1529 1782 1556 ut

1042 1586 1059 1608 a
1091 1581 1270 1609 memorato
1307 1581 1397 1609 coetu
1438 1586 1493 1609 seu
1527 1576 1780 1619 congregatione

1041 1633 1278 1672 assumptorum
1303 1634 1561 1672 nuncupatorum
1582 1629 1615 1661 in
1640 1628 1702 1662 tine
1728 1639 1781 1662 cu-

1041 1681 1173 1714 iuslibet
1204 1680 1281 1714 anni
1303 1691 1364 1724 qua
1390 1691 1448 1724 par
1472 1686 1523 1714 est
1547 1681 1718 1714 sedulitate
1745 1691 1781 1712 ac

1041 1733 1104 1767 side
1123 1733 1315 1767 conficiatur
1332 1739 1433 1767 status
1455 1734 1684 1768 oeconomicus
1704 1733 1782 1767 eius-

1043 1788 1116 1820 dem
1132 1787 1334 1826 Academiae‚
1350 1798 1478 1820 necnon
1501 1793 1652 1821 accurata
1670 1796 1782 1820 exare-

1043 1845 1094 1873 tur
1110 1840 1226 1873 relatio
1244 1840 1508 1873 observationum
1528 1850 1563 1872 ac
1581 1839 1782 1882 experimen-

1044 1898 1151 1926 torum
1177 1893 1352 1933 factorum‚
1378 1893 1646 1936 singularumque
1672 1902 1781 1924 rerum

1042 1945 1322 1986 memorabilium,
1351 1956 1433 1989 quae
1458 1945 1490 1978 in
1517 1945 1631 1979 eadem
1658 1945 1781 1978 Acade-

1043 1999 1106 2032 mia
1131 2008 1169 2032 eo
1186 2009 1271 2032 anno
1291 1999 1508 2041 contigerunt,
1525 2003 1560 2030 ut
1585 1998 1708 2031 fructus
1728 1998 1781 2041 qui

1044 2063 1080 2086 ex
1099 2052 1237 2096 peractis
1261 2052 1375 2085 studiis
1392 2057 1566 2095 perceptus
1587 2051 1690 2091 fuerit,
1709 2061 1783 2084 con-2

1044 2111 1126 2139 stare
1144 2105 1261 2149 possit.
1276 2105 1439 2138 Eiusmodi
1462 2115 1537 2138 vero
1551 2109 1668 2137 statum
1686 2114 1781 2138 oeco-

1043 2159 1207 2192 nomicum
1226 2163 1259 2191 et
1283 2158 1473 2191 relationem
1492 2157 1531 2190 ab
1550 2158 1665 2191 eodem
1686 2162 1781 2190 coetu

1044 2223 1101 2245 seu
1126 2212 1381 2254 congregatione
1417 2216 1656 2255 assumptorum
1691 2210 1783 2244 exhi-

1043 2265 1112 2298 beri
1138 2265 1275 2298 subinde
1301 2266 1450 2298 volumus
1485 2264 1656 2298 antedictis
1680 2264 1783 2297 refor-

1045 2319 1230 2357 matoribus,
1249 2328 1379 2350 necnon
1397 2317 1555 2350 moderno
1577 2322 1609 2350 et
1625 2327 1686 2361 pro
1708 2322 1783 2350 tema

1045 2381 1125 2414 pore
1161 2371 1313 2404 existenti
1345 2370 1376 2403 in
1413 2370 1540 2403 civitate
1574 2376 1606 2403 et
1630 2370 1781 2403 comitatu

1045 2423 1242 2457 Bononiensi
1269 2428 1381 2456 nostro
1415 2423 1583 2466 dictaeque
1617 2422 1709 2455 Sedis
1743 2422 1781 2453 de

1045 2479 1145 2510 latere
1170 2477 1287 2519 legato,
1310 2476 1426 2519 quibus
1444 2475 1650 2518 iniungimus,
1669 2481 1703 2506 ut
1720 2481 1782 2507 tam

1045 2535 1162 2563 statum
1188 2529 1432 2563 oeconomicum
1465 2539 1561 2572 quam
1587 2528 1780 2561 relationem

1045 2582 1244 2626 praedictam
1273 2582 1368 2615 simul
1395 2581 1572 2624 diligenter
1598 2580 1781 2613 examinent
