2269 3203
105 214 158 242 An.
179 212 206 240 C.
229 212 294 240 1706

141 2443 262 2465 Clausulas.

926 208 1065 234 emimus
1091 208 1124 232 XI
1149 208 1197 232 PP.

298 261 500 294 absolventes
524 265 556 294 et
574 260 736 293 absolutas
763 258 830 292 sore
855 263 1036 298 censentes,

300 313 486 346 huiusmodi
512 311 808 356 supplicationibus
824 311 982 349 inclinati,
1001 311 1039 343 de

300 366 534 398 venerabilium
552 367 682 397 l'ratrum
697 370 882 397 nostrorum
902 364 932 396 S.
951 364 986 395 u.
1004 363 1038 396 E.

301 419 514 451 cardinalium
540 418 678 461 negotiis
699 423 730 449 et
745 417 1039 450 consultationibus

303 472 533 516 episcoporum
569 479 597 504 et
617 471 814 513 regularium
842 470 1041 514 praeposito-

302 536 370 557 rum
395 553 401 565 ‚
429 525 483 569 qui
511 530 617 557 votum
644 524 774 567 capituli
801 524 964 565 generalis
985 534 1042 566 per

303 578 458 611 dilectum
484 577 579 610 etiam
606 576 705 610 silium
732 577 923 609 modernum
956 577 1042 620 prio-

302 642 368 665 rem
407 631 591 674 generalem
626 631 700 663 dicti
735 630 865 663 Ordinis
903 632 1041 663 relatum

302 685 573 728 perpenderunt,
604 683 775 727 ipsumque
809 683 951 726 priorem
990 694 1043 725 ge-

304 738 447 769 neralem
483 747 580 780 super
609 737 798 780 praemissis
825 736 1040 777 audiverunt,

302 790 449 831 consilio,
474 795 508 822 ut
526 790 694 823 memorati
714 789 823 822 Simon
844 795 872 822 et
896 789 1041 828 loannes,

303 843 356 886 qui
381 843 412 874 in
431 843 597 886 praedicta
616 842 873 884 Congregatione
891 843 923 874 in
943 842 1042 875 lndiis

303 895 524 928 Orientalibus
550 896 660 939 vicarii
680 895 892 938 provincialis
907 906 1043 928 munere

303 948 403 980 suncti
430 954 520 987 sunt,
547 941 726 991 privilegiis
753 953 784 981 et
810 949 1044 991 praerogativis

304 1001 601 1044 exprovincialium‚
627 1001 722 1033 etiam
749 1012 821 1033 cum
847 1007 921 1033 voto
948 1001 979 1033 in
996 1011 1046 1033 ca-

305 1053 414 1096 pitulis
440 1054 694 1096 provincialibus
718 1054 903 1097 provinciae
922 1054 1045 1087 Lusita-

306 1106 378 1138 niae
398 1133 405 1145 ,
433 1118 469 1138 ac
495 1117 566 1139 cum
594 1108 665 1139 loco
691 1107 877 1140 immediate
903 1113 977 1150 post
993 1118 1045 1140 ex-

306 1159 521 1203 provinciales
544 1159 690 1193 eiusdem
710 1160 904 1202 provinciae,
924 1160 1046 1203 potian-

306 1217 355 1244 tur
380 1220 412 1245 et
436 1213 616 1255 gaudeant,
642 1214 832 1246 auctoritate
851 1214 1041 1256 apostolica,

307 1272 418 1298 tenore
439 1266 678 1309 praesentium,
701 1266 926 1308 indulgemus:
954 1278 1045 1310 prae-

305 1325 396 1352 terea
421 1320 536 1352 eadem
562 1319 730 1363 privilegia
759 1325 789 1353 et
807 1321 1044 1363 praerogativas

305 1373 606 1416 exprovincialium,
633 1373 729 1405 etiam
753 1384 824 1406 cum
850 1379 924 1407 voto
950 1374 981 1406 in
1001 1385 1046 1407 ca-

306 1426 418 1470 pitulis
443 1425 697 1470 provincialibus
723 1432 754 1459 et
779 1437 851 1459 cum
884 1428 957 1460 loco
990 1429 1046 1460 im-

306 1480 447 1514 mediate
472 1485 548 1523 post
573 1479 756 1523 praedictos
775 1480 1043 1524 exprovinciales,

308 1534 433 1567 vicariis
457 1533 710 1577 provincialibus
723 1533 991 1577 Congregationis
1007 1534 1046 1568 Ο-

307 1587 450 1620 rientalis
463 1587 661 1630 praedictae,
680 1592 853 1630 postquam
870 1587 902 1620 in
917 1589 1047 1631 provin-

307 1641 387 1673 ciam
421 1638 638 1682 portugalliae
673 1641 891 1684 supradictam
925 1642 1044 1675 reversi

308 1692 439 1733 suerint,
466 1692 657 1726 auctoritate
682 1698 714 1726 et
736 1698 848 1727 tenore
866 1694 1044 1737 praedictis

307 1745 537 1780 concedimus:
557 1747 594 1778 ea
619 1751 726 1778 tamen
750 1747 832 1788 lege,
857 1752 893 1779 ut
917 1747 937 1779 ii
957 1748 1046 1780 dum-

308 1804 394 1832 taxat
418 1799 577 1832 enarratis
601 1798 779 1842 privilegiis
811 1800 843 1832 in
878 1801 1046 1843 provincia

307 1852 377 1896 ipsa
401 1853 543 1895 gaudere
568 1853 718 1893 valeant,
753 1853 808 1896 qui
846 1863 883 1886 ex
918 1853 1046 1897 Europa

307 1906 340 1938 in
364 1905 471 1938 Indias
498 1911 692 1946 transeunt,
721 1911 753 1938 et
777 1906 898 1939 ibidem
935 1907 1045 1940 vicarii

308 1958 517 2002 provincialis
542 1969 657 1992 munus
675 1958 802 2001 integro
820 1959 956 1993 biennio
975 1970 1046 1993 cum

308 2012 402 2045 laude
428 2016 461 2044 et
484 2012 630 2055 prosectu
664 2022 825 2044 sacrarum
857 2012 1045 2045 missionum

307 2064 460 2103 obierint,
486 2064 581 2107 quive
607 2070 660 2096 aut
676 2065 814 2098 lectores
832 2065 957 2098 iubilati
973 2065 1045 2105 sint,

309 2124 362 2151 aut
387 2118 594 2161 evangelicae
616 2118 870 2161 praedicationis
888 2119 1047 2162 principa-

307 2171 445 2204 lioribus
465 2171 497 2204 in
521 2171 707 2204 Lusitaniae
724 2171 858 2204 urbibus
876 2171 987 2214 viginti
1007 2172 1046 2205 ad

307 2225 412 2258 minus
437 2234 540 2257 annos
558 2234 630 2257 cum
651 2225 768 2267 plausu
793 2224 942 2267 iustaque
964 2224 1047 2257 sama

309 2278 535 2321 expleverint:
574 2278 661 2310 salva
701 2282 809 2311 tamen
846 2288 978 2321 semper
1014 2277 1046 2310 in

309 2331 497 2373 praemissis
540 2331 733 2364 auctoritate
773 2330 1046 2374 Congregationis

309 2384 499 2417 eorumdem
524 2384 752 2417 cardinalium.

352 2437 367 2480 ἓ
398 2435 430 2469 3.
463 2436 684 2470 Decernentes
704 2462 712 2477 ‚
750 2437 835 2480 ipsas
855 2442 1048 2481 praesentes

309 2489 435 2522 litteras
459 2498 589 2532 semper
613 2488 731 2529 firmas,
750 2489 872 2522 validas
894 2495 926 2522 et
943 2489 1049 2523 effica-

309 2551 362 2575 ces
387 2541 526 2574 existere
551 2548 583 2576 et
607 2542 688 2583 sore,
715 2552 854 2587 suosque
880 2543 1049 2586 plenarios

310 2601 341 2628 et
360 2594 505 2638 integros
532 2593 665 2629 effeetus
689 2596 799 2629 sortiri
825 2601 857 2629 et
881 2596 1043 2638 obtinere,

1083 267 1119 290 ac
1135 257 1208 297 illis,
1225 256 1262 290 ad
1282 265 1362 300 quos
1384 260 1507 299 spectat
1533 260 1564 288 et
1587 264 1648 299 pro
1675 260 1822 299 tempore

1084 311 1358 354 quandocumque
1376 309 1548 352 spectabit,
1569 309 1599 341 in
1626 309 1776 341 omnibus
1793 314 1824 341 et

1085 374 1142 406 per
1171 363 1279 396 omnIa
1306 363 1494 405 plenissime
1521 361 1701 404 sull'ragari,
1728 367 1759 394 et
1783 362 1822 393 ab

1085 417 1149 450 illis
1174 417 1412 450 inviolabiliter
1440 416 1630 456 observari,
1658 415 1769 458 sicque
1792 414 1824 446 in

1085 469 1272 512 praemissis
1297 480 1355 513 per
1380 479 1602 512 quoscumque
1627 469 1749 501 iudices
1779 478 1826 501 or-

1085 523 1230 555 dinarios
1264 528 1296 555 ct
1330 523 1511 566 delegatos,
1537 523 1631 555 etiam
1655 532 1826 554 causarum

1085 576 1195 619 palatii
1222 576 1396 619 apostolici
1424 576 1608 615 amlitores,
1634 575 1769 608 iudicari
1795 579 1828 607 et

1086 629 1214 662 definiri
1240 629 1375 668 debere,
1407 640 1443 662 ac
1468 629 1594 661 irritum
1620 633 1650 661 et
1676 629 1771 660 inane
1800 628 1825 660 si

1086 693 1179 715 secus
1204 693 1304 726 super
1329 682 1378 715 his
1405 693 1421 715 a
1447 692 1626 725 quoquam,
1647 681 1758 724 quavis
1776 691 1825 713 au-

1085 736 1247 775 ctoritate,
1274 735 1415 768 scienter
1442 737 1490 768 vel
1521 735 1721 778 ignoranter,
1750 744 1827 767 con-

1087 788 1198 831 tigerit
1223 783 1388 821 attentari.

1130 843 1144 885 g
1169 841 1200 874 4.
1227 842 1297 874 Non
1317 842 1525 875 obstantibus
1552 841 1652 874 felicis
1677 840 1828 874 recorda-

1088 896 1165 929 tioni
1193 895 1369 929 Clementis
1387 895 1492 938 Papae
1510 895 1573 927 VIII
1600 894 1828 938 praedecesso-

1087 949 1130 982 ris
1144 948 1257 989 nostri,
1273 959 1353 992 quae
1369 948 1483 991 incipit
1495 947 1656 981 Admonet
1671 958 1739 987 νιος,
1757 951 1826 986 eto,

1088 1003 1224 1046 aliisque
1261 1001 1550 1035 constitutionibus
1585 1007 1617 1034 et
1651 1001 1830 1034 ordinatio-

1088 1057 1182 1089 nibus
1207 1055 1410 1099 apostolicis‚
1438 1065 1566 1088 necnon
1594 1054 1830 1097 Congregatio-

1088 1111 1147 1149 nis,
1167 1108 1353 1152 provinciae
1374 1114 1406 1140 et
1423 1108 1552 1141 Ordinis
1571 1107 1828 1150 praedictorum,

1088 1163 1186 1195 etiam
1204 1162 1397 1201 iuramento,
1424 1160 1674 1194 confirmatione
1701 1165 1831 1202 aposto·

1088 1215 1158 1254 tica,
1189 1215 1237 1247 vel
1258 1214 1370 1257 quavis
1392 1213 1546 1246 firmitate
1571 1213 1633 1246 alia
1658 1212 1830 1251 roboratis,

1088 1267 1217 1300 statutis
1249 1273 1280 1299 et
1312 1266 1620 1306 consuetudinibus,
1648 1265 1830 1308 privilegiis

1089 1331 1220 1363 quoque
1238 1346 1245 1359 ,
1271 1319 1405 1352 indultis
1430 1324 1462 1352 et
1491 1318 1608 1351 litteris
1641 1318 1832 1361 apostolicis

1088 1373 1120 1405 in
1147 1373 1344 1406 eontrarium
1369 1372 1626 1416 praemissorum
1653 1371 1833 1415 quomodo-

1089 1425 1356 1465 libetconeessis,
1375 1424 1574 1458 confirmatis
1601 1429 1631 1457 et
1648 1423 1829 1463 innovatis;

1089 1479 1207 1523 quibus
1244 1479 1396 1512 omnibus
1433 1484 1466 1512 et
1503 1477 1660 1521 singulis,
1700 1477 1831 1510 illorum

1090 1539 1218 1566 tenores
1244 1532 1472 1576 praesentibus
1504 1542 1563 1574 pro
1592 1531 1690 1574 plene
1714 1535 1747 1563 et
1770 1530 1833 1563 sus-

1088 1584 1236 1618 sscienter
1252 1584 1413 1628 expressis
1434 1594 1469 1616 ac
1489 1584 1528 1617 ad
1544 1583 1678 1616 verbum
1696 1582 1831 1615 insertis

1089 1638 1258 1678 habentes,
1284 1637 1349 1670 illis
1375 1637 1454 1670 alias
1479 1637 1512 1669 in
1537 1647 1595 1670 suo
1621 1636 1742 1670 robore
1760 1646 1834 1679 per-

1088 1691 1258 1731 mansuris,
1292 1691 1331 1724 ad
1365 1690 1622 1734 praemissorum
1654 1688 1831 1730 effectum,

1089 1745 1149 1777 hac
1181 1744 1250 1777 vice
1282 1744 1469 1783 dumtaxat,
1496 1742 1684 1786 specialiter
1714 1747 1747 1775 et
1782 1751 1833 1774 ex-

1088 1808 1200 1840 presse
1226 1797 1436 1839 derogamus3
1460 1796 1646 1839 ceterisque
1660 1794 1834 1829 contrariis

1089 1850 1365 1894 quibuscumque.

1133 1903 1247 1936 Datum
1272 1904 1402 1943 Romae,
1429 1901 1514 1946 apud
1545 1901 1576 1935 S.
1607 1901 1748 1942 Petrum,
1773 1900 1833 1933 sub

1089 1958 1210 1990 annulo
1227 1957 1413 1995 piscatoris,
1429 1956 1480 1988 die
1500 1966 1508 1989 1
1528 1954 1682 1988 februarii
1701 1963 1832 1994 noceri,

1088 2009 1299 2053 pontificatus
1324 2009 1428 2042 nostri
1455 2019 1541 2041 anno
1565 2019 1609 2041 vr

1126 2071 1184 2098 Dat.
1208 2071 1253 2098 die
1275 2074 1284 2098 1
1310 2070 1442 2098 februarii
1465 2070 1545 2104 1706,
1567 2069 1665 2106 pontis.
1689 2078 1760 2097 anno
1778 2075 1813 2096 νι.

1366 2238 1553 2273 LXXXVIII.

1092 2329 1285 2364 Conceditur
1310 2329 1474 2362 militibus
1503 2329 1533 2363 S.
1560 2327 1695 2362 Ioannis
1722 2328 1835 2361 Hiero-2

1134 2382 1328 2425 solymitani
1352 2382 1492 2424 facultas
1511 2381 1655 2424 faciendi
1678 2380 1834 2414 celebrari

1134 2436 1268 2468 missam
1305 2436 1341 2468 in
1377 2436 1507 2478 maqm's
1547 2435 1685 2467 navibus
1720 2434 1833 2467 annua

1118 2488 1346 2532 -naviyatione
1371 2492 1481 2521 contra
1506 2487 1653 2530 infideles
1677 2487 1698 2520 ¹.

1129 2561 1140 2586 1
1163 2559 1232 2586 Vide
1251 2559 1320 2586 infra
1335 2559 1459 2593 allegata.
1477 2559 1507 2585 In
1523 2557 1667 2585 Alexandri
1687 2556 1747 2583 VIII
1768 2564 1832 2582 con-

1092 2604 1145 2631 stit.
1169 2604 1212 2631 ed.
1235 2611 1331 2638 uocxc,
1354 2604 1396 2631 die
1417 2604 1432 2629 5
1456 2603 1573 2638 augusti,
1604 2602 1697 2636 pontis.
1719 2609 1738 2634 1,
1763 2603 1834 2626 extat

1713 198 1777 231 ⁶253
1825 206 1877 233 An.
1898 205 2013 234 (2170ss

1863 848 2021 867 Contrariorum

1839 875 1872 894 uvi
1879 877 1959 900 ugano.
