<?xml version="1.0" encoding="UTF-8"?>
<!DOCTYPE html PUBLIC "-//W3C//DTD XHTML 1.0 Transitional//EN"
    "http://www.w3.org/TR/xhtml1/DTD/xhtml1-transitional.dtd">
<html xmlns="http://www.w3.org/1999/xhtml" xml:lang="en" lang="en">
 <head>
  <title>
</title>
<meta http-equiv="Content-Type" content="text/html;charset=utf-8" />
  <meta name='ocr-system' content='tesseract 3.04.00' />
  <meta name='ocr-capabilities' content='ocr_page ocr_carea ocr_par ocr_line ocrx_word'/>
</head>
<body>
  <div class='ocr_page' id='page_1' title='image "./bullarumdiplomat21cath_0342.png"; bbox 0 0 2269 3203; ppageno 0'>
   <div class='ocr_carea' id='block_1_1' title="bbox 236 218 416 246">
    <p class='ocr_par' dir='ltr' id='par_1_1' title="bbox 236 218 416 246">
     <span class='ocr_line' id='line_1_1' title="bbox 236 218 416 246; baseline -0.006 -1"><span class='ocrx_word' id='word_1_1' title='bbox 236 220 280 246; x_wconf 52' lang='grc'>111.</span> <span class='ocrx_word' id='word_1_2' title='bbox 299 218 326 244; x_wconf 91' lang='lat' dir='ltr'>C.</span> <span class='ocrx_word' id='word_1_3' title='bbox 354 218 416 244; x_wconf 81' lang='lat'>1707</span> 
     </span>
    </p>
   </div>
   <div class='ocr_carea' id='block_1_2' title="bbox 417 209 1189 2553">
    <p class='ocr_par' dir='ltr' id='par_1_2' title="bbox 417 209 1189 2553">
     <span class='ocr_line' id='line_1_2' title="bbox 464 209 1189 245; baseline 0.001 -2"><span class='ocrx_word' id='word_1_4' title='bbox 464 209 528 243; x_wconf 64' lang='lat'>⁶280</span> <span class='ocrx_word' id='word_1_5' title='bbox 1012 221 1189 245; x_wconf 64' lang='lat' dir='ltr'>BL&#39;LLAItlt&#39;M</span> 
     </span>
     <span class='ocr_line' id='line_1_3' title="bbox 426 267 1166 313; baseline 0.001 -12"><span class='ocrx_word' id='word_1_6' title='bbox 426 267 526 302; x_wconf 85' lang='lat' dir='ltr'>dictas</span> <span class='ocrx_word' id='word_1_7' title='bbox 552 270 737 313; x_wconf 74' lang='lat' dir='ltr'>religiones,</span> <span class='ocrx_word' id='word_1_8' title='bbox 761 270 966 312; x_wconf 86' lang='lat' dir='ltr'>monasteria,</span> <span class='ocrx_word' id='word_1_9' title='bbox 993 270 1166 304; x_wconf 73' lang='lat' dir='ltr'>societates</span> 
     </span>
     <span class='ocr_line' id='line_1_4' title="bbox 425 324 1166 368; baseline 0 -12"><span class='ocrx_word' id='word_1_10' title='bbox 425 327 457 356; x_wconf 87' lang='lat' dir='ltr'>et</span> <span class='ocrx_word' id='word_1_11' title='bbox 481 329 682 364; x_wconf 89' lang='lat' dir='ltr'>conventus,</span> <span class='ocrx_word' id='word_1_12' title='bbox 708 325 852 367; x_wconf 60' lang='lat' dir='ltr'>exceptis</span> <span class='ocrx_word' id='word_1_13' title='bbox 888 324 1108 368; x_wconf 68' lang='lat' dir='ltr'>hospitalibus</span> <span class='ocrx_word' id='word_1_14' title='bbox 1135 329 1166 356; x_wconf 92' lang='lat' dir='ltr'>et</span> 
     </span>
     <span class='ocr_line' id='line_1_5' title="bbox 424 376 1162 410; baseline -0.001 -1"><span class='ocrx_word' id='word_1_15' title='bbox 424 376 542 409; x_wconf 85' lang='lat' dir='ltr'>Ordine</span> <span class='ocrx_word' id='word_1_16' title='bbox 580 376 708 410; x_wconf 86' lang='lat' dir='ltr'>militari</span> <span class='ocrx_word' id='word_1_17' title='bbox 740 377 786 410; x_wconf 83' lang='lat' dir='ltr'>Ss.</span> <span class='ocrx_word' id='word_1_18' title='bbox 815 376 952 410; x_wconf 87' lang='lat' dir='ltr'>Mauritii</span> <span class='ocrx_word' id='word_1_19' title='bbox 986 382 1016 409; x_wconf 88' lang='lat' dir='ltr'>et</span> <span class='ocrx_word' id='word_1_20' title='bbox 1040 377 1162 409; x_wconf 87' lang='lat' dir='ltr'>Lazari.</span> 
     </span>
     <span class='ocr_line' id='line_1_6' title="bbox 424 429 1161 469; baseline -0.003 -7"><span class='ocrx_word' id='word_1_21' title='bbox 424 429 593 462; x_wconf 86' lang='lat' dir='ltr'>Praeterea</span> <span class='ocrx_word' id='word_1_22' title='bbox 612 429 643 462; x_wconf 90' lang='lat' dir='ltr'>in</span> <span class='ocrx_word' id='word_1_23' title='bbox 669 430 782 463; x_wconf 85' lang='lat' dir='ltr'>eodem</span> <span class='ocrx_word' id='word_1_24' title='bbox 802 430 906 463; x_wconf 87' lang='lat' dir='ltr'>edicto</span> <span class='ocrx_word' id='word_1_25' title='bbox 929 430 1073 463; x_wconf 88' lang='lat' dir='ltr'>additum</span> <span class='ocrx_word' id='word_1_26' title='bbox 1093 429 1161 469; x_wconf 85' lang='lat' dir='ltr'>fuit,</span> 
     </span>
     <span class='ocr_line' id='line_1_7' title="bbox 425 482 1165 527; baseline -0.003 -11"><span class='ocrx_word' id='word_1_27' title='bbox 425 484 510 526; x_wconf 91' lang='lat' dir='ltr'>quod</span> <span class='ocrx_word' id='word_1_28' title='bbox 538 482 680 526; x_wconf 76' lang='lat' dir='ltr'>religiosi</span> <span class='ocrx_word' id='word_1_29' title='bbox 708 483 874 527; x_wconf 87' lang='lat' dir='ltr'>utriusque</span> <span class='ocrx_word' id='word_1_30' title='bbox 901 493 1005 522; x_wconf 79' lang='lat' dir='ltr'>sexus,</span> <span class='ocrx_word' id='word_1_31' title='bbox 1028 482 1080 526; x_wconf 90' lang='lat' dir='ltr'>qui</span> <span class='ocrx_word' id='word_1_32' title='bbox 1106 493 1165 525; x_wconf 90' lang='lat' dir='ltr'>per</span> 
     </span>
     <span class='ocr_line' id='line_1_8' title="bbox 425 535 1164 579; baseline -0.001 -10"><span class='ocrx_word' id='word_1_33' title='bbox 425 548 479 569; x_wconf 78' lang='lat' dir='ltr'>sex</span> <span class='ocrx_word' id='word_1_34' title='bbox 498 547 597 570; x_wconf 90' lang='lat' dir='ltr'>annos</span> <span class='ocrx_word' id='word_1_35' title='bbox 617 537 762 570; x_wconf 86' lang='lat' dir='ltr'>habitum</span> <span class='ocrx_word' id='word_1_36' title='bbox 789 537 971 579; x_wconf 78' lang='lat' dir='ltr'>regularem</span> <span class='ocrx_word' id='word_1_37' title='bbox 989 535 1164 568; x_wconf 82' lang='lat' dir='ltr'>cuiuscum-</span> 
     </span>
     <span class='ocr_line' id='line_1_9' title="bbox 424 589 1164 633; baseline -0.001 -12"><span class='ocrx_word' id='word_1_38' title='bbox 424 600 486 633; x_wconf 90' lang='lat' dir='ltr'>que</span> <span class='ocrx_word' id='word_1_39' title='bbox 505 589 631 622; x_wconf 79' lang='lat' dir='ltr'>Ordinis</span> <span class='ocrx_word' id='word_1_40' title='bbox 649 589 853 630; x_wconf 76' lang='lat' dir='ltr'>detulissent,</span> <span class='ocrx_word' id='word_1_41' title='bbox 874 589 1078 622; x_wconf 87' lang='lat' dir='ltr'>numerando</span> <span class='ocrx_word' id='word_1_42' title='bbox 1097 599 1164 621; x_wconf 80' lang='lat' dir='ltr'>sex-</span> 
     </span>
     <span class='ocr_line' id='line_1_10' title="bbox 425 639 1164 686; baseline -0.001 -12"><span class='ocrx_word' id='word_1_43' title='bbox 425 641 556 675; x_wconf 89' lang='lat' dir='ltr'>ennium</span> <span class='ocrx_word' id='word_1_44' title='bbox 582 653 598 674; x_wconf 91' lang='lat' dir='ltr'>a</span> <span class='ocrx_word' id='word_1_45' title='bbox 625 642 675 675; x_wconf 91' lang='lat' dir='ltr'>die</span> <span class='ocrx_word' id='word_1_46' title='bbox 694 641 836 686; x_wconf 85' lang='lat' dir='ltr'>suscepti</span> <span class='ocrx_word' id='word_1_47' title='bbox 859 641 986 674; x_wconf 87' lang='lat' dir='ltr'>habitus</span> <span class='ocrx_word' id='word_1_48' title='bbox 1007 639 1164 683; x_wconf 82' lang='lat' dir='ltr'>regularis</span> 
     </span>
     <span class='ocr_line' id='line_1_11' title="bbox 424 691 1187 738; baseline -0.003 -11"><span class='ocrx_word' id='word_1_49' title='bbox 424 695 634 734; x_wconf 88' lang='lat' dir='ltr'>huiusmodi,</span> <span class='ocrx_word' id='word_1_50' title='bbox 671 695 777 738; x_wconf 85' lang='lat' dir='ltr'>quoad</span> <span class='ocrx_word' id='word_1_51' title='bbox 814 706 870 728; x_wconf 88' lang='lat' dir='ltr'>eos</span> <span class='ocrx_word' id='word_1_52' title='bbox 896 694 949 738; x_wconf 88' lang='lat' dir='ltr'>qui</span> <span class='ocrx_word' id='word_1_53' title='bbox 975 694 1066 727; x_wconf 90' lang='lat' dir='ltr'>illum</span> <span class='ocrx_word' id='word_1_54' title='bbox 1092 699 1162 737; x_wconf 86' lang='lat' dir='ltr'>post</span> <span class='ocrx_word' id='word_1_55' title='bbox 1185 691 1187 722; x_wconf 68' lang='lat'>&#39;1</span> 
     </span>
     <span class='ocr_line' id='line_1_12' title="bbox 424 739 1187 791; baseline -0.004 -11"><span class='ocrx_word' id='word_1_56' title='bbox 424 748 587 791; x_wconf 81' lang='lat' dir='ltr'>expletum</span> <span class='ocrx_word' id='word_1_57' title='bbox 613 747 902 780; x_wconf 82' lang='lat' dir='ltr'>decimumsextum</span> <span class='ocrx_word' id='word_1_58' title='bbox 939 757 1015 779; x_wconf 90' lang='lat' dir='ltr'>suae</span> <span class='ocrx_word' id='word_1_59' title='bbox 1048 746 1162 779; x_wconf 88' lang='lat' dir='ltr'>aetatis</span> <span class='ocrx_word' id='word_1_60' title='bbox 1186 739 1187 742; x_wconf 30' lang='lat'>¹</span> 
     </span>
     <span class='ocr_line' id='line_1_13' title="bbox 423 799 1161 844; baseline -0.004 -11"><span class='ocrx_word' id='word_1_61' title='bbox 423 810 542 833; x_wconf 87' lang='lat' dir='ltr'>annum</span> <span class='ocrx_word' id='word_1_62' title='bbox 569 805 800 844; x_wconf 86' lang='lat' dir='ltr'>susceperunt,</span> <span class='ocrx_word' id='word_1_63' title='bbox 829 799 934 844; x_wconf 88' lang='lat' dir='ltr'>quoad</span> <span class='ocrx_word' id='word_1_64' title='bbox 960 799 1040 832; x_wconf 88' lang='lat' dir='ltr'>alios</span> <span class='ocrx_word' id='word_1_65' title='bbox 1065 809 1161 838; x_wconf 84' lang='lat' dir='ltr'>vero,</span> 
     </span>
     <span class='ocr_line' id='line_1_14' title="bbox 423 853 1163 897; baseline -0.001 -12"><span class='ocrx_word' id='word_1_66' title='bbox 423 853 478 897; x_wconf 89' lang='lat' dir='ltr'>qui</span> <span class='ocrx_word' id='word_1_67' title='bbox 506 854 594 887; x_wconf 89' lang='lat' dir='ltr'>illum</span> <span class='ocrx_word' id='word_1_68' title='bbox 621 860 694 886; x_wconf 88' lang='lat' dir='ltr'>ante</span> <span class='ocrx_word' id='word_1_69' title='bbox 721 854 838 887; x_wconf 79' lang='lat' dir='ltr'>dictam</span> <span class='ocrx_word' id='word_1_70' title='bbox 857 858 992 886; x_wconf 87' lang='lat' dir='ltr'>aetatem</span> <span class='ocrx_word' id='word_1_71' title='bbox 1019 862 1163 895; x_wconf 82' lang='lat' dir='ltr'>suscepe-</span> 
     </span>
     <span class='ocr_line' id='line_1_15' title="bbox 423 905 1161 947; baseline -0.004 -8"><span class='ocrx_word' id='word_1_72' title='bbox 423 912 526 947; x_wconf 86' lang='lat' dir='ltr'>runt,</span> <span class='ocrx_word' id='word_1_73' title='bbox 560 917 577 939; x_wconf 88' lang='lat' dir='ltr'>a</span> <span class='ocrx_word' id='word_1_74' title='bbox 613 906 675 939; x_wconf 78' lang='lat' dir='ltr'>fine</span> <span class='ocrx_word' id='word_1_75' title='bbox 710 906 785 939; x_wconf 87' lang='lat' dir='ltr'>dicti</span> <span class='ocrx_word' id='word_1_76' title='bbox 826 905 1026 939; x_wconf 59' lang='lat' dir='ltr'>decimisexti</span> <span class='ocrx_word' id='word_1_77' title='bbox 1065 905 1161 944; x_wconf 88' lang='lat' dir='ltr'>anni,</span> 
     </span>
     <span class='ocr_line' id='line_1_16' title="bbox 424 959 1162 998; baseline -0.004 -6"><span class='ocrx_word' id='word_1_78' title='bbox 424 960 547 992; x_wconf 87' lang='lat' dir='ltr'>etiamsi</span> <span class='ocrx_word' id='word_1_79' title='bbox 567 961 691 993; x_wconf 88' lang='lat' dir='ltr'>nullum</span> <span class='ocrx_word' id='word_1_80' title='bbox 712 959 864 993; x_wconf 72' lang='lat' dir='ltr'>fecissent</span> <span class='ocrx_word' id='word_1_81' title='bbox 890 964 1006 998; x_wconf 74' lang='lat' dir='ltr'>votum,</span> <span class='ocrx_word' id='word_1_82' title='bbox 1025 959 1075 990; x_wconf 88' lang='lat' dir='ltr'>vel</span> <span class='ocrx_word' id='word_1_83' title='bbox 1100 963 1162 989; x_wconf 89' lang='lat' dir='ltr'>tan·</span> 
     </span>
     <span class='ocr_line' id='line_1_17' title="bbox 423 1011 1161 1057; baseline -0.004 -12"><span class='ocrx_word' id='word_1_84' title='bbox 423 1019 489 1045; x_wconf 90' lang='lat' dir='ltr'>tum</span> <span class='ocrx_word' id='word_1_85' title='bbox 516 1019 586 1046; x_wconf 88' lang='lat' dir='ltr'>vota</span> <span class='ocrx_word' id='word_1_86' title='bbox 611 1014 780 1057; x_wconf 87' lang='lat' dir='ltr'>simplicia,</span> <span class='ocrx_word' id='word_1_87' title='bbox 808 1018 1020 1046; x_wconf 83' lang='lat' dir='ltr'>censerentur</span> <span class='ocrx_word' id='word_1_88' title='bbox 1044 1011 1161 1043; x_wconf 90' lang='lat' dir='ltr'>mortui</span> 
     </span>
     <span class='ocr_line' id='line_1_18' title="bbox 423 1064 1162 1110; baseline -0.003 -11"><span class='ocrx_word' id='word_1_89' title='bbox 423 1067 568 1107; x_wconf 87' lang='lat' dir='ltr'>civiliter,</span> <span class='ocrx_word' id='word_1_90' title='bbox 589 1073 620 1099; x_wconf 86' lang='lat' dir='ltr'>et</span> <span class='ocrx_word' id='word_1_91' title='bbox 644 1067 758 1110; x_wconf 81' lang='lat' dir='ltr'>privati</span> <span class='ocrx_word' id='word_1_92' title='bbox 784 1066 871 1099; x_wconf 89' lang='lat' dir='ltr'>omui</span> <span class='ocrx_word' id='word_1_93' title='bbox 897 1066 965 1098; x_wconf 88' lang='lat' dir='ltr'>iure</span> <span class='ocrx_word' id='word_1_94' title='bbox 988 1064 1082 1104; x_wconf 81' lang='lat' dir='ltr'>civili,</span> <span class='ocrx_word' id='word_1_95' title='bbox 1101 1069 1162 1097; x_wconf 86' lang='lat' dir='ltr'>tam</span> 
     </span>
     <span class='ocr_line' id='line_1_19' title="bbox 422 1119 1163 1164; baseline -0.005 -10"><span class='ocrx_word' id='word_1_96' title='bbox 422 1132 482 1164; x_wconf 87' lang='lat' dir='ltr'>pro</span> <span class='ocrx_word' id='word_1_97' title='bbox 508 1121 635 1154; x_wconf 83' lang='lat' dir='ltr'>casibus</span> <span class='ocrx_word' id='word_1_98' title='bbox 661 1121 845 1164; x_wconf 86' lang='lat' dir='ltr'>praeteritis</span> <span class='ocrx_word' id='word_1_99' title='bbox 863 1131 958 1164; x_wconf 88' lang='lat' dir='ltr'>quam</span> <span class='ocrx_word' id='word_1_100' title='bbox 975 1119 1099 1158; x_wconf 86' lang='lat' dir='ltr'>futuris,</span> <span class='ocrx_word' id='word_1_101' title='bbox 1116 1119 1163 1162; x_wconf 87' lang='lat' dir='ltr'>ip-</span> 
     </span>
     <span class='ocr_line' id='line_1_20' title="bbox 421 1174 1161 1219; baseline -0.005 -11"><span class='ocrx_word' id='word_1_102' title='bbox 421 1186 474 1209; x_wconf 88' lang='lat' dir='ltr'>sos</span> <span class='ocrx_word' id='word_1_103' title='bbox 493 1186 623 1219; x_wconf 83' lang='lat' dir='ltr'>quoque</span> <span class='ocrx_word' id='word_1_104' title='bbox 638 1176 778 1219; x_wconf 84' lang='lat' dir='ltr'>privatos</span> <span class='ocrx_word' id='word_1_105' title='bbox 797 1175 994 1208; x_wconf 85' lang='lat' dir='ltr'>declarando</span> <span class='ocrx_word' id='word_1_106' title='bbox 1009 1174 1161 1206; x_wconf 84' lang='lat' dir='ltr'>facultate</span> 
     </span>
     <span class='ocr_line' id='line_1_21' title="bbox 420 1228 1163 1274; baseline -0.004 -11"><span class='ocrx_word' id='word_1_107' title='bbox 420 1230 610 1274; x_wconf 87' lang='lat' dir='ltr'>possidendi</span> <span class='ocrx_word' id='word_1_108' title='bbox 627 1229 760 1273; x_wconf 88' lang='lat' dir='ltr'>propria</span> <span class='ocrx_word' id='word_1_109' title='bbox 778 1239 832 1261; x_wconf 90' lang='lat' dir='ltr'>sua</span> <span class='ocrx_word' id='word_1_110' title='bbox 849 1229 944 1268; x_wconf 88' lang='lat' dir='ltr'>bona,</span> <span class='ocrx_word' id='word_1_111' title='bbox 967 1228 1080 1272; x_wconf 89' lang='lat' dir='ltr'>quovis</span> <span class='ocrx_word' id='word_1_112' title='bbox 1096 1234 1163 1260; x_wconf 85' lang='lat' dir='ltr'>tan-</span> 
     </span>
     <span class='ocr_line' id='line_1_22' title="bbox 422 1283 1163 1328; baseline -0.003 -12"><span class='ocrx_word' id='word_1_113' title='bbox 422 1285 494 1317; x_wconf 92' lang='lat' dir='ltr'>dem</span> <span class='ocrx_word' id='word_1_114' title='bbox 514 1289 681 1328; x_wconf 74' lang='lat' dir='ltr'>praetextu</span> <span class='ocrx_word' id='word_1_115' title='bbox 709 1283 941 1327; x_wconf 73' lang='lat' dir='ltr'>deposuissent</span> <span class='ocrx_word' id='word_1_116' title='bbox 956 1284 1005 1316; x_wconf 78' lang='lat' dir='ltr'>vel</span> <span class='ocrx_word' id='word_1_117' title='bbox 1021 1283 1163 1326; x_wconf 84' lang='lat' dir='ltr'>depone-</span> 
     </span>
     <span class='ocr_line' id='line_1_23' title="bbox 421 1335 1162 1379; baseline -0.004 -9"><span class='ocrx_word' id='word_1_118' title='bbox 421 1342 492 1370; x_wconf 89' lang='lat' dir='ltr'>rent</span> <span class='ocrx_word' id='word_1_119' title='bbox 510 1336 655 1369; x_wconf 88' lang='lat' dir='ltr'>habitum</span> <span class='ocrx_word' id='word_1_120' title='bbox 675 1337 855 1379; x_wconf 76' lang='lat' dir='ltr'>regularem</span> <span class='ocrx_word' id='word_1_121' title='bbox 871 1336 902 1368; x_wconf 90' lang='lat' dir='ltr'>in</span> <span class='ocrx_word' id='word_1_122' title='bbox 921 1336 1061 1368; x_wconf 86' lang='lat' dir='ltr'>futurum</span> <span class='ocrx_word' id='word_1_123' title='bbox 1081 1335 1162 1378; x_wconf 89' lang='lat' dir='ltr'>(qui-</span> 
     </span>
     <span class='ocr_line' id='line_1_24' title="bbox 420 1390 1162 1432; baseline -0.004 -8"><span class='ocrx_word' id='word_1_124' title='bbox 420 1391 480 1424; x_wconf 87' lang='lat' dir='ltr'>bus</span> <span class='ocrx_word' id='word_1_125' title='bbox 494 1395 601 1424; x_wconf 89' lang='lat' dir='ltr'>tamen</span> <span class='ocrx_word' id='word_1_126' title='bbox 619 1390 796 1422; x_wconf 86' lang='lat' dir='ltr'>adiudicari</span> <span class='ocrx_word' id='word_1_127' title='bbox 810 1394 919 1432; x_wconf 89' lang='lat' dir='ltr'>posset</span> <span class='ocrx_word' id='word_1_128' title='bbox 937 1400 953 1422; x_wconf 87' lang='lat' dir='ltr'>a</span> <span class='ocrx_word' id='word_1_129' title='bbox 971 1395 1083 1422; x_wconf 86' lang='lat' dir='ltr'>senatu</span> <span class='ocrx_word' id='word_1_130' title='bbox 1105 1390 1162 1422; x_wconf 90' lang='lat' dir='ltr'>ali-</span> 
     </span>
     <span class='ocr_line' id='line_1_25' title="bbox 422 1443 1163 1488; baseline -0.003 -11"><span class='ocrx_word' id='word_1_131' title='bbox 422 1455 483 1488; x_wconf 88' lang='lat' dir='ltr'>qua</span> <span class='ocrx_word' id='word_1_132' title='bbox 502 1444 646 1488; x_wconf 83' lang='lat' dir='ltr'>provisio</span> <span class='ocrx_word' id='word_1_133' title='bbox 666 1443 864 1477; x_wconf 85' lang='lat' dir='ltr'>alimentaris</span> <span class='ocrx_word' id='word_1_134' title='bbox 883 1443 921 1476; x_wconf 87' lang='lat' dir='ltr'>de</span> <span class='ocrx_word' id='word_1_135' title='bbox 939 1443 1034 1476; x_wconf 86' lang='lat' dir='ltr'>bonis</span> <span class='ocrx_word' id='word_1_136' title='bbox 1050 1453 1163 1486; x_wconf 89' lang='lat' dir='ltr'>paren-</span> 
     </span>
     <span class='ocr_line' id='line_1_26' title="bbox 422 1497 1161 1540; baseline -0.005 -9"><span class='ocrx_word' id='word_1_137' title='bbox 422 1504 501 1537; x_wconf 89' lang='lat' dir='ltr'>tum,</span> <span class='ocrx_word' id='word_1_138' title='bbox 515 1498 564 1531; x_wconf 89' lang='lat' dir='ltr'>vel</span> <span class='ocrx_word' id='word_1_139' title='bbox 579 1497 759 1540; x_wconf 74' lang='lat' dir='ltr'>religionis,</span> <span class='ocrx_word' id='word_1_140' title='bbox 774 1508 790 1529; x_wconf 86' lang='lat' dir='ltr'>a</span> <span class='ocrx_word' id='word_1_141' title='bbox 805 1508 866 1540; x_wconf 82' lang='lat' dir='ltr'>qua</span> <span class='ocrx_word' id='word_1_142' title='bbox 879 1497 999 1539; x_wconf 78' lang='lat' dir='ltr'>egressi</span> <span class='ocrx_word' id='word_1_143' title='bbox 1016 1497 1161 1537; x_wconf 81' lang='lat' dir='ltr'>fuissent,</span> 
     </span>
     <span class='ocr_line' id='line_1_27' title="bbox 421 1549 1160 1595; baseline -0.004 -11"><span class='ocrx_word' id='word_1_144' title='bbox 421 1556 518 1595; x_wconf 90' lang='lat' dir='ltr'>prout</span> <span class='ocrx_word' id='word_1_145' title='bbox 532 1551 635 1584; x_wconf 89' lang='lat' dir='ltr'>dictus</span> <span class='ocrx_word' id='word_1_146' title='bbox 654 1555 785 1583; x_wconf 81' lang='lat' dir='ltr'>senatus</span> <span class='ocrx_word' id='word_1_147' title='bbox 804 1560 942 1593; x_wconf 84' lang='lat' dir='ltr'>aequum</span> <span class='ocrx_word' id='word_1_148' title='bbox 960 1549 1160 1592; x_wconf 85' lang='lat' dir='ltr'>iudicasset),</span> 
     </span>
     <span class='ocr_line' id='line_1_28' title="bbox 421 1603 1160 1643; baseline -0.004 -5"><span class='ocrx_word' id='word_1_149' title='bbox 421 1605 607 1638; x_wconf 72' lang='lat' dir='ltr'>facultatem</span> <span class='ocrx_word' id='word_1_150' title='bbox 630 1603 827 1636; x_wconf 83' lang='lat' dir='ltr'>reclamandi</span> <span class='ocrx_word' id='word_1_151' title='bbox 848 1604 886 1636; x_wconf 93' lang='lat' dir='ltr'>ad</span> <span class='ocrx_word' id='word_1_152' title='bbox 905 1603 1104 1643; x_wconf 76' lang='lat' dir='ltr'>sexennium,</span> <span class='ocrx_word' id='word_1_153' title='bbox 1128 1608 1160 1635; x_wconf 88' lang='lat' dir='ltr'>ut</span> 
     </span>
     <span class='ocr_line' id='line_1_29' title="bbox 421 1656 1160 1702; baseline -0.004 -11"><span class='ocrx_word' id='word_1_154' title='bbox 421 1669 538 1702; x_wconf 88' lang='lat' dir='ltr'>supra,</span> <span class='ocrx_word' id='word_1_155' title='bbox 565 1657 838 1702; x_wconf 87' lang='lat' dir='ltr'>computandum,</span> <span class='ocrx_word' id='word_1_156' title='bbox 864 1657 969 1690; x_wconf 88' lang='lat' dir='ltr'>citatis</span> <span class='ocrx_word' id='word_1_157' title='bbox 1002 1656 1160 1689; x_wconf 86' lang='lat' dir='ltr'>interesse</span> 
     </span>
     <span class='ocr_line' id='line_1_30' title="bbox 420 1709 1160 1753; baseline -0.004 -9"><span class='ocrx_word' id='word_1_158' title='bbox 420 1711 627 1751; x_wconf 83' lang='lat' dir='ltr'>habentibus,</span> <span class='ocrx_word' id='word_1_159' title='bbox 653 1710 898 1753; x_wconf 82' lang='lat' dir='ltr'>restringendo,</span> <span class='ocrx_word' id='word_1_160' title='bbox 917 1710 958 1742; x_wconf 87' lang='lat' dir='ltr'>ita</span> <span class='ocrx_word' id='word_1_161' title='bbox 980 1709 1076 1752; x_wconf 82' lang='lat' dir='ltr'>quod,</span> <span class='ocrx_word' id='word_1_162' title='bbox 1096 1720 1160 1742; x_wconf 92' lang='lat' dir='ltr'>non</span> 
     </span>
     <span class='ocr_line' id='line_1_31' title="bbox 421 1763 1160 1797; baseline -0.003 0"><span class='ocrx_word' id='word_1_163' title='bbox 421 1766 552 1797; x_wconf 79' lang='lat' dir='ltr'>obtenta</span> <span class='ocrx_word' id='word_1_164' title='bbox 578 1764 699 1797; x_wconf 85' lang='lat' dir='ltr'>ultimis</span> <span class='ocrx_word' id='word_1_165' title='bbox 738 1763 863 1796; x_wconf 89' lang='lat' dir='ltr'>duobus</span> <span class='ocrx_word' id='word_1_166' title='bbox 895 1763 988 1796; x_wconf 89' lang='lat' dir='ltr'>annis</span> <span class='ocrx_word' id='word_1_167' title='bbox 1014 1764 1160 1796; x_wconf 86' lang='lat' dir='ltr'>declara-</span> 
     </span>
     <span class='ocr_line' id='line_1_32' title="bbox 421 1816 1158 1858; baseline -0.005 -7"><span class='ocrx_word' id='word_1_168' title='bbox 421 1818 507 1851; x_wconf 92' lang='lat' dir='ltr'>tione</span> <span class='ocrx_word' id='word_1_169' title='bbox 533 1817 709 1856; x_wconf 86' lang='lat' dir='ltr'>nullitatis,</span> <span class='ocrx_word' id='word_1_170' title='bbox 737 1816 985 1849; x_wconf 71' lang='lat' dir='ltr'>reclamationes</span> <span class='ocrx_word' id='word_1_171' title='bbox 1019 1816 1158 1858; x_wconf 88' lang='lat' dir='ltr'>amplius</span> 
     </span>
     <span class='ocr_line' id='line_1_33' title="bbox 420 1868 1159 1912; baseline -0.004 -8"><span class='ocrx_word' id='word_1_172' title='bbox 420 1881 484 1904; x_wconf 90' lang='lat' dir='ltr'>non</span> <span class='ocrx_word' id='word_1_173' title='bbox 511 1869 774 1909; x_wconf 80' lang='lat' dir='ltr'>attenderentur3</span> <span class='ocrx_word' id='word_1_174' title='bbox 798 1869 882 1902; x_wconf 86' lang='lat' dir='ltr'>eirca</span> <span class='ocrx_word' id='word_1_175' title='bbox 902 1879 978 1902; x_wconf 90' lang='lat' dir='ltr'>vero</span> <span class='ocrx_word' id='word_1_176' title='bbox 1005 1868 1159 1912; x_wconf 84' lang='lat' dir='ltr'>receptio-</span> 
     </span>
     <span class='ocr_line' id='line_1_34' title="bbox 421 1922 1158 1966; baseline -0.004 -9"><span class='ocrx_word' id='word_1_177' title='bbox 421 1935 477 1958; x_wconf 89' lang='lat' dir='ltr'>nes</span> <span class='ocrx_word' id='word_1_178' title='bbox 492 1923 720 1966; x_wconf 79' lang='lat' dir='ltr'>religiosorum</span> <span class='ocrx_word' id='word_1_179' title='bbox 738 1922 906 1966; x_wconf 87' lang='lat' dir='ltr'>utriusque</span> <span class='ocrx_word' id='word_1_180' title='bbox 921 1922 1043 1965; x_wconf 86' lang='lat' dir='ltr'>pariter</span> <span class='ocrx_word' id='word_1_181' title='bbox 1055 1932 1158 1962; x_wconf 79' lang='lat' dir='ltr'>sexus,</span> 
     </span>
     <span class='ocr_line' id='line_1_35' title="bbox 420 1976 1161 2020; baseline -0.003 -10"><span class='ocrx_word' id='word_1_182' title='bbox 420 1977 452 2010; x_wconf 87' lang='lat' dir='ltr'>in</span> <span class='ocrx_word' id='word_1_183' title='bbox 474 1977 588 2010; x_wconf 88' lang='lat' dir='ltr'>eodem</span> <span class='ocrx_word' id='word_1_184' title='bbox 615 1976 720 2010; x_wconf 87' lang='lat' dir='ltr'>edicto</span> <span class='ocrx_word' id='word_1_185' title='bbox 747 1976 939 2020; x_wconf 88' lang='lat' dir='ltr'>dispositum</span> <span class='ocrx_word' id='word_1_186' title='bbox 966 1980 997 2009; x_wconf 90' lang='lat' dir='ltr'>et</span> <span class='ocrx_word' id='word_1_187' title='bbox 1022 1976 1161 2009; x_wconf 82' lang='lat' dir='ltr'>declara-</span> 
     </span>
     <span class='ocr_line' id='line_1_36' title="bbox 421 2030 1161 2074; baseline -0.001 -10"><span class='ocrx_word' id='word_1_188' title='bbox 421 2037 485 2064; x_wconf 86' lang='lat' dir='ltr'>tum</span> <span class='ocrx_word' id='word_1_189' title='bbox 505 2030 571 2071; x_wconf 88' lang='lat' dir='ltr'>fuit,</span> <span class='ocrx_word' id='word_1_190' title='bbox 592 2031 677 2074; x_wconf 89' lang='lat' dir='ltr'>quod</span> <span class='ocrx_word' id='word_1_191' title='bbox 698 2030 821 2071; x_wconf 86' lang='lat' dir='ltr'>domus,</span> <span class='ocrx_word' id='word_1_192' title='bbox 848 2036 1038 2071; x_wconf 85' lang='lat' dir='ltr'>conventus,</span> <span class='ocrx_word' id='word_1_193' title='bbox 1058 2031 1161 2064; x_wconf 87' lang='lat' dir='ltr'>socic-</span> 
     </span>
     <span class='ocr_line' id='line_1_37' title="bbox 421 2084 1160 2127; baseline -0.001 -10"><span class='ocrx_word' id='word_1_194' title='bbox 421 2090 500 2118; x_wconf 83' lang='lat' dir='ltr'>tates</span> <span class='ocrx_word' id='word_1_195' title='bbox 533 2088 586 2116; x_wconf 90' lang='lat' dir='ltr'>aut</span> <span class='ocrx_word' id='word_1_196' title='bbox 618 2084 838 2124; x_wconf 83' lang='lat' dir='ltr'>monasteria,</span> <span class='ocrx_word' id='word_1_197' title='bbox 864 2094 937 2116; x_wconf 87' lang='lat' dir='ltr'>cum</span> <span class='ocrx_word' id='word_1_198' title='bbox 974 2084 1160 2127; x_wconf 80' lang='lat' dir='ltr'>reciperent</span> 
     </span>
     <span class='ocr_line' id='line_1_38' title="bbox 420 2137 1159 2182; baseline -0.001 -11"><span class='ocrx_word' id='word_1_199' title='bbox 420 2138 546 2182; x_wconf 87' lang='lat' dir='ltr'>aliquos</span> <span class='ocrx_word' id='word_1_200' title='bbox 574 2137 769 2179; x_wconf 73' lang='lat' dir='ltr'>religiosos,</span> <span class='ocrx_word' id='word_1_201' title='bbox 796 2137 879 2169; x_wconf 89' lang='lat' dir='ltr'>nihil</span> <span class='ocrx_word' id='word_1_202' title='bbox 910 2143 1045 2180; x_wconf 88' lang='lat' dir='ltr'>possent</span> <span class='ocrx_word' id='word_1_203' title='bbox 1070 2148 1159 2170; x_wconf 85' lang='lat' dir='ltr'>acce-</span> 
     </span>
     <span class='ocr_line' id='line_1_39' title="bbox 420 2190 1159 2235; baseline 0 -12"><span class='ocrx_word' id='word_1_204' title='bbox 420 2196 510 2235; x_wconf 91' lang='lat' dir='ltr'>ptare</span> <span class='ocrx_word' id='word_1_205' title='bbox 537 2190 649 2234; x_wconf 87' lang='lat' dir='ltr'>quovis</span> <span class='ocrx_word' id='word_1_206' title='bbox 684 2196 852 2233; x_wconf 78' lang='lat' dir='ltr'>praetextu</span> <span class='ocrx_word' id='word_1_207' title='bbox 879 2196 1086 2233; x_wconf 83' lang='lat' dir='ltr'>sumptuum,</span> <span class='ocrx_word' id='word_1_208' title='bbox 1112 2191 1159 2223; x_wconf 90' lang='lat' dir='ltr'>in-</span> 
     </span>
     <span class='ocr_line' id='line_1_40' title="bbox 420 2243 1160 2288; baseline 0 -12"><span class='ocrx_word' id='word_1_209' title='bbox 420 2254 549 2287; x_wconf 79' lang='lat' dir='ltr'>gressus</span> <span class='ocrx_word' id='word_1_210' title='bbox 574 2243 606 2275; x_wconf 90' lang='lat' dir='ltr'>in</span> <span class='ocrx_word' id='word_1_211' title='bbox 632 2244 849 2285; x_wconf 74' lang='lat' dir='ltr'>religionem,</span> <span class='ocrx_word' id='word_1_212' title='bbox 875 2244 1059 2284; x_wconf 80' lang='lat' dir='ltr'>novitiatus,</span> <span class='ocrx_word' id='word_1_213' title='bbox 1087 2256 1160 2288; x_wconf 85' lang='lat' dir='ltr'>sup-</span> 
     </span>
     <span class='ocr_line' id='line_1_41' title="bbox 418 2296 1182 2340; baseline 0 -10"><span class='ocrx_word' id='word_1_214' title='bbox 418 2296 654 2340; x_wconf 82' lang='lat' dir='ltr'>pellectilium,</span> <span class='ocrx_word' id='word_1_215' title='bbox 693 2296 849 2336; x_wconf 82' lang='lat' dir='ltr'>restium,</span> <span class='ocrx_word' id='word_1_216' title='bbox 877 2297 1101 2329; x_wconf 82' lang='lat' dir='ltr'>fundationum</span> <span class='ocrx_word' id='word_1_217' title='bbox 1130 2304 1182 2330; x_wconf 51' lang='lat' dir='ltr'>et¹</span> 
     </span>
     <span class='ocr_line' id='line_1_42' title="bbox 418 2349 1160 2393; baseline 0 -11"><span class='ocrx_word' id='word_1_218' title='bbox 418 2349 569 2389; x_wconf 85' lang='lat' dir='ltr'>aliorum,</span> <span class='ocrx_word' id='word_1_219' title='bbox 588 2349 648 2381; x_wconf 85' lang='lat' dir='ltr'>nisi</span> <span class='ocrx_word' id='word_1_220' title='bbox 667 2349 755 2382; x_wconf 88' lang='lat' dir='ltr'>mille</span> <span class='ocrx_word' id='word_1_221' title='bbox 775 2350 915 2382; x_wconf 75' lang='lat' dir='ltr'>florenos</span> <span class='ocrx_word' id='word_1_222' title='bbox 942 2350 1069 2382; x_wconf 88' lang='lat' dir='ltr'>illarum</span> <span class='ocrx_word' id='word_1_223' title='bbox 1088 2360 1160 2393; x_wconf 88' lang='lat' dir='ltr'>par-</span> 
     </span>
     <span class='ocr_line' id='line_1_43' title="bbox 420 2403 1182 2443; baseline -0.001 -7"><span class='ocrx_word' id='word_1_224' title='bbox 420 2404 519 2443; x_wconf 90' lang='lat' dir='ltr'>tium,</span> <span class='ocrx_word' id='word_1_225' title='bbox 546 2403 686 2436; x_wconf 88' lang='lat' dir='ltr'>liberum</span> <span class='ocrx_word' id='word_1_226' title='bbox 721 2408 825 2435; x_wconf 84' lang='lat' dir='ltr'>tamen</span> <span class='ocrx_word' id='word_1_227' title='bbox 852 2409 938 2435; x_wconf 84' lang='lat' dir='ltr'>essct</span> <span class='ocrx_word' id='word_1_228' title='bbox 964 2403 1058 2435; x_wconf 87' lang='lat' dir='ltr'>dictis</span> <span class='ocrx_word' id='word_1_229' title='bbox 1084 2403 1182 2436; x_wconf 80' lang='lat' dir='ltr'>reli-¹</span> 
     </span>
     <span class='ocr_line' id='line_1_44' title="bbox 418 2455 1182 2500; baseline -0.001 -11"><span class='ocrx_word' id='word_1_230' title='bbox 418 2456 518 2500; x_wconf 76' lang='lat' dir='ltr'>giosis</span> <span class='ocrx_word' id='word_1_231' title='bbox 554 2455 614 2488; x_wconf 87' lang='lat' dir='ltr'>sibi</span> <span class='ocrx_word' id='word_1_232' title='bbox 651 2466 816 2488; x_wconf 87' lang='lat' dir='ltr'>reservare</span> <span class='ocrx_word' id='word_1_233' title='bbox 855 2466 889 2488; x_wconf 76' lang='lat' dir='ltr'>ex</span> <span class='ocrx_word' id='word_1_234' title='bbox 928 2466 1038 2487; x_wconf 91' lang='lat' dir='ltr'>eorum</span> <span class='ocrx_word' id='word_1_235' title='bbox 1064 2455 1159 2488; x_wconf 88' lang='lat' dir='ltr'>bonis</span> <span class='ocrx_word' id='word_1_236' title='bbox 1181 2486 1182 2495; x_wconf 62' lang='grc'>,</span> 
     </span>
     <span class='ocr_line' id='line_1_45' title="bbox 417 2500 1182 2553; baseline -0.001 -10"><span class='ocrx_word' id='word_1_237' title='bbox 417 2509 608 2553; x_wconf 85' lang='lat' dir='ltr'>pensionem</span> <span class='ocrx_word' id='word_1_238' title='bbox 627 2508 864 2552; x_wconf 79' lang='lat' dir='ltr'>quinquaginta</span> <span class='ocrx_word' id='word_1_239' title='bbox 881 2510 1093 2549; x_wconf 76' lang='lat' dir='ltr'>florenorum,</span> <span class='ocrx_word' id='word_1_240' title='bbox 1116 2521 1159 2542; x_wconf 84' lang='lat' dir='ltr'>ra-</span> <span class='ocrx_word' id='word_1_241' title='bbox 1181 2500 1182 2520; x_wconf 61' lang='lat'><strong>³</strong></span> 
     </span>
    </p>
   </div>
   <div class='ocr_carea' id='block_1_3' title="bbox 1181 286 1190 2640">
    <p class='ocr_par' dir='ltr' id='par_1_3' title="bbox 1181 286 1190 2640">
     <span class='ocr_line' id='line_1_46' title="bbox 1181 286 1190 2640; baseline 0 0"><span class='ocrx_word' id='word_1_242' title='bbox 1181 286 1190 2640; x_wconf 95' lang='lat' dir='ltr'> </span> 
     </span>
    </p>
   </div>
   <div class='ocr_carea' id='block_1_4' title="bbox 418 2562 1182 2661">
    <p class='ocr_par' dir='ltr' id='par_1_4' title="bbox 418 2562 1182 2661">
     <span class='ocr_line' id='line_1_47' title="bbox 418 2562 1160 2606; baseline 0 -10"><span class='ocrx_word' id='word_1_243' title='bbox 418 2564 505 2597; x_wconf 88' lang='lat' dir='ltr'>tione</span> <span class='ocrx_word' id='word_1_244' title='bbox 531 2563 714 2596; x_wconf 87' lang='lat' dir='ltr'>studiorum</span> <span class='ocrx_word' id='word_1_245' title='bbox 737 2567 879 2602; x_wconf 88' lang='lat' dir='ltr'>tantum,</span> <span class='ocrx_word' id='word_1_246' title='bbox 901 2567 932 2595; x_wconf 90' lang='lat' dir='ltr'>et</span> <span class='ocrx_word' id='word_1_247' title='bbox 950 2562 1012 2596; x_wconf 90' lang='grc'>1100</span> <span class='ocrx_word' id='word_1_248' title='bbox 1031 2572 1089 2606; x_wconf 92' lang='lat' dir='ltr'>per</span> <span class='ocrx_word' id='word_1_249' title='bbox 1107 2563 1160 2596; x_wconf 89' lang='lat' dir='ltr'>de-</span> 
     </span>
     <span class='ocr_line' id='line_1_48' title="bbox 419 2616 1182 2661; baseline -0.001 -9"><span class='ocrx_word' id='word_1_250' title='bbox 419 2617 571 2652; x_wconf 83' lang='lat' dir='ltr'>cennium</span> <span class='ocrx_word' id='word_1_251' title='bbox 597 2627 615 2650; x_wconf 91' lang='lat' dir='ltr'>a</span> <span class='ocrx_word' id='word_1_252' title='bbox 640 2616 693 2650; x_wconf 90' lang='lat' dir='ltr'>die</span> <span class='ocrx_word' id='word_1_253' title='bbox 729 2616 961 2661; x_wconf 81' lang='lat' dir='ltr'>professi011is;</span> <span class='ocrx_word' id='word_1_254' title='bbox 988 2621 1019 2650; x_wconf 86' lang='lat' dir='ltr'>et</span> <span class='ocrx_word' id='word_1_255' title='bbox 1051 2617 1158 2661; x_wconf 85' lang='lat' dir='ltr'>quoad</span> <span class='ocrx_word' id='word_1_256' title='bbox 1180 2641 1182 2656; x_wconf 86' lang='lat'>.</span> 
     </span>
    </p>
   </div>
   <div class='ocr_carea' id='block_1_5' title="bbox 1203 221 1951 2552">
    <p class='ocr_par' dir='ltr' id='par_1_5' title="bbox 1203 221 1951 2497">
     <span class='ocr_line' id='line_1_49' title="bbox 1217 221 1371 245; baseline 0 0"><span class='ocrx_word' id='word_1_257' title='bbox 1217 221 1371 245; x_wconf 54' lang='lat' dir='ltr'>noussen</span> 
     </span>
     <span class='ocr_line' id='line_1_50' title="bbox 1210 268 1948 314; baseline -0.003 -11"><span class='ocrx_word' id='word_1_258' title='bbox 1210 270 1378 314; x_wconf 84' lang='lat' dir='ltr'>religiosas</span> <span class='ocrx_word' id='word_1_259' title='bbox 1406 274 1437 302; x_wconf 88' lang='lat' dir='ltr'>et</span> <span class='ocrx_word' id='word_1_260' title='bbox 1462 269 1644 309; x_wconf 86' lang='lat' dir='ltr'>moniales,</span> <span class='ocrx_word' id='word_1_261' title='bbox 1672 268 1890 309; x_wconf 87' lang='lat' dir='ltr'>monasteria,</span> <span class='ocrx_word' id='word_1_262' title='bbox 1915 268 1948 301; x_wconf 83' lang='lat' dir='ltr'>in</span> 
     </span>
     <span class='ocr_line' id='line_1_51' title="bbox 1210 322 1948 367; baseline 0.001 -12"><span class='ocrx_word' id='word_1_263' title='bbox 1210 334 1291 367; x_wconf 85' lang='lat' dir='ltr'>quae</span> <span class='ocrx_word' id='word_1_264' title='bbox 1319 324 1483 367; x_wconf 77' lang='lat' dir='ltr'>ingressae</span> <span class='ocrx_word' id='word_1_265' title='bbox 1511 322 1659 362; x_wconf 88' lang='lat' dir='ltr'>fuissent,</span> <span class='ocrx_word' id='word_1_266' title='bbox 1679 327 1848 365; x_wconf 79' lang='lat' dir='ltr'>acceptare</span> <span class='ocrx_word' id='word_1_267' title='bbox 1865 322 1948 356; x_wconf 89' lang='lat' dir='ltr'>nihil</span> 
     </span>
     <span class='ocr_line' id='line_1_52' title="bbox 1208 375 1951 420; baseline 0 -12"><span class='ocrx_word' id='word_1_268' title='bbox 1208 382 1341 420; x_wconf 84' lang='lat' dir='ltr'>possent</span> <span class='ocrx_word' id='word_1_269' title='bbox 1360 376 1472 419; x_wconf 83' lang='lat' dir='ltr'>quovis</span> <span class='ocrx_word' id='word_1_270' title='bbox 1493 380 1663 418; x_wconf 49' lang='lat' dir='ltr'>praetextu</span> <span class='ocrx_word' id='word_1_271' title='bbox 1689 380 1885 418; x_wconf 80' lang='lat' dir='ltr'>sumptuum,</span> <span class='ocrx_word' id='word_1_272' title='bbox 1904 375 1951 418; x_wconf 56' lang='lat' dir='ltr'>inf</span> 
     </span>
     <span class='ocr_line' id='line_1_53' title="bbox 1209 428 1947 472; baseline -0.001 -10"><span class='ocrx_word' id='word_1_273' title='bbox 1209 440 1339 472; x_wconf 79' lang='lat' dir='ltr'>gressus</span> <span class='ocrx_word' id='word_1_274' title='bbox 1357 430 1389 462; x_wconf 89' lang='lat' dir='ltr'>in</span> <span class='ocrx_word' id='word_1_275' title='bbox 1415 429 1619 472; x_wconf 83' lang='lat' dir='ltr'>religionem,</span> <span class='ocrx_word' id='word_1_276' title='bbox 1645 428 1827 467; x_wconf 84' lang='lat' dir='ltr'>novitiatus,</span> <span class='ocrx_word' id='word_1_277' title='bbox 1852 429 1947 469; x_wconf 81' lang='lat' dir='ltr'>dotis,</span> 
     </span>
     <span class='ocr_line' id='line_1_54' title="bbox 1209 481 1948 526; baseline 0 -11"><span class='ocrx_word' id='word_1_278' title='bbox 1209 483 1502 526; x_wconf 85' lang='lat' dir='ltr'>suppellectilium,</span> <span class='ocrx_word' id='word_1_279' title='bbox 1529 481 1686 521; x_wconf 85' lang='lat' dir='ltr'>vestium,</span> <span class='ocrx_word' id='word_1_280' title='bbox 1712 482 1948 521; x_wconf 85' lang='lat' dir='ltr'>fundationum,</span> 
     </span>
     <span class='ocr_line' id='line_1_55' title="bbox 1208 534 1949 578; baseline 0.001 -11"><span class='ocrx_word' id='word_1_281' title='bbox 1208 541 1262 568; x_wconf 87' lang='lat' dir='ltr'>aut</span> <span class='ocrx_word' id='word_1_282' title='bbox 1279 535 1429 574; x_wconf 89' lang='lat' dir='ltr'>aliorum,</span> <span class='ocrx_word' id='word_1_283' title='bbox 1444 535 1504 567; x_wconf 89' lang='lat' dir='ltr'>nisi</span> <span class='ocrx_word' id='word_1_284' title='bbox 1521 534 1694 567; x_wconf 80' lang='lat' dir='ltr'>summam&#39;</span> <span class='ocrx_word' id='word_1_285' title='bbox 1713 545 1772 578; x_wconf 93' lang='lat' dir='ltr'>pro</span> <span class='ocrx_word' id='word_1_286' title='bbox 1794 535 1949 578; x_wconf 82' lang='lat' dir='ltr'>qualitate</span> 
     </span>
     <span class='ocr_line' id='line_1_56' title="bbox 1208 587 1949 631; baseline 0 -10"><span class='ocrx_word' id='word_1_287' title='bbox 1208 589 1355 621; x_wconf 89' lang='lat' dir='ltr'>locorum</span> <span class='ocrx_word' id='word_1_288' title='bbox 1376 588 1406 620; x_wconf 91' lang='lat' dir='ltr'>in</span> <span class='ocrx_word' id='word_1_289' title='bbox 1425 588 1571 631; x_wconf 83' lang='lat' dir='ltr'>praefato</span> <span class='ocrx_word' id='word_1_290' title='bbox 1596 587 1704 620; x_wconf 89' lang='lat' dir='ltr'>edicto</span> <span class='ocrx_word' id='word_1_291' title='bbox 1726 593 1872 628; x_wconf 75' lang='lat' dir='ltr'>taxatam,</span> <span class='ocrx_word' id='word_1_292' title='bbox 1891 587 1949 621; x_wconf 91' lang='lat' dir='ltr'>im-</span> 
     </span>
     <span class='ocr_line' id='line_1_57' title="bbox 1208 640 1949 684; baseline 0.003 -13"><span class='ocrx_word' id='word_1_293' title='bbox 1208 641 1313 684; x_wconf 80' lang='lat' dir='ltr'>posita</span> <span class='ocrx_word' id='word_1_294' title='bbox 1354 640 1678 674; x_wconf 83' lang='lat' dir='ltr'>contravenientibus</span> <span class='ocrx_word' id='word_1_295' title='bbox 1719 642 1805 673; x_wconf 78' lang='lat' dir='ltr'>certa</span> <span class='ocrx_word' id='word_1_296' title='bbox 1843 642 1949 683; x_wconf 75' lang='lat' dir='ltr'>poena</span> 
     </span>
     <span class='ocr_line' id='line_1_58' title="bbox 1207 692 1950 738; baseline -0.004 -11"><span class='ocrx_word' id='word_1_297' title='bbox 1207 694 1407 738; x_wconf 83' lang='lat' dir='ltr'>pauperibus</span> <span class='ocrx_word' id='word_1_298' title='bbox 1433 693 1627 737; x_wconf 80' lang='lat' dir='ltr'>applicanda</span> <span class='ocrx_word' id='word_1_299' title='bbox 1657 704 1693 725; x_wconf 77' lang='lat' dir='ltr'>ex</span> <span class='ocrx_word' id='word_1_300' title='bbox 1711 692 1805 725; x_wconf 83' lang='lat' dir='ltr'>bonis</span> <span class='ocrx_word' id='word_1_301' title='bbox 1827 697 1950 736; x_wconf 89' lang='lat' dir='ltr'>tempo-</span> 
     </span>
     <span class='ocr_line' id='line_1_59' title="bbox 1208 745 1947 788; baseline -0.003 -9"><span class='ocrx_word' id='word_1_302' title='bbox 1208 748 1329 780; x_wconf 90' lang='lat' dir='ltr'>ralibus</span> <span class='ocrx_word' id='word_1_303' title='bbox 1367 746 1638 780; x_wconf 78' lang='lat' dir='ltr'>monasteriorum</span> <span class='ocrx_word' id='word_1_304' title='bbox 1676 751 1709 778; x_wconf 88' lang='lat' dir='ltr'>et</span> <span class='ocrx_word' id='word_1_305' title='bbox 1748 745 1947 788; x_wconf 76' lang='lat' dir='ltr'>regularium</span> 
     </span>
     <span class='ocr_line' id='line_1_60' title="bbox 1207 798 1947 833; baseline -0.004 0"><span class='ocrx_word' id='word_1_306' title='bbox 1207 800 1477 833; x_wconf 87' lang='lat' dir='ltr'>communitatum</span> <span class='ocrx_word' id='word_1_307' title='bbox 1515 799 1685 832; x_wconf 79' lang='lat' dir='ltr'>sumenda.</span> <span class='ocrx_word' id='word_1_308' title='bbox 1713 799 1881 831; x_wconf 79' lang='lat' dir='ltr'>Postremo</span> <span class='ocrx_word' id='word_1_309' title='bbox 1915 798 1947 830; x_wconf 92' lang='lat' dir='ltr'>in</span> 
     </span>
     <span class='ocr_line' id='line_1_61' title="bbox 1207 851 1948 895; baseline -0.001 -10"><span class='ocrx_word' id='word_1_310' title='bbox 1207 854 1322 887; x_wconf 83' lang='lat' dir='ltr'>eodem</span> <span class='ocrx_word' id='word_1_311' title='bbox 1349 853 1454 886; x_wconf 87' lang='lat' dir='ltr'>edicto</span> <span class='ocrx_word' id='word_1_312' title='bbox 1479 852 1638 885; x_wconf 87' lang='lat' dir='ltr'>sancitum</span> <span class='ocrx_word' id='word_1_313' title='bbox 1665 852 1731 892; x_wconf 88' lang='lat' dir='ltr'>fuit,</span> <span class='ocrx_word' id='word_1_314' title='bbox 1754 851 1841 895; x_wconf 90' lang='lat' dir='ltr'>quod</span> <span class='ocrx_word' id='word_1_315' title='bbox 1868 851 1948 884; x_wconf 89' lang='lat' dir='ltr'>haec</span> 
     </span>
     <span class='ocr_line' id='line_1_62' title="bbox 1207 904 1947 939; baseline -0.001 -1"><span class='ocrx_word' id='word_1_316' title='bbox 1207 906 1314 939; x_wconf 90' lang='lat' dir='ltr'>omnia</span> <span class='ocrx_word' id='word_1_317' title='bbox 1340 905 1492 939; x_wconf 87' lang='lat' dir='ltr'>elfectum</span> <span class='ocrx_word' id='word_1_318' title='bbox 1518 905 1680 938; x_wconf 85' lang='lat' dir='ltr'>haberent</span> <span class='ocrx_word' id='word_1_319' title='bbox 1715 904 1947 938; x_wconf 86' lang='lat' dir='ltr'>retroactivum</span> 
     </span>
     <span class='ocr_line' id='line_1_63' title="bbox 1207 957 1947 1002; baseline -0.001 -12"><span class='ocrx_word' id='word_1_320' title='bbox 1207 959 1313 1002; x_wconf 86' lang='lat' dir='ltr'>quoad</span> <span class='ocrx_word' id='word_1_321' title='bbox 1350 958 1570 991; x_wconf 87' lang='lat' dir='ltr'>successiones</span> <span class='ocrx_word' id='word_1_322' title='bbox 1602 957 1746 1000; x_wconf 87' lang='lat' dir='ltr'>aliasque</span> <span class='ocrx_word' id='word_1_323' title='bbox 1778 968 1829 990; x_wconf 88' lang='lat' dir='ltr'>res</span> <span class='ocrx_word' id='word_1_324' title='bbox 1859 957 1947 990; x_wconf 86' lang='lat' dir='ltr'>dela·</span> 
     </span>
     <span class='ocr_line' id='line_1_64' title="bbox 1209 1010 1949 1054; baseline -0.003 -11"><span class='ocrx_word' id='word_1_325' title='bbox 1209 1016 1254 1043; x_wconf 88' lang='lat' dir='ltr'>tas</span> <span class='ocrx_word' id='word_1_326' title='bbox 1280 1011 1434 1054; x_wconf 86' lang='lat' dir='ltr'>praefatis</span> <span class='ocrx_word' id='word_1_327' title='bbox 1460 1010 1759 1050; x_wconf 81' lang='lat' dir='ltr'>communitatibus,</span> <span class='ocrx_word' id='word_1_328' title='bbox 1788 1019 1881 1053; x_wconf 88' lang='lat' dir='ltr'>quae,</span> <span class='ocrx_word' id='word_1_329' title='bbox 1913 1014 1949 1042; x_wconf 87' lang='lat' dir='ltr'>ut</span> 
     </span>
     <span class='ocr_line' id='line_1_65' title="bbox 1206 1063 1947 1108; baseline 0.001 -14"><span class='ocrx_word' id='word_1_330' title='bbox 1206 1065 1403 1108; x_wconf 78' lang='lat' dir='ltr'>praefertur,</span> <span class='ocrx_word' id='word_1_331' title='bbox 1419 1064 1591 1107; x_wconf 79' lang='lat' dir='ltr'>incapaces</span> <span class='ocrx_word' id='word_1_332' title='bbox 1611 1063 1794 1096; x_wconf 84' lang='lat' dir='ltr'>declaratae</span> <span class='ocrx_word' id='word_1_333' title='bbox 1817 1063 1947 1095; x_wconf 87' lang='lat' dir='ltr'>fuerant</span> 
     </span>
     <span class='ocr_line' id='line_1_66' title="bbox 1207 1116 1948 1161; baseline -0.001 -12"><span class='ocrx_word' id='word_1_334' title='bbox 1207 1118 1384 1161; x_wconf 84' lang='lat' dir='ltr'>quidquam</span> <span class='ocrx_word' id='word_1_335' title='bbox 1411 1117 1633 1160; x_wconf 84' lang='lat' dir='ltr'>consequendi</span> <span class='ocrx_word' id='word_1_336' title='bbox 1661 1116 1747 1160; x_wconf 89' lang='lat' dir='ltr'>quod</span> <span class='ocrx_word' id='word_1_337' title='bbox 1773 1116 1838 1149; x_wconf 88' lang='lat' dir='ltr'>illis</span> <span class='ocrx_word' id='word_1_338' title='bbox 1871 1116 1948 1148; x_wconf 90' lang='lat' dir='ltr'>fuis-</span> 
     </span>
     <span class='ocr_line' id='line_1_67' title="bbox 1207 1170 1947 1214; baseline -0.003 -11"><span class='ocrx_word' id='word_1_339' title='bbox 1207 1177 1257 1204; x_wconf 88' lang='lat' dir='ltr'>set</span> <span class='ocrx_word' id='word_1_340' title='bbox 1283 1172 1428 1204; x_wconf 86' lang='lat' dir='ltr'>delatum</span> <span class='ocrx_word' id='word_1_341' title='bbox 1450 1181 1509 1214; x_wconf 87' lang='lat' dir='ltr'>per</span> <span class='ocrx_word' id='word_1_342' title='bbox 1535 1176 1623 1203; x_wconf 88' lang='lat' dir='ltr'>actus</span> <span class='ocrx_word' id='word_1_343' title='bbox 1647 1170 1780 1203; x_wconf 88' lang='lat' dir='ltr'>ultimae</span> <span class='ocrx_word' id='word_1_344' title='bbox 1801 1170 1947 1202; x_wconf 86' lang='lat' dir='ltr'>volunta-</span> 
     </span>
     <span class='ocr_line' id='line_1_68' title="bbox 1208 1224 1946 1270; baseline -0.001 -12"><span class='ocrx_word' id='word_1_345' title='bbox 1208 1226 1267 1266; x_wconf 90' lang='lat' dir='ltr'>tis,</span> <span class='ocrx_word' id='word_1_346' title='bbox 1290 1226 1433 1270; x_wconf 81' lang='lat' dir='ltr'>exceptis</span> <span class='ocrx_word' id='word_1_347' title='bbox 1461 1232 1567 1259; x_wconf 86' lang='lat' dir='ltr'>tamen</span> <span class='ocrx_word' id='word_1_348' title='bbox 1594 1225 1690 1258; x_wconf 86' lang='lat' dir='ltr'>rebus</span> <span class='ocrx_word' id='word_1_349' title='bbox 1716 1235 1797 1268; x_wconf 88' lang='lat' dir='ltr'>quae</span> <span class='ocrx_word' id='word_1_350' title='bbox 1824 1224 1946 1257; x_wconf 89' lang='lat' dir='ltr'>eisdem</span> 
     </span>
     <span class='ocr_line' id='line_1_69' title="bbox 1207 1271 1944 1324; baseline 0.003 -12"><span class='ocrx_word' id='word_1_351' title='bbox 1207 1271 1499 1315; x_wconf 69' lang='grc'>00111111111111«11111115</span> <span class='ocrx_word' id='word_1_352' title='bbox 1548 1291 1609 1324; x_wconf 86' lang='lat' dir='ltr'>per</span> <span class='ocrx_word' id='word_1_353' title='bbox 1652 1281 1844 1315; x_wconf 88' lang='lat' dir='ltr'>sententiam</span> <span class='ocrx_word' id='word_1_354' title='bbox 1883 1281 1944 1314; x_wconf 88' lang='lat' dir='ltr'>iam</span> 
     </span>
     <span class='ocr_line' id='line_1_70' title="bbox 1208 1334 1946 1377; baseline 0.001 -12"><span class='ocrx_word' id='word_1_355' title='bbox 1208 1334 1345 1367; x_wconf 88' lang='lat' dir='ltr'>fuissent</span> <span class='ocrx_word' id='word_1_356' title='bbox 1359 1335 1575 1368; x_wconf 86' lang='lat' dir='ltr'>adiudicatae.</span> <span class='ocrx_word' id='word_1_357' title='bbox 1595 1335 1632 1367; x_wconf 88' lang='lat' dir='ltr'>Et</span> <span class='ocrx_word' id='word_1_358' title='bbox 1649 1335 1712 1367; x_wconf 90' lang='lat' dir='ltr'>hoc</span> <span class='ocrx_word' id='word_1_359' title='bbox 1730 1334 1860 1377; x_wconf 86' lang='lat' dir='ltr'>quidem</span> <span class='ocrx_word' id='word_1_360' title='bbox 1880 1334 1946 1367; x_wconf 87' lang='lat' dir='ltr'>edi-</span> 
     </span>
     <span class='ocr_line' id='line_1_71' title="bbox 1207 1387 1946 1432; baseline 0 -12"><span class='ocrx_word' id='word_1_361' title='bbox 1207 1394 1292 1421; x_wconf 88' lang='lat' dir='ltr'>etum</span> <span class='ocrx_word' id='word_1_362' title='bbox 1318 1388 1528 1428; x_wconf 76' lang='lat' dir='ltr'>verificatum,</span> <span class='ocrx_word' id='word_1_363' title='bbox 1555 1394 1660 1432; x_wconf 86' lang='lat' dir='ltr'>atque,</span> <span class='ocrx_word' id='word_1_364' title='bbox 1681 1393 1716 1419; x_wconf 89' lang='lat' dir='ltr'>ut</span> <span class='ocrx_word' id='word_1_365' title='bbox 1741 1387 1871 1427; x_wconf 88' lang='lat' dir='ltr'>dicitur,</span> <span class='ocrx_word' id='word_1_366' title='bbox 1887 1398 1946 1431; x_wconf 88' lang='lat' dir='ltr'>per</span> 
     </span>
     <span class='ocr_line' id='line_1_72' title="bbox 1206 1441 1947 1475; baseline 0.001 -1"><span class='ocrx_word' id='word_1_367' title='bbox 1206 1448 1352 1475; x_wconf 85' lang='lat' dir='ltr'>senatum</span> <span class='ocrx_word' id='word_1_368' title='bbox 1377 1442 1556 1475; x_wconf 86' lang='lat' dir='ltr'>Sabaudiae</span> <span class='ocrx_word' id='word_1_369' title='bbox 1582 1442 1790 1474; x_wconf 89' lang='lat' dir='ltr'>interinatum</span> <span class='ocrx_word' id='word_1_370' title='bbox 1817 1441 1875 1473; x_wconf 90' lang='lat' dir='ltr'>fuit</span> <span class='ocrx_word' id='word_1_371' title='bbox 1895 1441 1947 1475; x_wconf 86' lang='lat' dir='ltr'>die</span> 
     </span>
     <span class='ocr_line' id='line_1_73' title="bbox 1206 1494 1946 1539; baseline -0.003 -11"><span class='ocrx_word' id='word_1_372' title='bbox 1206 1505 1268 1529; x_wconf 77' lang='lat' dir='ltr'>xvir</span> <span class='ocrx_word' id='word_1_373' title='bbox 1294 1495 1407 1539; x_wconf 85' lang='lat' dir='ltr'>aprilis</span> <span class='ocrx_word' id='word_1_374' title='bbox 1425 1505 1562 1534; x_wconf 74' lang='grc'>1111100111,</span> <span class='ocrx_word' id='word_1_375' title='bbox 1581 1494 1786 1527; x_wconf 86' lang='lat' dir='ltr'>inhaerendo</span> <span class='ocrx_word' id='word_1_376' title='bbox 1811 1504 1946 1537; x_wconf 86' lang='lat' dir='ltr'>praeee-</span> 
     </span>
     <span class='ocr_line' id='line_1_74' title="bbox 1206 1546 1946 1592; baseline -0.003 -11"><span class='ocrx_word' id='word_1_377' title='bbox 1206 1554 1261 1592; x_wconf 87' lang='lat' dir='ltr'>pto</span> <span class='ocrx_word' id='word_1_378' title='bbox 1288 1549 1429 1592; x_wconf 88' lang='lat' dir='ltr'>desuper</span> <span class='ocrx_word' id='word_1_379' title='bbox 1464 1548 1495 1580; x_wconf 90' lang='lat' dir='ltr'>in</span> <span class='ocrx_word' id='word_1_380' title='bbox 1531 1548 1599 1580; x_wconf 90' lang='lat' dir='ltr'>eius</span> <span class='ocrx_word' id='word_1_381' title='bbox 1635 1548 1722 1580; x_wconf 84' lang='lat' dir='ltr'>ealce</span> <span class='ocrx_word' id='word_1_382' title='bbox 1759 1546 1946 1590; x_wconf 85' lang='lat' dir='ltr'>specialiter</span> 
     </span>
     <span class='ocr_line' id='line_1_75' title="bbox 1206 1600 1946 1644; baseline -0.001 -10"><span class='ocrx_word' id='word_1_383' title='bbox 1206 1602 1337 1641; x_wconf 89' lang='lat' dir='ltr'>inserto,</span> <span class='ocrx_word' id='word_1_384' title='bbox 1371 1601 1456 1642; x_wconf 88' lang='grc'>11001,</span> <span class='ocrx_word' id='word_1_385' title='bbox 1493 1601 1599 1644; x_wconf 88' lang='lat' dir='ltr'>quoad</span> <span class='ocrx_word' id='word_1_386' title='bbox 1625 1600 1804 1633; x_wconf 86' lang='lat' dir='ltr'>clausulam</span> <span class='ocrx_word' id='word_1_387' title='bbox 1826 1605 1946 1633; x_wconf 84' lang='lat' dir='ltr'>retroa-</span> 
     </span>
     <span class='ocr_line' id='line_1_76' title="bbox 1206 1654 1945 1688; baseline 0 -1"><span class='ocrx_word' id='word_1_388' title='bbox 1206 1656 1321 1688; x_wconf 80' lang='lat' dir='ltr'>clivam</span> <span class='ocrx_word' id='word_1_389' title='bbox 1358 1661 1388 1688; x_wconf 88' lang='lat' dir='ltr'>et</span> <span class='ocrx_word' id='word_1_390' title='bbox 1423 1655 1510 1688; x_wconf 86' lang='lat' dir='ltr'>bona</span> <span class='ocrx_word' id='word_1_391' title='bbox 1535 1666 1551 1688; x_wconf 91' lang='lat' dir='ltr'>a</span> <span class='ocrx_word' id='word_1_392' title='bbox 1577 1654 1867 1687; x_wconf 85' lang='lat' dir='ltr'>communitatibus</span> <span class='ocrx_word' id='word_1_393' title='bbox 1892 1665 1945 1687; x_wconf 90' lang='lat' dir='ltr'>su-</span> 
     </span>
     <span class='ocr_line' id='line_1_77' title="bbox 1205 1707 1943 1752; baseline 0 -11"><span class='ocrx_word' id='word_1_394' title='bbox 1205 1708 1363 1752; x_wconf 76' lang='lat' dir='ltr'>pradictis</span> <span class='ocrx_word' id='word_1_395' title='bbox 1408 1707 1542 1751; x_wconf 85' lang='lat' dir='ltr'>pacifice</span> <span class='ocrx_word' id='word_1_396' title='bbox 1579 1718 1749 1750; x_wconf 87' lang='lat' dir='ltr'>possessa,</span> <span class='ocrx_word' id='word_1_397' title='bbox 1779 1708 1875 1740; x_wconf 89' lang='lat' dir='ltr'>fuerit</span> <span class='ocrx_word' id='word_1_398' title='bbox 1903 1709 1943 1741; x_wconf 86' lang='lat' dir='ltr'>ab</span> 
     </span>
     <span class='ocr_line' id='line_1_78' title="bbox 1206 1760 1945 1795; baseline -0.001 0"><span class='ocrx_word' id='word_1_399' title='bbox 1206 1763 1322 1795; x_wconf 87' lang='lat' dir='ltr'>eodem</span> <span class='ocrx_word' id='word_1_400' title='bbox 1352 1767 1468 1795; x_wconf 88' lang='lat' dir='ltr'>senatu</span> <span class='ocrx_word' id='word_1_401' title='bbox 1494 1760 1725 1794; x_wconf 83' lang='lat' dir='ltr'>modificatum.</span> <span class='ocrx_word' id='word_1_402' title='bbox 1753 1761 1854 1794; x_wconf 90' lang='lat' dir='ltr'>Porro</span> <span class='ocrx_word' id='word_1_403' title='bbox 1880 1771 1945 1794; x_wconf 90' lang='lat' dir='ltr'>am-</span> 
     </span>
     <span class='ocr_line' id='line_1_79' title="bbox 1205 1814 1945 1859; baseline -0.003 -10"><span class='ocrx_word' id='word_1_404' title='bbox 1205 1816 1271 1858; x_wconf 78' lang='lat' dir='ltr'>bigi</span> <span class='ocrx_word' id='word_1_405' title='bbox 1290 1815 1414 1859; x_wconf 88' lang='lat' dir='ltr'>nequit,</span> <span class='ocrx_word' id='word_1_406' title='bbox 1435 1815 1513 1859; x_wconf 90' lang='lat' dir='ltr'>quin</span> <span class='ocrx_word' id='word_1_407' title='bbox 1533 1815 1641 1847; x_wconf 87' lang='lat' dir='ltr'>omnia</span> <span class='ocrx_word' id='word_1_408' title='bbox 1662 1814 1693 1847; x_wconf 91' lang='lat' dir='ltr'>in</span> <span class='ocrx_word' id='word_1_409' title='bbox 1712 1814 1767 1847; x_wconf 89' lang='lat' dir='ltr'>illo</span> <span class='ocrx_word' id='word_1_410' title='bbox 1788 1814 1945 1858; x_wconf 85' lang='lat' dir='ltr'>disposita</span> 
     </span>
     <span class='ocr_line' id='line_1_80' title="bbox 1205 1867 1945 1911; baseline -0.001 -10"><span class='ocrx_word' id='word_1_411' title='bbox 1205 1869 1408 1902; x_wconf 76' lang='lat' dir='ltr'>manifestam</span> <span class='ocrx_word' id='word_1_412' title='bbox 1448 1868 1687 1901; x_wconf 85' lang='lat' dir='ltr'>ecclesiasticae</span> <span class='ocrx_word' id='word_1_413' title='bbox 1713 1867 1883 1911; x_wconf 88' lang='lat' dir='ltr'>potestatis</span> <span class='ocrx_word' id='word_1_414' title='bbox 1912 1872 1945 1900; x_wconf 93' lang='lat' dir='ltr'>et</span> 
     </span>
     <span class='ocr_line' id='line_1_81' title="bbox 1205 1921 1944 1965; baseline -0.001 -10"><span class='ocrx_word' id='word_1_415' title='bbox 1205 1921 1409 1955; x_wconf 82' lang='lat' dir='ltr'>auctoritatis</span> <span class='ocrx_word' id='word_1_416' title='bbox 1435 1921 1705 1965; x_wconf 87' lang='lat' dir='ltr'>usurpationem,</span> <span class='ocrx_word' id='word_1_417' title='bbox 1729 1921 1944 1965; x_wconf 87' lang='lat' dir='ltr'>eiusdemque</span> 
     </span>
     <span class='ocr_line' id='line_1_82' title="bbox 1205 1975 1945 2018; baseline 0.001 -11"><span class='ocrx_word' id='word_1_418' title='bbox 1205 1975 1365 2008; x_wconf 85' lang='lat' dir='ltr'>libertatis</span> <span class='ocrx_word' id='word_1_419' title='bbox 1389 1975 1598 2008; x_wconf 83' lang='lat' dir='ltr'>violationem</span> <span class='ocrx_word' id='word_1_420' title='bbox 1623 1975 1850 2018; x_wconf 88' lang='lat' dir='ltr'>praeseferant.</span> <span class='ocrx_word' id='word_1_421' title='bbox 1872 1975 1945 2008; x_wconf 89' lang='lat' dir='ltr'>nul-</span> 
     </span>
     <span class='ocr_line' id='line_1_83' title="bbox 1205 2027 1945 2066; baseline -0.001 -4"><span class='ocrx_word' id='word_1_422' title='bbox 1205 2031 1330 2063; x_wconf 86' lang='lat' dir='ltr'>latenus</span> <span class='ocrx_word' id='word_1_423' title='bbox 1363 2028 1579 2062; x_wconf 86' lang='lat' dir='ltr'>tolerabilem.</span> <span class='ocrx_word' id='word_1_424' title='bbox 1610 2027 1759 2066; x_wconf 84' lang='lat' dir='ltr'>Quamvis</span> <span class='ocrx_word' id='word_1_425' title='bbox 1795 2038 1872 2061; x_wconf 84' lang='lat' dir='ltr'>vero</span> <span class='ocrx_word' id='word_1_426' title='bbox 1896 2028 1945 2061; x_wconf 92' lang='lat' dir='ltr'>in-</span> 
     </span>
     <span class='ocr_line' id='line_1_84' title="bbox 1204 2082 1944 2126; baseline -0.001 -10"><span class='ocrx_word' id='word_1_427' title='bbox 1204 2088 1312 2116; x_wconf 91' lang='lat' dir='ltr'>certus</span> <span class='ocrx_word' id='word_1_428' title='bbox 1332 2083 1370 2115; x_wconf 90' lang='lat' dir='ltr'>ad</span> <span class='ocrx_word' id='word_1_429' title='bbox 1388 2093 1447 2116; x_wconf 89' lang='lat' dir='ltr'>nos</span> <span class='ocrx_word' id='word_1_430' title='bbox 1468 2082 1656 2126; x_wconf 87' lang='lat' dir='ltr'>pervenerit</span> <span class='ocrx_word' id='word_1_431' title='bbox 1680 2092 1789 2115; x_wconf 85' lang='lat' dir='ltr'>rumor</span> <span class='ocrx_word' id='word_1_432' title='bbox 1809 2092 1944 2126; x_wconf 88' lang='lat' dir='ltr'>suspen-</span> 
     </span>
     <span class='ocr_line' id='line_1_85' title="bbox 1205 2135 1945 2179; baseline -0.001 -9"><span class='ocrx_word' id='word_1_433' title='bbox 1205 2148 1272 2170; x_wconf 89' lang='lat' dir='ltr'>sam</span> <span class='ocrx_word' id='word_1_434' title='bbox 1297 2136 1436 2170; x_wconf 87' lang='lat' dir='ltr'>subinde</span> <span class='ocrx_word' id='word_1_435' title='bbox 1463 2136 1560 2169; x_wconf 88' lang='lat' dir='ltr'>fuisse</span> <span class='ocrx_word' id='word_1_436' title='bbox 1585 2135 1721 2179; x_wconf 87' lang='lat' dir='ltr'>praefati</span> <span class='ocrx_word' id='word_1_437' title='bbox 1754 2135 1850 2169; x_wconf 88' lang='lat' dir='ltr'>edicti</span> <span class='ocrx_word' id='word_1_438' title='bbox 1876 2146 1945 2169; x_wconf 81' lang='lat' dir='ltr'>exe-</span> 
     </span>
     <span class='ocr_line' id='line_1_86' title="bbox 1204 2189 1943 2233; baseline -0.001 -10"><span class='ocrx_word' id='word_1_439' title='bbox 1204 2191 1376 2230; x_wconf 90' lang='lat' dir='ltr'>cutionem,</span> <span class='ocrx_word' id='word_1_440' title='bbox 1390 2189 1612 2230; x_wconf 87' lang='lat' dir='ltr'>nihilominus,</span> <span class='ocrx_word' id='word_1_441' title='bbox 1624 2189 1943 2233; x_wconf 87' lang='lat' dir='ltr'>praeterquamquod</span> 
     </span>
     <span class='ocr_line' id='line_1_87' title="bbox 1204 2241 1942 2285; baseline 0 -10"><span class='ocrx_word' id='word_1_442' title='bbox 1204 2244 1324 2276; x_wconf 89' lang='lat' dir='ltr'>nullum</span> <span class='ocrx_word' id='word_1_443' title='bbox 1340 2244 1497 2276; x_wconf 87' lang='lat' dir='ltr'>hactenus</span> <span class='ocrx_word' id='word_1_444' title='bbox 1516 2241 1742 2285; x_wconf 88' lang='lat' dir='ltr'>suspensionis</span> <span class='ocrx_word' id='word_1_445' title='bbox 1759 2241 1942 2276; x_wconf 82' lang='lat' dir='ltr'>huiusmodi</span> 
     </span>
     <span class='ocr_line' id='line_1_88' title="bbox 1203 2295 1943 2339; baseline 0.001 -10"><span class='ocrx_word' id='word_1_446' title='bbox 1203 2302 1327 2329; x_wconf 91' lang='lat' dir='ltr'>certum</span> <span class='ocrx_word' id='word_1_447' title='bbox 1353 2296 1539 2339; x_wconf 84' lang='lat' dir='ltr'>accepimus</span> <span class='ocrx_word' id='word_1_448' title='bbox 1566 2295 1819 2335; x_wconf 88' lang='lat' dir='ltr'>documentum,</span> <span class='ocrx_word' id='word_1_449' title='bbox 1846 2306 1943 2330; x_wconf 91' lang='lat' dir='ltr'>nemo</span> 
     </span>
     <span class='ocr_line' id='line_1_89' title="bbox 1204 2347 1943 2391; baseline 0 -10"><span class='ocrx_word' id='word_1_450' title='bbox 1204 2360 1266 2382; x_wconf 84' lang='lat' dir='ltr'>non</span> <span class='ocrx_word' id='word_1_451' title='bbox 1294 2349 1449 2391; x_wconf 83' lang='lat' dir='ltr'>intelligit</span> <span class='ocrx_word' id='word_1_452' title='bbox 1473 2349 1574 2381; x_wconf 90' lang='lat' dir='ltr'>solam</span> <span class='ocrx_word' id='word_1_453' title='bbox 1603 2347 1853 2390; x_wconf 87' lang='lat' dir='ltr'>suspensionem</span> <span class='ocrx_word' id='word_1_454' title='bbox 1881 2349 1943 2381; x_wconf 90' lang='lat' dir='ltr'>mi-</span> 
     </span>
     <span class='ocr_line' id='line_1_90' title="bbox 1204 2400 1943 2444; baseline 0.001 -10"><span class='ocrx_word' id='word_1_455' title='bbox 1204 2402 1290 2435; x_wconf 91' lang='lat' dir='ltr'>nime</span> <span class='ocrx_word' id='word_1_456' title='bbox 1309 2401 1523 2434; x_wconf 85' lang='lat' dir='ltr'>sufficientem</span> <span class='ocrx_word' id='word_1_457' title='bbox 1544 2400 1643 2433; x_wconf 85' lang='lat' dir='ltr'>fuisse</span> <span class='ocrx_word' id='word_1_458' title='bbox 1663 2401 1702 2433; x_wconf 91' lang='lat' dir='ltr'>ad</span> <span class='ocrx_word' id='word_1_459' title='bbox 1729 2401 1943 2444; x_wconf 85' lang='lat' dir='ltr'>praemissam</span> 
     </span>
     <span class='ocr_line' id='line_1_91' title="bbox 1203 2453 1851 2497; baseline 0.002 -11"><span class='ocrx_word' id='word_1_460' title='bbox 1203 2454 1425 2497; x_wconf 83' lang='lat' dir='ltr'>gravissimam</span> <span class='ocrx_word' id='word_1_461' title='bbox 1449 2453 1629 2486; x_wconf 87' lang='lat' dir='ltr'>laesionem</span> <span class='ocrx_word' id='word_1_462' title='bbox 1662 2454 1851 2487; x_wconf 89' lang='lat' dir='ltr'>tollendam.</span> 
     </span>
    </p>

    <p class='ocr_par' dir='ltr' id='par_1_6' title="bbox 1248 2507 1940 2552">
     <span class='ocr_line' id='line_1_92' title="bbox 1248 2507 1940 2552; baseline 0.001 -12"><span class='ocrx_word' id='word_1_463' title='bbox 1248 2510 1262 2552; x_wconf 64' lang='lat' dir='ltr'>g</span> <span class='ocrx_word' id='word_1_464' title='bbox 1289 2508 1318 2540; x_wconf 89' lang='lat'>7.</span> <span class='ocrx_word' id='word_1_465' title='bbox 1348 2507 1517 2540; x_wconf 86' lang='lat' dir='ltr'>Praeterea</span> <span class='ocrx_word' id='word_1_466' title='bbox 1538 2507 1633 2550; x_wconf 84' lang='grc'>(011111,</span> <span class='ocrx_word' id='word_1_467' title='bbox 1652 2507 1689 2539; x_wconf 89' lang='lat' dir='ltr'>ad</span> <span class='ocrx_word' id='word_1_468' title='bbox 1717 2508 1940 2542; x_wconf 86' lang='lat' dir='ltr'>retundendas</span> 
     </span>
    </p>
   </div>
   <div class='ocr_carea' id='block_1_6' title="bbox 1962 211 2143 248">
    <p class='ocr_par' dir='ltr' id='par_1_7' title="bbox 1962 211 2143 248">
     <span class='ocr_line' id='line_1_93' title="bbox 1962 211 2143 248; baseline 0.017 -3"><span class='ocrx_word' id='word_1_469' title='bbox 1962 222 2009 246; x_wconf 58' lang='grc' dir='ltr'>1η.</span> <span class='ocrx_word' id='word_1_470' title='bbox 2023 211 2051 247; x_wconf 69' lang='lat' dir='ltr'>ti.</span> <span class='ocrx_word' id='word_1_471' title='bbox 2077 219 2143 248; x_wconf 61' lang='lat'><strong>1707</strong></span> 
     </span>
    </p>
   </div>
   <div class='ocr_carea' id='block_1_7' title="bbox 2001 2514 2135 2536">
    <p class='ocr_par' dir='ltr' id='par_1_8' title="bbox 2001 2514 2135 2536">
     <span class='ocr_line' id='line_1_94' title="bbox 2001 2514 2135 2536; baseline 0.015 -2"><span class='ocrx_word' id='word_1_472' title='bbox 2001 2514 2135 2536; x_wconf 71' lang='lat' dir='ltr'>Monuni-ium</span> 
     </span>
    </p>
   </div>
   <div class='ocr_carea' id='block_1_8' title="bbox 1952 2541 2135 2563">
    <p class='ocr_par' dir='ltr' id='par_1_9' title="bbox 1952 2541 2135 2563">
     <span class='ocr_line' id='line_1_95' title="bbox 1952 2541 2135 2563; baseline 0.011 -2"><span class='ocrx_word' id='word_1_473' title='bbox 1952 2541 2065 2562; x_wconf 74' lang='lat' dir='ltr'>card-naus</span> <span class='ocrx_word' id='word_1_474' title='bbox 2097 2547 2135 2563; x_wconf 80' lang='lat' dir='ltr'>ca-</span> 
     </span>
    </p>
   </div>
   <div class='ocr_carea' id='block_1_9' title="bbox 1204 2561 2044 2606">
    <p class='ocr_par' dir='ltr' id='par_1_10' title="bbox 1204 2561 2044 2606">
     <span class='ocr_line' id='line_1_96' title="bbox 1204 2561 2044 2606; baseline 0.001 -12"><span class='ocrx_word' id='word_1_475' title='bbox 1204 2571 1318 2606; x_wconf 84' lang='lat' dir='ltr'>graves</span> <span class='ocrx_word' id='word_1_476' title='bbox 1355 2566 1387 2594; x_wconf 90' lang='grc'>01</span> <span class='ocrx_word' id='word_1_477' title='bbox 1422 2561 1612 2604; x_wconf 83' lang='lat' dir='ltr'>frequentes</span> <span class='ocrx_word' id='word_1_478' title='bbox 1651 2561 1818 2594; x_wconf 88' lang='lat' dir='ltr'>molestias</span> <span class='ocrx_word' id='word_1_479' title='bbox 1861 2567 2044 2605; x_wconf 69' lang='lat' dir='ltr'>quasmmra.</span> 
     </span>
    </p>
   </div>
   <div class='ocr_carea' id='block_1_10' title="bbox 1240 2622 1773 2660">
    <p class='ocr_par' dir='ltr' id='par_1_11' title="bbox 1240 2622 1773 2660">
     <span class='ocr_line' id='line_1_97' title="bbox 1240 2622 1773 2660; baseline -0.002 -8"><span class='ocrx_word' id='word_1_480' title='bbox 1240 2625 1251 2653; x_wconf 92' lang='lat'>1</span> <span class='ocrx_word' id='word_1_481' title='bbox 1273 2623 1346 2652; x_wconf 86' lang='lat' dir='ltr'>Edit.</span> <span class='ocrx_word' id='word_1_482' title='bbox 1363 2623 1444 2653; x_wconf 80' lang='lat' dir='ltr'>Main-</span> <span class='ocrx_word' id='word_1_483' title='bbox 1463 2622 1528 2660; x_wconf 76' lang='lat' dir='ltr'>legit</span> <span class='ocrx_word' id='word_1_484' title='bbox 1542 2631 1655 2652; x_wconf 79' lang='lat' dir='ltr'>summa</span> <span class='ocrx_word' id='word_1_485' title='bbox 1670 2625 1709 2660; x_wconf 78' lang='lat' dir='ltr'>(R.</span> <span class='ocrx_word' id='word_1_486' title='bbox 1725 2624 1773 2659; x_wconf 82' lang='lat' dir='ltr'>T.).</span> 
     </span>
    </p>
   </div>
  </div>
 </body>
</html>
