2269 3203
107 207 156 233 An.
171 207 201 233 C.
227 205 292 233 1707

303 256 456 300 omnique
483 258 573 289 mora
598 254 789 300 postposita,
817 264 899 297 <piae
926 252 1042 285 iniuste

303 314 373 342 acta
400 309 535 349 fuerant,
555 308 650 342 celeri
670 312 702 341 et
722 306 928 349 magnanima
948 313 1044 339 retra-

304 362 445 395 ctatione
470 366 651 400 revocaret,
678 360 843 393 Ecclesiae
871 359 1042 402 pristinam

304 414 494 456 dignitatem
513 420 542 447 et
563 415 647 447 laesa
669 413 739 446 iura
758 412 951 451 restitueret,
972 422 1044 444 nos-

304 478 367 510 que
397 468 484 511 ipsos
510 478 526 500 a
553 473 613 500 tani
639 467 816 509 grari,qua
833 465 1042 508 angebamur,

304 521 523 553 sollicitudine
541 520 708 554 liberaret.
730 520 840 562 Neque
860 519 943 552 enini
966 518 1044 550 alias

304 576 347 606 tot
373 579 523 617 tantaque
549 574 642 611 mala,
666 572 783 615 quibus
808 571 968 604 Ecclesiae
990 582 1044 603 an-

303 627 434 660 ctoritas
462 627 663 666 laedebatur,
692 637 855 658 sacrorum
881 635 1043 657 canonum

303 691 417 714 norma
442 680 718 719 contemnebatur,
736 685 766 712 et
788 680 856 722 ipsa
882 679 965 711 beati
992 678 1045 711 Pe-

305 734 343 766 tri
359 734 459 766 Sedes
478 733 596 766 iniuria
613 733 823 773 alliciebatur,
845 733 1043 775 traditaeque

304 799 320 820 a
342 787 477 820 Domino
504 787 608 820 claves
635 787 889 831 impetebantur,
910 785 1042 826 diutins,

303 842 425 884 absque
444 841 570 873 animae
592 847 721 874 nostrae
745 840 889 883 periculo
909 839 1045 872 divinae-

303 905 367 938 que
401 894 637 937 indignationis
662 894 812 933 incursu,
840 893 1044 927 dissimulare

303 948 503 981 valebamus.
524 948 623 981 Porro
642 948 700 980 lias
718 947 805 991 ipsas
823 947 949 980 litteras
971 951 1045 979 tunc

303 1000 334 1033 in
356 1001 508 1034 humanis
534 1001 641 1044 agenti
668 1001 770 1033 honac
797 1000 973 1032 memoriae
991 999 1046 1032 Ca-

304 1055 385 1093 rolo,
411 1054 484 1086 dum
511 1054 598 1092 vixit,
618 1054 650 1087 S.
671 1054 707 1086 R.
732 1054 765 1086 E.
791 1053 945 1085 cardinali
974 1053 1046 1085 Bar-

303 1106 419 1140 berino
445 1113 644 1150 nuncupato,
664 1118 760 1150 quein
781 1107 885 1139 eidem
906 1105 1045 1138 Victorio

304 1160 449 1192 Amedeo
473 1160 547 1192 duci
566 1160 606 1192 011
628 1161 811 1203 praeclaras
830 1165 858 1192 et
879 1170 1045 1201 nunqnam

303 1212 380 1244 satis
405 1213 550 1244 laudatas
575 1213 644 1244 eius
665 1213 763 1244 animi
791 1213 882 1244 dotes
909 1222 1046 1243 5111111110-

304 1275 382 1309 pere
409 1270 574 1309 acceptum
601 1275 672 1298 esse
698 1276 913 1304 noveramus,
941 1264 1046 1298 consi-

305 1318 486 1362 gnavimus,
505 1324 541 1351 ut
557 1318 630 1351 illas
655 1318 715 1362 ipsi
734 1318 876 1352 Victorio
902 1319 1045 1350 Amedeo

305 1373 387 1411 duci,
415 1372 653 1415 quaincelerius
684 1372 753 1405 lieri
786 1377 924 1415 poterat,
945 1377 1047 1404 trans·

303 1425 395 1465 mitti,
411 1425 573 1469 simulque
600 1436 668 1458 rem
695 1430 793 1459 totam
808 1426 846 1458 ad
862 1425 968 1468 ipsum
984 1425 1047 1457 sin-

305 1489 379 1511 cere
405 1478 526 1512 deferri
563 1484 711 1519 curaret,
739 1489 804 1511 non
837 1478 1020 1511 dubitantes
1037 1505 1044 1518 ,

306 1531 406 1574 quin,
432 1533 467 1564 ea
493 1531 671 1574 diligenter
696 1534 885 1575 perspecta,
913 1542 949 1564 ex
978 1531 1046 1575 ipsa

307 1596 370 1628 qua
395 1590 539 1628 praestat
563 1585 662 1617 animi
685 1584 921 1627 magnitudine,
940 1584 1047 1617 omnia

308 1648 480 1681 perperam
505 1643 595 1680 gesta
621 1637 770 1681 protinus
799 1638 999 1671 emendaret.

152 1702 247 1721 namium
264 1707 296 1721 <n-
344 1691 403 1735 ξδ.
423 1691 537 1724 Verum
551 1701 618 1723 non
634 1691 728 1724 modo
743 1693 901 1735 concepta
916 1692 976 1724 liac
990 1703 1046 1736 spe

110 1728 297 1780 ἓῖἶῖιξξῃωὶξῗῗῖἶῗ
310 1744 458 1777 frustrari
473 1755 532 1776 nos
549 1744 699 1783 vidimus,
715 1745 770 1777 sed
790 1745 851 1777 alia
868 1750 898 1777 et
915 1745 1046 1788 quidem

111 1782 296 1834 iZisS'U„2-?.2I.'.¹.⁰“¹
308 1806 374 1830 non
392 1797 499 1829 minus
517 1797 624 1840 gravia
643 1797 821 1840 praefatae¹
844 1797 934 1830 Sedis
961 1798 1048 1830 iuris-

307 1850 441 1884 dictioni
461 1856 492 1883 et
509 1850 651 1883 libertati
672 1850 915 1883 ecclesiasticae
934 1851 1047 1884 inillis

307 1903 454 1947 partibus
480 1903 679 1947 praeiudicia
699 1903 730 1935 in
749 1903 818 1936 dies
843 1903 956 1936 inferri
975 1915 1049 1947 per-

306 1956 465 1999 cepimus.
486 1955 611 1988 Etenim
630 1955 681 1988 die
701 1965 734 1989 111
752 1956 825 1988 maii
844 1965 977 1989 iinccxu
996 1967 1049 1989 no-

305 2010 393 2042 mine
419 2008 522 2052 ipsius
555 2008 687 2041 Victorii
714 2009 847 2041 Amedei
874 2009 964 2042 ducis
989 2021 1049 2053 pn-

305 2063 458 2096 blicatum
485 2062 544 2095 fuit
577 2063 718 2096 edictum
754 2063 786 2095 in
821 2063 1046 2096 executionem

305 2126 341 2149 ac
367 2115 680 2159 interpretationem,
702 2115 769 2148 sive
790 2116 1046 2159 ampliationem,

306 2169 391 2202 utin
418 2179 456 2202 eo
481 2169 698 2209 asserebatur,
726 2169 861 2202 alterins
887 2169 982 2202 edicti
1008 2171 1047 2202 ab

306 2223 375 2256 eius
402 2223 515 2255 tritavo
541 2222 596 2256 lati
622 2233 707 2256 anno
732 2233 865 2263 umxm,
887 2223 976 2256 cuius
1003 2228 1048 2256 ta-

305 2286 379 2308 men
406 2276 564 2319 longaeva
595 2277 676 2309 adeo
703 2276 946 2310 inobservantia
973 2278 1048 2310 satis

307 2328 384 2362 illud
399 2328 520 2361 viribus
534 2339 645 2362 carere
663 2335 916 2371 monstraverat,
936 2331 967 2363 in
983 2342 1047 2375 quo

307 2381 436 2424 quidem
455 2392 581 2425 nupero
599 2383 707 2416 edicto
725 2384 822 2426 plura
839 2384 1048 2417 contineban-

309 2439 360 2466 tur
384 2435 470 2467 circa
502 2436 742 2469 successionem
776 2447 990 2480 personarum
1018 2443 1049 2470 et

306 2487 571 2520 communitatum
586 2489 795 2530 regularium,
812 2495 843 2522 et
857 2491 941 2523 circa
956 2491 1047 2524 dotes

307 2538 515 2578 monialium,
548 2541 788 2575 ecclesiasticae
814 2543 1048 2591 iurisdictionis

344 2603 353 2629 1
378 2600 450 2629 Edit.
467 2600 547 2629 Maia.
564 2603 628 2639 legit
644 2606 782 2640 praefata
799 2606 841 2641 (n.
859 2608 910 2642 T.).

931 203 1072 228 CLEMENS
1100 204 1130 226 XI
1156 203 1203 226 ΓΡ.

1721 192 1784 226 ⁶279
1833 203 1878 228 An.
1898 201 1926 228 τ’.
1948 201 2018 228 1707

1088 252 1332 295 usurpationem
1355 251 1522 284 manifeste
1549 252 1824 294 praeseferentia,

1087 305 1298 349 eiusdemque
1325 305 1488 339 libertatis
1523 316 1729 348 summopere
1763 306 1827 337 lac-

1087 360 1160 399 siva,
1184 359 1381 392 declarando
1408 359 1531 391 scilicet
1557 369 1671 391 omues
1697 358 1827 400 religio-

1087 425 1140 447 sos
1166 413 1333 456 utriusque
1359 422 1453 445 sexus
1481 412 1621 444 cuiusvis
1646 411 1774 444 Ordinis
1795 411 1826 443 in

1089 466 1278 509 regionibus
1306 465 1555 498 ultramontanis
1578 465 1677 508 ipsius
1696 464 1825 497 Victorii

1088 519 1220 553 Amedci
1249 519 1338 552 ducis
1360 519 1530 561 temporali
1557 518 1701 551 dominio
1722 517 1828 550 subic-

1088 573 1146 605 ctis
1171 573 1341 615 degentes,
1369 572 1465 604 etiani
1490 571 1661 604 Societatis
1688 571 1769 610 lesu,
1788 577 1830 603 at-

1067 637 1150 668 oue
1176 625 1304 658 Ordinis
1330 625 1479 658 militaris
1504 625 1535 657 S.
1564 624 1691 657 loannis
1717 624 1829 657 lliero-

1089 679 1285 723 solyn‘iitani‚
1313 685 1386 722 post
1413 678 1562 711 emissam
1590 678 1828 721 professionem

1088 732 1154 765 sive
1181 743 1367 776 expressam
1405 732 1472 764 sive
1505 732 1632 763 tacitam
1666 741 1726 774 per
1757 736 1828 763 vota

1089 786 1246 819 solemnia
1264 787 1313 818 rel
1339 785 1509 828 simplicia,
1532 784 1668 817 civiliter
1685 789 1829 817 mortuos

1089 845 1121 873 ct
1156 840 1328 883 incapaces
1368 839 1507 871 testandi
1546 848 1582 870 ac
1615 838 1653 871 de
1684 837 1828 882 propriis

1089 894 1183 927 bonis
1210 893 1404 936 disponendi
1433 898 1495 925 tam
1517 892 1602 924 inter
1627 892 1714 925 vivos
1734 903 1829 935 quam

1090 957 1147 990 per
1172 946 1317 979 ultimam
1346 947 1557 985 voluntatem,
1575 956 1610 978 ac
1631 945 1830 988 generaliter

1090 1010 1221 1043 quoque
1239 999 1412 1042 incapaces
1433 998 1579 1031 omnium
1605 997 1773 1030 effectuum
1793 1008 1829 1030 ac

1089 1060 1217 1086 actuum
1243 1053 1396 1092 civilium,
1415 1058 1446 1085 et
1471 1053 1552 1085 ullas
1579 1050 1758 1094 recipiendi
1776 1056 1830 1083 aut

1089 1106 1266 1149 colligendi
1293 1105 1517 1138 successiones
1551 1110 1611 1137 tam
1639 1104 1830 1148 praeteritas

1090 1171 1184 1203 qnam
1204 1161 1334 1199 futuras,
1352 1159 1416 1192 sire
1434 1170 1469 1191 ex
1493 1164 1686 1191 testamento
1707 1158 1773 1190 sire
1791 1159 1830 1190 ab

1090 1214 1263 1250 intestato,
1290 1213 1418 1244 easdem
1452 1217 1625 1255 propterea
1652 1211 1830 1244 deferendo

1091 1265 1341 1310 [i›i·oxiniioriluis
1376 1265 1625 1307 consangnineis
1650 1265 1720 1296 iure
1747 1265 1832 1297 ordi-

1090 1320 1181 1352 nario
1200 1318 1392 1357 successivo,
1412 1318 1565 1362 quodque
1584 1329 1643 1361 per
1660 1317 1832 1361 professio-

1091 1384 1163 1406 nem
1181 1378 1330 1405 votorum
1349 1372 1541 1404 solemnium
1561 1372 1610 1404 vel
1632 1370 1831 1414 simplicium

1090 1437 1275 1470 expressam
1298 1431 1352 1458 aut
1372 1425 1498 1458 tacitam
1524 1424 1710 1468 purificatae
1724 1434 1832 1456 cense-

1091 1485 1204 1513 rentur
1223 1490 1335 1513 omncs
1357 1479 1619 1515 substitutiones,
1639 1477 1774 1522 perinde
1796 1488 1832 1510 ac

1090 1534 1113 1566 si
1137 1533 1283 1576 religiosi
1306 1532 1441 1576 praefati
1470 1533 1663 1565 naturaliter
1688 1532 1831 1565 defuncti

1092 1587 1251 1626 fuissent,
1277 1587 1390 1619 relicta
1427 1586 1531 1618 solnm
1571 1585 1649 1628 ipsis
1685 1586 1833 1618 facultate

1091 1640 1270 1683 recipiendi
1290 1651 1430 1672 annnam
1454 1638 1646 1682 pensionem
1666 1638 1832 1672 vitalitiam

1091 1693 1351 1732 convenientem,
1371 1693 1462 1725 titulo
1488 1694 1634 1735 sumptas
1651 1697 1681 1725 et
1699 1692 1833 1725 alimen-

1092 1753 1205 1786 torum,
1224 1746 1305 1779 sicut
1331 1751 1464 1779 senatus
1485 1756 1622 1788 aerpinm
1642 1745 1830 1784 iuujlicasset;

1091 1812 1126 1833 ac
1146 1801 1281 1843 insuper
1306 1799 1490 1832 earumdem
1518 1798 1762 1831 successionum
1790 1798 1833 1830 iu-

1091 1864 1224 1897 capaces
1251 1853 1446 1886 declarando
1473 1852 1595 1885 (lictum
1620 1852 1774 1884 Ordinem
1801 1857 1832 1884 et

1092 1907 1285 1950 religionem
1315 1907 1414 1939 sancti
1449 1905 1578 1938 loannis
1605 1906 1833 1949 Hierosolymi-

1094 1961 1168 2000 tani,
1187 1965 1218 1993 et
1244 1970 1357 1993 omnes
1382 1959 1463 1992 alios
1489 1958 1626 1992 Ordines
1651 1964 1682 1991 et
1706 1959 1833 2001 religio-

1092 2024 1140 2047 sas
1166 2013 1426 2053 communitates,
1445 2013 1628 2053 societates,
1654 2018 1832 2046 conventus

1092 2066 1338 2106 ecclesiasticos,
1373 2067 1557 2109 regulares,
1585 2067 1769 2099 saeculares
1803 2071 1834 2099 et

1092 2120 1260 2160 militares,
1281 2119 1363 2152 sieut
1382 2120 1478 2152 etiam
1500 2119 1640 2162 collegia
1666 2120 1832 2153 cathedra-

1092 2174 1182 2213 lium,
1208 2173 1465 2215 collegiatarum,
1484 2178 1515 2205 ct
1540 2173 1618 2206 alias
1643 2183 1758 2206 omncs
1780 2184 1834 2206 so-

1092 2227 1225 2259 cietates
1251 2226 1500 2266 ecclesiastica-3,
1521 2227 1688 2269 regulares
1715 2231 1744 2258 et
1769 2236 1833 2259 sac-

1091 2281 1226 2319 culares‚
1254 2289 1313 2322 per
1330 2278 1562 2322 dispositiones
1589 2279 1681 2312 titulo
1707 2279 1834 2311 univer-

1092 2333 1160 2373 sali,
1182 2343 1240 2376 per
1265 2337 1504 2372 testamentum,
1523 2332 1690 2365 codicillos
1711 2339 1764 2364 aut
1780 2333 1834 2365 do-

1093 2387 1256 2419 nationem
1291 2388 1387 2418 cansa
1420 2385 1552 2426 mortis,
1578 2391 1610 2418 et
1645 2386 1740 2418 etiam
1774 2397 1833 2429 per

1093 2440 1301 2474 donationem
1320 2440 1406 2473 inter
1424 2439 1520 2478 vivos,
1536 2444 1567 2472 et
1586 2439 1679 2473 titulo
1697 2439 1833 2483 partien-

1093 2493 1167 2526 laris
1181 2493 1290 2536 legati,
1309 2497 1441 2537 praeter
1457 2503 1553 2525 unam
1568 2498 1688 2526 sextam
1707 2498 1830 2536 partem

1092 2547 1367 2590 suppellectilium
1386 2546 1546 2579 dictorum
1571 2546 1756 2579 donantium
1778 2550 1832 2578 ant

1094 2604 1295 2641 testatorum,
1315 2599 1410 2632 etiam
1437 2610 1471 2633 ex‘
1497 2601 1592 2632 causa
1618 2598 1782 2642 ingressus
1801 2598 1832 2634 in
