2269 3203
248 250 296 277 an.
315 249 344 276 c.
367 248 433 279 1717
480 238 544 272 780

441 297 596 337 stolicae,
621 308 680 340 per
705 297 859 330 dilectum
897 295 998 329 filium
1031 299 1178 327 nostrum

441 350 593 383 loannem
619 351 792 394 Baptistam
811 350 842 382 S.
862 350 897 382 R.
918 349 953 381 E.
981 347 1178 381 cardinalem

440 403 607 445 Spinulam
634 408 853 446 nuncupatum
872 401 1018 434 eiusdem
1037 400 1068 432 S.
1086 400 1122 432 R.
1142 399 1177 431 E.

442 456 654 488 camerarium
682 455 733 487 die
760 465 814 487 viu
840 453 965 496 augusti
992 461 1105 486 iunctm
1131 461 1181 484 ex·

442 508 587 551 peditum
614 514 709 550 atque
737 507 962 539 transmissum
989 511 1021 538 et
1054 515 1182 538 eorum—

443 562 514 593 dem
554 561 722 593 feudorum
760 559 901 603 syndicis
938 564 1180 602 praesentatum

442 624 568 646 necnon
596 613 782 646 feudatariis
807 623 846 645 eo
875 623 939 655 quo
961 612 1051 645 licuit
1084 611 1181 644 modo

442 667 623 699 intimatum
653 666 710 698 suit
733 665 956 705 monitorium,
981 675 1045 708 quo
1071 664 1181 697 distri-

443 725 491 751 cte
525 720 763 762 prohibebatur
794 729 834 751 ne
866 718 962 751 alium
996 728 1182 761 supremum

443 773 610 806 dominum
644 778 776 816 praeter
808 773 924 805 Sedem
961 771 1181 815 Apostolicam

443 832 474 859 et
491 827 666 859 Romanam
684 826 858 860 Ecclesiam
877 835 1114 868 recognoscere
1133 836 1183 857 au-

443 880 569 912 derent.
587 879 730 922 Cumque
749 879 897 918 subinde,
917 879 954 911 ad
975 878 1184 921 patrimonia-

442 933 481 965 lis
506 933 668 973 generalis
689 932 863 975 nuncupati
883 932 986 964 dictae
1008 930 1182 963 saccularIs

441 986 612 1028 potestatis
638 985 897 1028 requisitionem,
917 994 1029 1018 mense
1048 989 1183 1027 septem-

442 1039 509 1071 bris
535 1039 682 1071 eiusdem
709 1038 783 1084 anni
810 1048 868 1081 per
892 1048 1069 1078 cameram⁷
1088 1046 1182 1080 quam

443 1097 569 1131 vocant,
594 1097 822 1134 computorum
849 1092 983 1124 ducatus
1009 1101 1044 1123 ac
1061 1089 1184 1133 princi-

441 1151 534 1188 patus
561 1144 801 1187 praedictorum
828 1144 1029 1187 publicatum
1067 1148 1098 1175 et
1132 1153 1184 1175 re-

443 1199 584 1242 spective
605 1199 786 1231 intimatum
806 1198 917 1231 suisset
935 1197 1097 1241 quoddam
1117 1195 1185 1228 edi-

443 1258 539 1291 ctum,
558 1262 612 1284 seu
635 1252 813 1291 decretum,
833 1261 908 1294 quo,
928 1249 1060 1294 praevia
1079 1250 1184 1282 decla-

444 1305 571 1338 ratione
597 1305 756 1338 nullitatis
791 1310 822 1337 et
854 1303 1066 1337 invaliditatis
1092 1312 1185 1346 prae-

444 1359 520 1391 dicti
540 1359 716 1398 monitorii,
737 1364 798 1391 tam
818 1358 895 1401 ipsis
915 1356 1100 1390 feudatariis
1116 1356 1184 1399 (qui

445 1417 580 1445 eatenus
606 1412 721 1445 Sedem
739 1411 917 1455 praefatam
939 1416 1103 1454 tamquam
1129 1410 1186 1442 do-

445 1465 564 1497 minam
592 1465 745 1498 directam
766 1464 901 1507 eiusque
931 1472 1113 1506 supremam
1132 1472 1186 1494 au-

445 1519 628 1551 ctoritatem
671 1522 859 1552 constanter
902 1520 1182 1559 recognoverant,

444 1573 516 1615 ipsa
534 1572 628 1604 etiam
653 1571 811 1604 saeculari
838 1576 996 1614 potestate
1016 1570 1047 1602 id
1068 1580 1185 1613 appro-

444 1627 557 1668 bante)
580 1637 674 1669 quam
701 1626 843 1669 syndieis
868 1625 1116 1658 universitatum
1143 1629 1186 1656 at-

446 1689 507 1722 que
539 1679 700 1719 vassallis,
734 1680 792 1712 sub
823 1678 1018 1721 gravissimis
1046 1677 1182 1720 poenis,

445 1732 705 1774 praecipiebatur
719 1732 805 1775 quod
821 1732 859 1764 de
875 1736 982 1764 cetero
998 1741 1185 1774 supremam

447 1791 568 1817 tantum
588 1785 733 1818 eiusdem
751 1785 927 1818 saecularis
943 1783 1112 1827 potestatis
1131 1794 1187 1815 au-

446 1839 627 1871 ctoritatem
655 1842 948 1881 recognoscerent3
971 1842 1002 1870 et
1027 1837 1066 1869 ad
1091 1835 1185 1868 liuius

447 1892 542 1924 edicti
572 1891 829 1935 publicationem
866 1891 1084 1934 praefatarum
1109 1889 1183 1921 uni-

447 1945 634 1978 versitatum
662 1945 810 1989 syndicos
841 1946 869 1977 vi
905 1949 1061 1986 metuque
1093 1952 1188 1985 prae—

447 1999 502 2031 sati
518 1999 655 2031 ministri
671 1998 865 2042 compellere
881 2001 1071 2036 tentassent,
1087 1995 1188 2029 omni-

447 2052 574 2094 busque
601 2052 829 2092 renuentibus,
858 2050 1027 2089 nonnulli,
1053 2050 1086 2081 in
1112 2048 1188 2082 civi-

450 2109 513 2136 tate
529 2104 658 2137 Astensi
675 2104 883 2148 deprehensi,
899 2102 1086 2136 carceribus
1100 2112 1188 2134 man-

449 2158 555 2200 cipati,
583 2158 636 2190 alii
666 2169 754 2196 vero,
772 2158 825 2201 qui
852 2157 891 2189 ad
917 2157 1005 2190 illam
1033 2155 1188 2188 accedere

450 2216 686 2251 recusaverant,
706 2211 900 2243 militaribus
926 2210 1026 2253 copiis
1051 2221 1068 2242 a
1093 2208 1188 2242 dictis

450 2263 555 2296 feudis
570 2265 727 2297 violenter
741 2264 884 2304 extracti,
900 2263 1049 2296 similiter
1063 2261 1187 2295 detenti

451 2317 598 2357 fuissent,
618 2323 724 2350 morte
743 2318 839 2350 etiam
860 2318 970 2360 sclopo
989 2317 1078 2349 illata
1096 2314 1188 2348 alteri

451 2381 487 2403 ex
507 2370 596 2414 ipsis,
619 2371 672 2413 qui
691 2371 764 2413 suga
784 2370 846 2402 sibi
864 2370 1035 2402 consulere
1062 2368 1190 2401 studue-

451 2430 516 2456 rat:
535 2434 604 2463 nos,
626 2423 810 2466 praedictos
828 2423 972 2465 aliosque
992 2421 1188 2464 multiplices

450 2488 485 2510 ac
512 2476 720 2510 detestabiles
752 2476 898 2508 eiusdem
929 2475 1106 2508 saecularis
1132 2485 1190 2517 po-

450 2530 575 2563 testatis
600 2530 720 2562 abusus
743 2529 864 2561 diutius
890 2528 1095 2561 dissimulare
1124 2538 1189 2560 non

450 2585 618 2624 valentes,
654 2582 835 2625 praefatum
884 2581 1011 2624 aliaque
1049 2581 1189 2624 plurima

449 2636 553 2669 edicta
572 2646 626 2669 seu
649 2636 788 2676 decreta,
807 2635 1030 2668 ordinationes
1052 2639 1083 2668 et
1100 2644 1189 2668 man-

1022 245 1204 270 BULLARIUM
1227 244 1382 269 ROMANUM

1224 294 1304 333 data,
1332 300 1362 327 et
1387 293 1450 326 alia
1474 292 1640 337 quaelibet
1657 304 1675 326 a
1699 293 1872 334 senatibus,
1898 303 1963 326 ma-

1224 346 1422 390 gistratibus,
1441 347 1610 386 iudicibus,
1630 346 1831 388 officialibus,
1850 346 1961 380 aliisve

1224 401 1380 433 ministris
1400 401 1502 434 dictae
1523 399 1698 433 saecularis
1724 400 1907 443 potestatis,
1929 399 1961 432 in

1224 453 1456 496 praeiudicium
1482 453 1640 486 libertatis
1657 481 1664 493 ,
1691 453 1905 485 immunitatis
1932 457 1964 485 ct

1224 506 1455 539 iurisdictionis
1495 506 1735 539 ecclesiasticae
1774 511 1871 548 atque
1911 516 1964 538 au-

1225 559 1381 592 ctoritatis
1407 559 1603 602 apostolicae
1635 558 1814 601 respective
1848 558 1961 600 quovis

1225 614 1321 645 modo
1339 618 1485 645 emanata
1506 618 1537 645 et
1559 616 1656 654 gesta,
1675 622 1746 644 cum
1763 611 1912 644 omnibus
1933 616 1964 643 et

1226 665 1362 707 singulis
1387 665 1462 698 inde
1488 665 1607 698 secutis
1633 669 1664 697 et
1689 664 1962 707 quandocumque

1227 717 1400 758 secuturis,
1426 728 1484 761 per
1517 718 1673 761 quasdam
1709 722 1837 749 nostras
1866 716 1897 748 in
1923 716 1965 748 si-

1226 771 1293 804 mili
1313 771 1412 804 sorma
1433 771 1543 803 Brevis
1568 771 1704 811 litteras,
1724 769 1776 802 die
1799 779 1863 803 xvu
1888 768 1965 801 maii

1225 834 1358 858 Moccvu
1383 825 1526 868 desuper
1551 824 1730 867 expeditaS,
1747 823 1844 863 nulla,
1864 823 1965 862 irrita,

1227 878 1375 917 invalida,
1404 879 1554 910 damnata
1578 883 1610 911 et
1633 878 1809 921 reprobata
1834 887 1903 909 esse
1935 881 1966 908 et

1227 932 1265 964 ab
1299 932 1392 964 initio
1427 931 1521 964 fuisse
1551 942 1587 963 ac
1618 936 1777 974 perpetuo
1808 930 1876 963 sore
1910 929 1966 961 de-

1227 984 1429 1022 claravimus,
1450 989 1491 1023 et,
1514 989 1674 1026 quatenus
1701 993 1782 1025 opus
1810 987 1903 1021 esset,
1929 991 1966 1014 ca

1227 1038 1335 1071 omnia
1361 1043 1392 1070 et
1417 1037 1545 1079 singula
1564 1036 1796 1075 damnavimus,
1815 1035 1966 1078 reproba-

1228 1091 1340 1129 vimus,
1367 1090 1594 1129 revocavimus,
1621 1088 1867 1128 annullavimus,
1892 1088 1967 1122 abo-

1228 1144 1378 1183 levimus;
1399 1149 1430 1176 et
1444 1143 1532 1181 alias,
1551 1148 1647 1185 prout
1665 1143 1695 1174 in
1715 1142 1835 1174 nostris
1852 1141 1967 1174 litteris

1228 1196 1432 1240 supradictis,
1455 1206 1590 1238 quarum
1617 1200 1765 1227 tenorem
1791 1194 1967 1237 praesenti-

1228 1250 1297 1289 bus,
1322 1259 1382 1293 pro
1408 1249 1506 1292 plene
1532 1254 1564 1281 et
1588 1247 1786 1280 sufficienter
1810 1256 1966 1289 expresso

1229 1308 1260 1335 et
1286 1302 1408 1335 inserto
1435 1301 1547 1333 baberi
1570 1301 1728 1339 volumus,
1746 1299 1877 1332 uberius
1895 1309 1968 1332 con-

1230 1357 1362 1388 tinetur.
1401 1355 1570 1395 Ceterum,
1605 1365 1699 1394 cum,
1732 1359 1806 1396 post
1841 1363 1967 1385 earum-

1230 1409 1301 1442 dem
1314 1413 1494 1441 nostrarum
1508 1407 1688 1440 litterarum
1703 1406 1966 1449 publicationem,

1229 1462 1335 1495 adhuc
1359 1461 1496 1505 praefati
1515 1460 1653 1493 ministri
1679 1471 1696 1492 a
1719 1458 1873 1492 vexandis
1894 1458 1968 1491 sub-

1230 1515 1304 1548 ditis
1329 1520 1360 1548 et
1385 1514 1573 1547 feudatariis
1599 1517 1855 1547 memoratorum
1880 1511 1970 1544 loco-

1231 1580 1300 1601 rum
1323 1568 1457 1601 minime
1478 1567 1691 1606 destitissent,
1709 1566 1866 1609 quinimo,
1884 1565 1969 1608 prio-

1230 1622 1320 1654 ribus
1337 1621 1496 1654 molestiis
1514 1630 1610 1653 novas
1628 1620 1833 1661 maioresque
1847 1618 1880 1650 in
1899 1618 1968 1651 dies

1230 1675 1436 1715 adiicientes,
1462 1684 1527 1708 non
1553 1674 1656 1707 solum
1682 1672 1886 1716 praedictos,
1911 1671 1969 1704 sed

1230 1729 1325 1762 etiam
1345 1729 1492 1761 subditos
1507 1734 1539 1761 et
1555 1727 1751 1760 feudatarios
1765 1726 1826 1760 loci
1845 1726 1884 1759 de
1899 1725 1970 1758 Cor-

1232 1782 1378 1815 tanzerio
1413 1781 1517 1814 eidem
1549 1780 1623 1813 Sedi
1650 1780 1772 1823 pariter
1803 1778 1968 1811 subiectos

1231 1835 1328 1869 variis
1368 1835 1464 1868 etiam
1500 1833 1794 1867 contributionibus
1833 1831 1969 1874 aliisque

1231 1888 1386 1922 oneribus
1416 1898 1482 1921 non
1508 1887 1613 1920 minus
1646 1886 1762 1918 iniuste
1795 1895 1890 1928 quam
1923 1889 1970 1916 te-

1232 1952 1320 1974 mere
1345 1951 1476 1983 gravare
1502 1938 1816 1982 praesumpsissent,
1842 1937 1880 1970 ad
1906 1937 1968 1969 hu-

1232 1994 1370 2028 iusmodi
1392 1993 1615 2027 intolerabiles
1634 2001 1728 2024 ausus
1746 1990 1971 2034 reprimendos

1232 2050 1325 2092 plura
1344 2048 1406 2081 alia
1426 2046 1604 2080 successive
1630 2044 1814 2084 monitoria,
1837 2044 1876 2076 ad
1893 2048 1971 2075 tunc

1231 2102 1356 2145 pariter
1381 2100 1549 2134 existentis
1574 2097 1785 2133 commissarii
1806 2095 1969 2139 generalis

1233 2154 1336 2188 dictae
1362 2154 1514 2188 Gamerae
1540 2152 1744 2196 Apostolicae
1770 2149 1968 2189 instantiam,

1233 2209 1271 2241 ab
1297 2208 1412 2241 eodem
1439 2207 1556 2241 Ioanne
1582 2205 1726 2249 Baptista
1756 2203 1913 2237 cardinali
1938 2208 1971 2235 et

1233 2260 1412 2294 camerario
1438 2260 1489 2294 die
1513 2269 1585 2293 xxiv
1612 2258 1699 2298 iulii,
1719 2267 1763 2290 vn
1788 2256 1915 2298 augusti
1939 2260 1971 2288 et

1231 2326 1276 2348 vu
1302 2314 1445 2348 octobris
1488 2323 1609 2347 unccxl
1626 2339 1633 2352 ,
1666 2323 1702 2344 ac
1728 2316 1892 2354 postremo
1918 2309 1970 2342 die

1233 2378 1311 2400 xxm
1347 2367 1420 2400 maii
1454 2376 1595 2401 Muccxvl
1625 2365 1720 2398 etiam
1759 2365 1798 2397 de
1835 2362 1971 2406 speciali

1232 2421 1383 2454 mandato
1408 2425 1520 2453 nostro
1546 2419 1632 2452 edita
1656 2428 1691 2451 ac
1715 2417 1897 2461 respective
1923 2416 1972 2448 in-

1233 2474 1343 2507 timata
1369 2474 1517 2513 suerunt,
1542 2472 1667 2516 quibus,
1690 2472 1840 2505 innovata
1862 2469 1971 2503 feuda-

1234 2528 1321 2560 tariis
1348 2533 1380 2559 et
1403 2526 1541 2559 subditis
1574 2525 1793 2568 praefatorum
1823 2526 1970 2558 locorum

1232 2581 1410 2613 memorata
1427 2578 1649 2623 prohibitione
1668 2578 1706 2611 de
1731 2588 1796 2611 non
1813 2586 1968 2620 recogno-

1233 2633 1352 2667 scendo
1379 2632 1477 2666 alium
1514 2633 1547 2666 in
1579 2643 1767 2677 supremum
1800 2630 1969 2667 dominum

1970 244 2020 271 Ᾰη.
2036 243 2065 272 C.
2086 245 2152 273 1717
