2269 3203
93 241 143 270 An.
160 239 190 268 C.
212 239 280 269 1703

120 779 238 802 chunutus.

108 1580 222 1606 neroganu
231 1587 270 1602 con

94 1609 215 1629 tration-um.

924 233 1065 259 CLEMENS
1091 234 1123 258 xt
1147 233 1194 257 ΙΨ.

290 290 367 321 tium
393 288 479 322 dicto
500 285 671 320 conventui
692 284 847 327 generali,
866 289 1026 328 quatenus

289 343 320 375 in
351 352 388 375 eo
423 344 622 373 memoratus
659 338 835 371 modernus
872 337 1028 380 superior

289 394 450 438 generalis
488 398 561 425 ante
595 392 788 426 electionem
827 391 937 424 vicarii
968 401 1026 424 seu

288 448 361 481 novi
388 447 566 490 superioris
585 446 745 489 generalis
765 444 951 478 huiusmodi
974 454 1028 477 no-

288 501 323 535 tit
356 506 411 534 aut
436 500 633 544 impediatur
666 499 882 532 ministerium
908 498 1029 542 praesi-

288 554 392 588 dentis
419 554 546 598 exequi,
564 553 752 598 praesidere
771 553 900 592 debere,
921 552 1028 595 perin-

287 608 326 641 de
343 619 379 641 ac
397 608 422 640 si
441 607 473 640 id
491 608 523 640 in
541 607 831 640 constitutionibus
850 605 1027 650 praedictis

287 672 441 706 expresse
457 667 584 694 cautum
596 660 804 704 reperiretur,
816 666 929 694 tenore
942 670 1028 704 prae-

286 715 424 749 sentium
442 715 646 749 decernimus
672 721 704 748 et
728 715 945 747 declaramus.

331 770 346 813 ἓ
363 770 394 803 3.
413 769 634 803 Decernentes
649 768 1030 813 pariter,easdemprae-

287 829 396 857 sentes
434 823 568 863 litteras,
594 833 724 866 semper
760 821 882 861 firmas,
907 821 1029 854 validas

287 883 319 910 et
355 877 499 911 efficaces
537 877 675 910 existere
708 882 739 909 et
776 876 861 916 sore,
889 885 1028 918 suosque

287 932 454 976 plenarios
481 936 511 964 et
536 931 679 974 integros
701 930 833 964 effectus
860 929 970 963 sortiri
998 934 1030 962 et

287 985 447 1027 obtinere,
467 996 501 1018 ac
519 985 688 1029 praedicto
705 984 853 1017 Mauritio
874 983 904 1015 in
930 982 1028 1016 omni-

287 1039 348 1072 bus
374 1045 405 1072 et
430 1049 488 1082 per
513 1039 622 1071 omnia
642 1037 833 1082 plenissima
851 1036 1027 1079 suffragari,

289 1098 319 1125 et
347 1092 386 1125 ab
411 1092 470 1133 eis,
486 1092 524 1125 ad
551 1103 632 1136 quos
659 1097 784 1135 spectat
809 1097 840 1124 et
866 1101 926 1134 pro
951 1095 1029 1123 tem—
1050 1109 1052 1120 .

1051 1150 1052 1153 ’
1073 1150 1105 1176 ut
1131 1144 1223 1176 tirma
1247 1153 1377 1187 semper
1402 1148 1498 1186 atque
1525 1141 1725 1175 inviolabilia
1749 1152 1823 1185 per«

289 1156 369 1189 pore
396 1145 669 1190 quandocumque
695 1144 865 1188 spectabit,
893 1143 1030 1176 inviola-

289 1200 399 1233 biliter
424 1200 617 1239 observari,
651 1200 760 1242 sicque
787 1197 818 1231 in
844 1197 1029 1241 praemissis
1051 1216 1052 1237 ;

289 1264 348 1297 per
373 1263 596 1297 quoscumque
628 1253 752 1285 iudices
790 1251 973 1285 ordinarios
999 1255 1030 1283 et

289 1307 473 1350 delegatos,
499 1306 596 1339 etiam
623 1316 789 1339 causarum
817 1305 926 1349 palatii
953 1315 1031 1348 apo—

288 1361 394 1394 stolici
420 1360 601 1400 auditores,
620 1360 755 1393 iudicari
775 1365 806 1392 et
824 1358 951 1392 definiri
973 1359 1030 1391 de·

289 1414 367 1448 bere
381 1426 389 1455 ;
405 1425 442 1447 ac
461 1414 587 1447 irritum
607 1419 638 1446 et
655 1413 765 1453 inane,
781 1412 804 1446 si
823 1423 917 1445 secus
935 1422 1032 1455 super

291 1469 341 1501 his
360 1479 377 1502 a
394 1479 568 1512 quoquam,
580 1467 692 1511 quavis
711 1466 915 1508 auctoritate,
931 1466 1032 1499 scien-

291 1528 341 1555 ter
364 1523 414 1555 vel
436 1521 641 1565 ignoranter,
668 1520 840 1564 contigerit
865 1519 1030 1554 attentari.

335 1576 349 1619 g
371 1575 401 1608 4.
429 1574 499 1608 Non
537 1574 742 1607 obstantibus
769 1573 969 1618 praemissiS,
996 1583 1055 1605 ac·

291 1628 582 1662 constitutionibus
607 1633 639 1661 et
669 1627 931 1661 ordinationibus
956 1637 1033 1670 apo-

291 1682 430 1723 stolicis,
460 1692 589 1715 necnon
623 1681 727 1714 dictae
753 1680 1031 1724 Congregationis,
1053 1670 1055 1694 ἑ

291 1734 388 1768 ctiam
416 1736 608 1775 iuramento,
628 1735 878 1768 confirmatione
901 1739 1033 1778 aposto-

291 1789 363 1830 lica,
385 1789 435 1822 vel
454 1788 566 1832 quavis
592 1788 745 1822 firmitate
772 1789 834 1821 alia
858 1788 1032 1828 roboratis,

290 1843 419 1876 statutis
453 1848 485 1876 et
517 1842 827 1882 consuetudinibus,
851 1841 1031 1885 privilegiis

290 1907 432 1941 quoque,
452 1895 586 1929 indultis
607 1899 636 1929 et
657 1895 774 1928 litteris
794 1895 981 1939 apostolicis
998 1895 1031 1927 in

291 1950 492 1983 contrarium
513 1948 766 1994 praemissorum
785 1948 1032 1992 quomodolibet

291 2003 467 2043 concessis,
485 2001 684 2036 confirmatis
710 2007 742 2035 et
761 2002 941 2041 innovatis,
962 2002 1032 2045 qui-

290 2057 351 2091 bus
370 2057 518 2090 omnibus
537 2062 569 2089 et
587 2055 733 2099 singulis⁷
754 2055 882 2088 illorum
902 2061 1033 2088 tenores

290 2109 521 2154 praesentibus
557 2120 617 2153 pro
654 2110 750 2152 plene
781 2114 811 2142 et
835 2108 1034 2141 sufficienter

291 2163 454 2208 expressis
482 2173 518 2196 ae
543 2163 580 2195 ad
607 2163 742 2195 verbum
760 2162 892 2194 insertis
912 2161 1034 2194 haben-

292 2223 350 2258 tes,
376 2217 439 2251 illis
465 2217 542 2250 alias
570 2216 601 2249 in
627 2226 684 2249 suo
701 2216 817 2249 robore
843 2226 1035 2259 permansu-

290 2271 344 2313 ris,
366 2271 405 2304 ad
430 2271 682 2316 praemissorum
709 2269 866 2310 ell'cctum,
882 2270 942 2302 liae
966 2270 1034 2302 vice

294 2325 470 2366 dumtaxat,
494 2323 681 2368 specialiter
706 2328 738 2356 et
762 2333 914 2367 expresse
941 2323 1036 2356 dero-

293 2390 403 2422 gamus
423 2391 431 2419 ;
472 2378 653 2422 ceterisque
689 2378 862 2411 contrariis
902 2377 1036 2421 quibus-

295 2442 442 2476 cumque.

758 2487 771 2494 a

338 2486 452 2519 Datum
477 2486 607 2527 Romae,
633 2487 719 2530 apud
755 2490 785 2520 b.
815 2486 943 2519 Mariam
970 2486 1035 2520 Ma-
1056 2477 1058 2484 ¹

296 2538 411 2579 iore-m,
429 2539 486 2572 sub
512 2542 632 2574 annulo
652 2539 833 2580 piscatoris,
856 2541 908 2574 (lie
935 2551 964 2574 tx
992 2541 1036 2573 iu-

296 2591 331 2626 lii
355 2601 490 2632 uocem,
514 2593 720 2635 pontificatus
746 2594 849 2626 nostri
874 2604 959 2627 anno
985 2604 1032 2627 111.

332 2652 392 2682 Dat.
409 2652 453 2682 die
468 2653 652 2689 stutii1703,
672 2654 774 2691 pontif,
796 2662 926 2684 annom.

1738 222 1776 256 91
1828 231 1877 258 An.
1894 230 1922 259 c.
1941 230 2009 259 1703

1412 281 1473 315 LII.

1075 354 1324 397 Confirmantur
1340 352 1503 398 quaedam
1529 353 1675 396 capitula
1690 364 1750 396 pro
1770 353 1819 386 bo-

1114 419 1155 440 no
1192 409 1353 451 reqimine
1386 406 1523 441 Ordinis
1554 407 1610 440 SS.
1643 406 1818 439 Trinitatis

1115 461 1347 504 redemptionis
1371 461 1575 505 captivorwn
1590 459 1610 493 ⁴.

1290 543 1426 570 Clemens
1450 542 1528 576 Papa
1548 543 1598 575 xl,

1215 588 1251 615 ad
1270 587 1406 615 futuram
1425 587 1469 615 rei
1490 587 1672 615 memoriam,

1118 659 1346 703 Redemptoris
1380 664 1411 692 et
1444 659 1569 692 domini
1605 658 1710 692 nostri
1746 657 1819 691 Iesu

1074 712 1202 753 Christi,
1229 713 1284 756 qui
1311 713 1452 746 charitas
1479 716 1526 746 est
1551 717 1582 746 et
1606 712 1691 745 Deus
1717 712 1818 756 pacis,

1075 767 1169 808 vices,
1197 767 1272 800 licet
1298 767 1461 808 immeriti,
1481 772 1631 810 gerentes
1656 767 1688 799 in
1712 766 1817 807 terris,

1074 832 1120 863 ea,
1134 832 1217 865 qnae
1236 822 1322 854 inter
1339 821 1571 854 christifideles
1588 830 1822 864 quoscumque,

1074 880 1104 908 et
1129 875 1325 919 praesertim
1347 875 1432 915 illos,
1458 875 1511 918 qui
1539 874 1695 908 Altissimi
1727 874 1822 907 obse-

1074 929 1159 972 quiis
1184 929 1245 962 sub
1271 928 1377 961 suavis
1403 928 1573 972 religionis
1600 928 1675 971 iugo
1702 927 1823 960 manci-

1073 983 1137 1027 pati
1164 987 1250 1023 sunt,
1277 982 1451 1026 religiosae
1481 981 1728 1025 tranquillitatis
1761 986 1823 1014 sta-

1074 1037 1238 1070 biliendae
1271 1036 1379 1069 studio
1406 1035 1540 1079 provide
1578 1035 1823 1079 prudenterque

1074 1091 1233 1134 disposita
1251 1096 1346 1133 atque
1373 1089 1525 1122 ordinata
1543 1099 1613 1122 esse
1632 1093 1821 1127 noscuntur,

1857 668 1979 691 Exordium.

1075 1202 1253 1238 maneant,
1283 1196 1457 1240 apostolici
1500 1195 1689 1228 muniminis
1716 1194 1822 1228 nostri

1074 1251 1252 1295 praesidio,
1272 1261 1345 1283 cum
1367 1251 1398 1284 id
1417 1261 1434 1283 a
1451 1250 1547 1283 nobis
1567 1249 1700 1293 petitur,
1721 1248 1825 1282 liben-

1075 1310 1123 1338 ter
1147 1305 1411 1344 corroboramus,
1430 1308 1458 1337 et
1478 1304 1557 1336 alias
1577 1303 1662 1336 felici
1680 1303 1824 1346 ipsorum

1075 1358 1307 1401 religiosorum
1338 1357 1447 1397 statui,
1487 1356 1639 1400 regimini
1667 1360 1696 1390 et
1721 1355 1824 1399 quieti

1075 1412 1297 1456 providemus,
1324 1412 1408 1445 sicut
1433 1410 1653 1454 conspicimus
1673 1410 1705 1442 in
1723 1408 1826 1443 Domi-

1077 1477 1117 1500 no
1143 1466 1317 1499 salubriter
1342 1465 1509 1510 expedire.

1121 1520 1190 1564 §l
1228 1519 1352 1564 Exponi
1389 1519 1553 1563 siquidem
1591 1518 1686 1551 nobis
1718 1527 1824 1561 nuper
1862 1525 2019 1545 causamm-

1078 1574 1226 1608 secerunt
1250 1574 1358 1608 dilecti
1379 1573 1436 1607 silii
1457 1573 1645 1606 Franciscus
1666 1572 1755 1613 Ruiz,
1773 1556 2020 1604 ot·-i¹u⁰2†3“.¹.1'1¹ff¹'“‘'¹'

1078 1628 1162 1662 dinis
1189 1629 1325 1662 fratrum
1352 1628 1406 1662 SS.
1435 1627 1601 1660 Trinitatis
1627 1625 1826 1670 redemptio-

1078 1682 1128 1716 nis
1155 1683 1367 1726 captivorum,
1395 1688 1427 1715 et
1446 1681 1597 1715 Clemens
1622 1692 1639 1714 a
1664 1680 1736 1713 Iesu
1762 1679 1825 1712 sra-

1078 1742 1162 1770 trum
1178 1736 1451 1770 Discalceatorum
1466 1733 1739 1778 Congregationis
1753 1733 1826 1767 Gal-

1077 1791 1202 1824 licanae
1240 1791 1387 1824 eiusdem
1424 1789 1554 1823 Ordinis
1594 1792 1825 1832 procuratores

1077 1844 1369 1888 generales,quod‚
1388 1843 1561 1877 occasione
1576 1843 1736 1875 variarum
1754 1851 1825 1874 con·

1078 1899 1322 1938 troversiarum,
1342 1907 1424 1941 quae
1450 1896 1526 1930 dicti
1551 1895 1680 1929 Ordinis
1705 1899 1825 1928 statum

1077 1958 1108 1985 et
1133 1952 1323 1995 religiosam
1340 1951 1483 1995 quietem
1504 1950 1558 1983 diu
1580 1948 1823 1993 perturbarunt,

1077 2006 1116 2039 ad
1143 2006 1303 2039 maiorem
1329 2005 1385 2038 Dei
1416 2004 1554 2047 gloriam
1587 2014 1624 2036 ae
1649 2013 1709 2047 pro
1735 2001 1824 2035 seliei

1077 2070 1303 2103 prosperoque
1328 2058 1430 2102 ipsius
1450 2057 1579 2091 Ordinis
1606 2056 1766 2100 regimine
1793 2060 1826 2089 et

1078 2113 1238 2157 gubernio
1264 2112 1395 2146 condita
1421 2112 1552 2145 suerunt
1582 2111 1744 2144 nonnulla
1774 2120 1824 2143 ca-

1077 2167 1189 2211 pitula⁷
1215 2177 1273 2210 per
1298 2176 1381 2210 qnae
1407 2165 1560 2199 videlicet
1585 2164 1779 2198 ordinatur:

1117 2229 1136 2250 1.
1154 2219 1191 2250 Ut
1212 2220 1317 2250 fratres
1347 2219 1477 2250 omnium
1510 2219 1728 2259 provinciarum
1752 2217 1824 2248 dicti
1845 2222 1890 2257 ‚De
1905 2224 2019 2259 *qs-nanu-

1078 2269 1195 2300 Ordinis
1213 2268 1368 2299 observare
1387 2268 1559 2308 promittant
1581 2268 1660 2298 illius
1682 2266 1825 2297 eonstitu—
1835 2250 1926 2297 213s¹¹b'¹'
1959 2251 2019 2269 ‘³¹⁶¹'

1078 2319 1173 2349 tiones
1205 2323 1233 2349 et
1264 2318 1427 2348 additiones
1450 2327 1464 2347 a
1488 2317 1581 2347 felicis
1609 2316 1824 2346 recordationis

1079 2366 1244 2397 Alexandro
1276 2365 1355 2405 Papa
1382 2365 1431 2395 vlt
1464 2364 1691 2404 praedecessore
1725 2367 1824 2394 nostro

1116 2478 1126 2504 1
1150 2477 1178 2504 ln
1195 2475 1346 2503 innocentii
1365 2475 1413 2502 Xll
1435 2478 1521 2502 const.
1538 2474 1581 2502 ed.
1603 2481 1725 2508 uncxcn,
1746 2473 1789 2500 die
1812 2475 1820 2499 ¹

1080 2522 1177 2553 martii,
1198 2520 1297 2556 pontif.
1313 2528 1332 2554 1,
1351 2524 1422 2547 extat
1438 2520 1588 2547 moderatio
1604 2519 1746 2546 cuiusdam
1763 2525 1825 2553 par-

1079 2565 1176 2593 ticulae
1196 2564 1442 2598 constitutionum;
1472 2569 1500 2591 et
1523 2564 1550 2590 in
1582 2563 1662 2590 liuius
1684 2562 1825 2589 Pontificis

1077 2614 1162 2638 const.
1179 2610 1222 2638 ed.
1240 2616 1366 2644 uncum,
1383 2609 1426 2637 die
1446 2610 1461 2636 6
1481 2608 1646 2643 decembris,
1663 2606 1757 2642 pontis.
1779 2614 1822 2641 xx,

1075 2652 1237 2683 immutatur
1256 2654 1366 2684 habitus
1386 2654 1561 2684 donatorum.
