2269 3203
240 180 291 208 An.
308 180 337 208 C.
360 180 428 209 ¹714
474 172 539 206 604

315 1090 427 1111 Concessio

241 1117 352 1143 praedicta
382 1123 428 1137 cum

435 231 521 263 mani
540 230 666 275 imperii
685 232 795 273 decus,
816 233 1003 266 unctionem
1021 233 1174 266 victoriae

437 290 468 317 et
493 285 641 318 diadema
668 285 764 318 etiam
784 291 894 319 nostro
916 286 1100 319 ministerio
1123 288 1176 320 ad-

436 337 585 371 veniente
623 342 768 382 tempore
806 338 971 381 suscipere
1005 344 1035 371 et
1071 339 1102 371 in
1128 339 1174 372 eis

436 389 615 423 immobilis
656 391 832 434 persistere
865 390 1027 431 intendis,
1065 402 1175 424 verum

437 444 534 477 etiam
564 450 723 488 tamquam
750 445 850 488 ipsius
876 444 1040 477 Ecclesiae
1062 445 1173 487 legiti-

437 507 509 529 mus
535 498 622 540 pugil
648 503 680 530 et
705 498 828 530 athleta
847 504 875 530 te
896 499 1049 530 adversus
1074 498 1176 531 schis-

437 549 628 583 maticorum
655 555 685 583 et
711 550 972 591 haereticorum,
1000 551 1175 584 Turcarum

438 603 575 646 tyranni,
601 614 635 636 ac
662 602 735 636 fidei
755 609 786 636 et
806 603 925 637 Christi
953 604 1094 637 nominis
1120 605 1178 637 ho-

438 656 494 689 stis
521 656 660 689 insanias
694 661 726 690 et
760 657 883 690 furores
909 657 1124 701 spiritualiter
1148 663 1179 690 et

439 709 663 753 temporaliter
688 710 842 751 armaris,
876 717 906 744 et
931 711 963 744 in
997 711 1065 744 dies
1090 722 1178 744 arma

438 763 624 796 huiusmodi
651 764 772 808 iugiter
793 765 972 808 exequeris,
1000 775 1037 798 ea
1058 765 1115 798 tibi
1139 765 1178 798 fa—

436 816 625 850 vorabiliter
649 817 881 857 concedamus,
908 828 989 861 quae
1017 823 1089 851 tuae
1115 820 1179 851 cel-

437 870 570 903 situdini
590 870 707 903 cedant
724 871 762 903 ad
782 871 954 911 honorem,
970 876 1001 903 et
1019 882 1080 914 per
1097 882 1178 915 quae

438 923 561 957 eisdem
587 924 799 958 benemeritis
824 925 971 969 personis
998 930 1028 957 te
1054 925 1180 958 muniti-

438 988 509 1010 cum
525 978 661 1011 reddere
680 978 793 1021 possis
810 989 871 1021 ope
890 978 1088 1012 auctoritatis
1107 990 1180 1022 apo·

440 1029 585 1070 stolicae,
613 1031 814 1063 exhibitione
842 1032 1029 1074 gratiarum.

483 1083 497 1125 ξ
523 1083 554 1115 2.
581 1080 662 1116 Hinc
687 1089 735 1117 est
760 1085 846 1128 quod
879 1091 948 1118 tuae
975 1085 1179 1119 celsitudinis

244 1144 370 1169 quibusdam
397 1137 671 1180 re-supplicationi
691 1137 849 1178 inclinati,
868 1139 953 1172 dicta
977 1139 1177 1180 auctoritate,

241 1170 387 1190 strictionibus
409 1172 430 1190 ot

243 1196 409 1222 exceptionibus.

440 1191 660 1233 praesentium
675 1191 771 1231 serie,
787 1191 892 1224 eidem
904 1192 1090 1225 celsitudini
1106 1198 1178 1225 tuae

439 1244 647 1277 concedimus
670 1250 702 1277 et
722 1244 939 1288 indulgemus,
957 1246 1043 1289 quod
1062 1245 1102 1288 (si
1120 1256 1179 1289 per

438 1301 469 1329 te
494 1297 660 1340 quibusvis
685 1298 897 1331 collatoribus
923 1308 976 1332 seu
1003 1298 1179 1332 collatrici-

436 1348 496 1382 bus
521 1360 802 1394 quorumcumque
826 1350 1060 1383 beneficiorum
1079 1352 1179 1384 eccle-

437 1403 638 1437 siasticorum
664 1403 877 1436 saecularium
904 1404 953 1437 vel
979 1404 1177 1447 regularium

437 1455 592 1489 Ordinum
609 1467 888 1500 quorummimque
904 1467 961 1500 per
976 1467 1103 1490 sacrum
1118 1456 1179 1491 Ro-

438 1519 567 1542 manum
580 1509 752 1553 imperium
768 1509 906 1543 ubilibet
917 1510 1178 1549 constitutorum,

440 1563 537 1596 etiam
560 1563 586 1596 si
613 1562 666 1606 qui
693 1564 742 1596 vel
768 1563 793 1596 si
818 1574 899 1607 quae
925 1562 1104 1607 pontificali
1130 1564 1178 1596 vel

438 1615 500 1649 alia
525 1615 638 1659 quavis
663 1616 820 1659 dignitate
857 1616 1096 1660 praefulgeant,
1124 1626 1179 1649 seu

438 1669 597 1712 collegia,
621 1669 760 1712 capitula
787 1675 818 1702 et
842 1676 1020 1702 conventus
1045 1669 1177 1709 fuerint,

439 1733 539 1766 super
568 1722 704 1766 singulis
742 1722 910 1757 beneficiis
948 1723 1179 1756 ecclesiasticis

438 1787 510 1809 cum
547 1778 623 1809 cura
653 1777 703 1809 vel
738 1777 809 1809 sine
848 1778 924 1809 cura
957 1777 1179 1809 saecularibus

437 1830 486 1862 vel
512 1828 667 1862 Ordinum
701 1829 887 1862 huiusmodi
917 1830 1121 1872 regularibus
1148 1830 1178 1861 in

438 1882 576 1926 singulis
601 1882 853 1922 cathedralibus,
881 1883 976 1915 etiam
995 1883 1179 1926 metropoli-

438 1936 533 1977 tanis,
559 1935 740 1979 collegiatis
773 1941 805 1968 et
837 1935 907 1969 aliis
938 1936 1103 1979 quibusvis
1129 1947 1180 1969 ec-

439 1989 558 2029 elesiis,
583 1989 709 2022 etiamsi
735 1989 893 2022 beneficia
915 1989 1102 2022 huiusmodi
1129 2001 1180 2022 ra-

439 2042 610 2075 nonicatus
625 2047 656 2075 et
669 2042 889 2085 praebendae,
905 2042 1089 2084 dignitates,
1108 2052 1180 2085 per-

439 2100 587 2134 sonatus,
613 2095 913 2128 administrationes
943 2096 991 2127 vel
1018 2095 1122 2128 officia
1148 2095 1178 2128 in

440 2147 562 2180 eisdem
600 2148 859 2187 cathedralibus,
886 2148 980 2181 etiam
1018 2153 1180 2191 metropo-

438 2201 558 2240 titanis,
572 2202 620 2234 vel
647 2201 838 2244 collegiatis
865 2207 896 2246 et
913 2202 1003 2244 ipsae
1024 2203 1180 2245 praeben-

440 2254 517 2293 dae,
542 2254 575 2286 in
602 2253 666 2287 illis
699 2265 734 2286 ex
762 2254 948 2287 huiusmodi
975 2254 1121 2287 ecclesiis
1147 2254 1179 2286 in

440 2307 557 2350 quibus
584 2307 723 2340 maiores
740 2309 790 2340 vel
806 2308 950 2341 minores
969 2307 1178 2350 praebendae

439 2370 509 2393 esse
534 2366 724 2401 noscuntur,
752 2360 877 2393 etiamsi
893 2360 1031 2392 maiores
1050 2360 1178 2399 suerint,

440 2417 472 2445 et
488 2412 543 2445 ad¹
562 2413 746 2455 dignitates,
762 2418 965 2455 personatus,
981 2413 1179 2445 administra-

440 2466 544 2499 tiones
559 2467 607 2499 vel
625 2466 728 2498 officia
746 2465 931 2498 huiusmodi
950 2465 1179 2498 consueverint

440 2520 494 2563 qui
520 2530 579 2562 per
604 2519 797 2552 electionem
822 2518 954 2559 assumi,
974 2519 1086 2561 eisque
1104 2529 1178 2550 cura

478 2582 486 2608 1
512 2581 660 2617 praeposit.
683 2581 720 2608 ad
741 2588 789 2608 nos
810 2580 934 2608 addimus
954 2582 991 2617 (a.
1013 2582 1062 2616 Τ.).

1017 183 1199 209 minantum
1222 183 1375 210 Romnum

1219 233 1385 267 immineat
1410 234 1598 274 animarum,
1625 233 1800 268 dummodo
1819 233 1958 278 dignita·

1221 292 1265 319 tes
1292 287 1379 330 ipsae
1407 287 1438 320 in
1464 287 1706 320 cathedralibus
1725 287 1819 320 etiam
1840 293 1959 321 metro-

1220 341 1372 383 politanis
1398 347 1471 385 post
1507 340 1710 384 pontificales
1741 341 1880 374 maiores
1905 347 1959 374 aut

1221 394 1407 437 collegiatis*
1439 394 1624 427 huiusmodi
1664 394 1861 438 principales
1892 405 1958 428 non

1221 447 1380 486 existant,
1406 448 1443 481 ad
1480 448 1670 481 eorumdem
1705 449 1896 481 collatorum
1927 453 1960 481 et

1222 500 1423 533 collatrieum
1449 501 1680 541 collationem,
1723 501 1957 544 provisionem,

1222 554 1530 597 praesentationem,
1556 554 1750 587 electionem
1777 564 1832 587 seu
1852 565 1960 598 quam-

1222 605 1266 637 vis
1293 605 1386 638 aliam
1412 606 1659 650 dispositionem
1678 606 1893 640 communiter
1910 608 1958 640 vel

1222 658 1348 691 divisim
1375 659 1624 702 pertinentibus,
1651 660 1786 702 singulis
1811 660 1959 704 personis

1222 711 1441 752 conserendis,
1468 723 1544 754 seu,
1571 723 1668 756 super
1693 714 1755 746 hoc
1780 713 1866 756 quod
1886 724 1960 758 per-

1222 775 1322 799 sonae
1347 766 1533 800 huiusmodi
1564 767 1602 800 ad
1629 767 1682 801 illa
1705 767 1906 810 recipiantur
1929 772 1961 800 et

1223 818 1443 859 admittantur,
1460 830 1574 863 preces
1595 820 1732 864 porrigi,
1760 831 1813 853 seu
1834 821 1873 854 de
1890 830 1962 863 per-

1224 871 1312 904 sonis
1347 872 1469 905 eisdem
1504 873 1542 905 ad
1581 873 1766 906 huiusmodi
1800 873 1962 907 beneficia

1223 924 1462 958 nominationes
1488 925 1556 959 sieri
1584 926 1756 968 contigerit
1776 926 1960 970 primarias)

1224 976 1321 1011 iidem
1336 979 1509 1011 collatores
1518 984 1549 1011 et
1563 979 1745 1012 collatrices
1760 980 1862 1022 (salvo
1876 979 1960 1024 quod

1223 1030 1369 1074 singulae
1402 1031 1592 1064 collationes
1625 1037 1657 1065 et
1688 1032 1833 1075 singulae
1859 1033 1962 1066 eccle·

1224 1085 1290 1118 siae
1309 1095 1344 1118 ex
1367 1085 1428 1118 hoc
1450 1085 1533 1118 ultra
1554 1096 1649 1129 quarn
1672 1086 1703 1118 in
1724 1097 1788 1119 uno
1803 1086 1962 1119 beneficio

1224 1149 1288 1171 non
1313 1145 1492 1182 graventur,
1520 1149 1556 1171 ac
1582 1139 1642 1182 ipsi
1661 1140 1834 1173 collatores
1852 1141 1963 1173 etcol-

1223 1192 1354 1226 latrices
1379 1193 1493 1225 saltem
1519 1198 1656 1235 quatuor
1680 1192 1838 1226 beneficia
1863 1194 1962 1227 eccle-

1224 1244 1350 1278 siastica
1364 1245 1513 1277 conferre
1524 1245 1679 1288 habeant)
1691 1246 1877 1279 huiusmodi
1889 1256 1964 1289 pre-

1224 1298 1314 1331 cibus
1340 1303 1372 1331 et
1386 1298 1664 1331 nominationibus
1684 1309 1799 1342 parere
1817 1304 1848 1331 et
1865 1299 1962 1332 inten-

1224 1351 1310 1391 dere,
1336 1361 1463 1384 necnon
1489 1362 1646 1394 personas
1672 1352 1758 1396 ipsas
1784 1353 1823 1386 ad
1849 1353 1962 1386 huius-

1223 1404 1310 1437 modi
1335 1404 1495 1438 benetieia
1521 1406 1706 1449 (postquam
1728 1406 1805 1450 ipsis
1832 1406 1872 1440 de
1897 1406 1962 1440 illis

1223 1457 1377 1490 canonice
1403 1458 1569 1501 provisum
1596 1458 1704 1502 suerit)
1726 1459 1812 1492 iuxta
1838 1470 1961 1493 earum,

1223 1511 1294 1543 dem
1313 1521 1445 1554 precum
1464 1517 1517 1544 aut
1535 1504 1795 1545 nominationum
1814 1518 1962 1546 tenorem

1222 1564 1369 1607 recipere
1395 1570 1427 1596 et
1451 1565 1624 1598 admittere
1651 1565 1794 1598 debeant
1811 1570 1843 1599 et
1867 1565 1963 1599 etiam

1223 1617 1411 1650 teneantur*
1430 1618 1487 1660 (ita
1504 1619 1591 1661 quod
1609 1619 1768 1651 celsitudo
1796 1624 1848 1652 tua
1865 1629 1960 1652 unam

1223 1676 1255 1704 et
1280 1671 1426 1704 eamdem
1453 1682 1625 1715 personam
1651 1672 1843 1716 supradictis
1869 1673 1962 1706 colla-

1224 1724 1348 1757 toribus
1374 1730 1406 1757 et
1431 1725 1651 1758 collatricibus
1684 1726 1779 1759 simul
1816 1727 1865 1759 vel
1891 1737 1962 1759 suc·

1223 1775 1344 1807 cessive
1387 1776 1557 1808 nominare
1601 1776 1705 1819 possit
1725 1803 1732 1815 ‚
1771 1777 1814 1809 ita
1853 1783 1960 1810 tamen

1224 1828 1319 1872 quod,
1353 1829 1592 1872 quamprimum
1624 1839 1764 1872 persona
1787 1830 1833 1863 sic
1858 1830 1961 1863 nomi-

1223 1887 1297 1915 nata
1323 1882 1362 1915 dc
1388 1882 1498 1925 aliquo
1522 1882 1682 1916 beneflcio
1704 1883 1834 1926 provisa
1855 1883 1960 1924 suerit,

1223 1935 1290 1967 eius
1315 1936 1513 1976 nominatio,
1539 1936 1644 1979 quoad
1680 1936 1760 1969 alios
1787 1936 1962 1970 collatores

1223 1989 1272 2021 vel
1299 1989 1480 2022 collatrices
1506 1989 1597 2029 sacta,
1626 1989 1696 2032 ipso
1724 1989 1792 2023 iure
1817 1990 1959 2034 expiret;

1223 2048 1254 2074 et
1278 2042 1383 2085 quoad
1405 2043 1532 2076 easdem
1556 2053 1671 2086 preces
1689 2043 1914 2077 canonicatum
1931 2049 1962 2077 et

1223 2095 1443 2138 praebendam
1469 2106 1504 2128 ac
1534 2096 1724 2137 dignitatem
1760 2106 1816 2129 seu
1850 2106 1961 2139 perso-

1223 2158 1336 2180 narum
1363 2149 1677 2182 administrationem
1702 2150 1752 2181 vel
1770 2148 1910 2182 officium
1929 2149 1960 2181 in

1223 2203 1287 2233 una
1312 2201 1448 2234 ecclesia
1473 2212 1532 2244 pro
1557 2201 1653 2234 unico
1678 2201 1843 2234 dumtaxat
1867 2201 1962 2235 bene-

1222 2254 1295 2287 ficio
1332 2255 1512 2297 computari
1549 2254 1669 2287 debere
1707 2254 1959 2299 declaramus),

1224 2308 1375 2350 quodque
1410 2308 1606 2350 quicumque
1623 2335 1630 2347 ,
1660 2307 1828 2350 quibusvis
1855 2308 1887 2340 in
1913 2308 1961 2342 di-

1223 2360 1398 2402 gnitatibus
1439 2360 1619 2400 constituti,
1657 2371 1713 2393 seu
1752 2361 1961 2395 ecclesiarum

1222 2414 1459 2446 cathedralium
1484 2413 1633 2446 canonici
1655 2414 1774 2457 singuli
1796 2414 1962 2457 (videlicet

1222 2465 1253 2497 in
1272 2465 1346 2504 illis,
1363 2476 1452 2508 quos,
1469 2476 1528 2508 pro
1546 2466 1681 2508 singulis
1700 2466 1850 2510 personis
1869 2477 1962 2510 prae-

1222 2519 1326 2557 dictis,
1350 2529 1484 2562 precum
1509 2524 1540 2551 et
1564 2519 1822 2553 nominationum
1848 2520 1962 2553 huius-

1256 2582 1268 2608 Λ1
1293 2581 1358 2608 Male
1379 2580 1443 2608 edit.
1466 2581 1545 2609 ltlain.
1569 2581 1635 2617 legit
1655 2584 1794 2610 tueantur
1813 2582 1853 2618 (n.
1870 2584 1918 2617 τ.).
1958 2586 1962 2595 “’

1963 185 2014 213 Aa.
2034 184 2064 213 C.
2085 184 2153 214 ¹7¹⁴
