2269 3203
254 188 303 216 An.
324 188 352 216 C.
372 188 436 216 1707

295 355 376 375 Causae
405 361 437 375 xe-

253 383 336 407 quentis
348 382 436 403 decreti.

483 179 547 214 302
1024 189 1202 214 Burmanni

665 237 800 266 Clemens
819 239 899 273 Papa
917 239 965 273 xl,

588 282 624 309 ad
643 281 777 310 futuram
795 281 841 310 rei
860 282 1043 310 memoriam.

491 343 506 387 ἓ
523 344 554 377 1.
574 343 694 388 Nuper,
713 355 771 388 pro
787 350 878 388 parte
897 345 1090 377 dilectorum
1109 344 1186 377 filio-

446 407 518 430 rum
530 397 649 440 prioris
664 397 871 440 provincialis
886 403 916 429 et
932 396 1104 429 definitorii
1116 407 1186 439 pro-

448 449 594 483 vincialis
613 450 798 493 provinciae
815 450 1032 492 Portugalliae
1057 448 1187 481 Ordinis

448 503 582 536 fratrum
601 504 635 536 B.
652 503 691 536 M.
709 504 742 535 V.
755 503 793 535 de
811 503 916 535 Monte
934 502 1093 543 Carmelo‚
1108 502 1188 535 Con-

448 556 629 599 gregationi
655 555 890 589 venerabilium
911 556 1042 588 fratrum
1060 561 1187 588 nostro-

447 620 517 642 rum
542 609 572 642 S.
600 609 637 642 R.
672 609 707 642 E.
735 608 946 642 cardinalium
980 609 1121 651 negotiis
1156 615 1187 642 et

446 662 743 696 consultationibus
768 662 997 705 episcoporum
1031 667 1061 694 et
1086 672 1181 704 regu-

446 715 562 748 larium
588 716 793 759 praepositae
815 715 971 758 exposito,
991 715 1088 758 quod,
1111 715 1188 748 licet

445 779 505 812 per
529 769 710 803 Concilium
731 768 964 809 Tridentinum,
984 778 1062 801 sess.
1078 778 1186 809 xxvui,

445 833 516 866 cap.
545 833 597 863 1v,
622 822 837 866 prohibeatur
871 832 1025 865 expresse
1049 831 1088 854 ne
1115 822 1186 865 quis

444 875 623 918 regularis,
651 875 720 908 sine
748 875 796 908 sui
828 874 1009 918 superioris
1035 874 1184 914 licentia,

444 928 698 972 praedicationis
723 929 770 962 vel
808 928 938 962 lectoris
968 933 1021 959 aut
1045 927 1186 959 cuiusvis

445 981 488 1024 pii
515 981 624 1025 operis
648 986 834 1025 praetextu,
861 981 1013 1014 subiiciat
1039 990 1072 1013 se
1092 981 1187 1013 obse-

446 1035 521 1078 quio
546 1035 682 1068 alicuius
707 1035 855 1079 praelati,
878 1033 1032 1077 principis
1052 1034 1101 1066 vel
1116 1033 1186 1065 uni-

444 1088 618 1128 versitatis,
643 1089 692 1121 vel
712 1087 963 1127 communitatis,
985 1091 1038 1118 aut
1055 1086 1186 1119 alterius

445 1141 679 1184 cuiuscumque
704 1151 862 1184 personae
888 1151 944 1173 seu
963 1139 1046 1179 loci;
1067 1139 1188 1172 nibilo-

440 1194 551 1227 minus
577 1194 607 1227 in
641 1204 742 1236 regno
768 1193 985 1236 Portugalliae
1010 1193 1188 1236 irrepserat

445 1247 563 1280 abusus
589 1248 728 1290 regulari
762 1247 988 1281 observantiae
1024 1245 1187 1289 praeiudi-

446 1300 546 1342 cialis,
571 1312 607 1334 ac
633 1301 764 1345 populis
790 1301 918 1334 illarum
939 1300 1077 1344 partium
1098 1310 1187 1333 scan-

446 1354 554 1387 dalum
581 1354 745 1398 praebens
761 1381 768 1395 ‚
794 1365 832 1388 eo
866 1353 940 1397 quia
965 1354 1111 1397 episcopi
1136 1364 1187 1387 ea-

446 1407 592 1440 rumdem
610 1407 761 1451 partium,
777 1408 810 1440 in
827 1407 890 1440 vim
909 1407 1111 1440 indultorum
1129 1417 1188 1450 per

446 1461 612 1493 nostrum¹
633 1466 660 1494 et
682 1460 774 1494 Sedis
794 1460 999 1504 Apostolicae
1024 1460 1056 1493 in
1079 1460 1189 1493 Portu-

447 1514 563 1556 galliae
589 1519 619 1547 et
645 1513 873 1557 Algarbiorum
899 1513 1007 1556 regnis
1033 1513 1187 1546 nuncium

447 1577 688 1608 concessorum,
705 1567 882 1600 nonnullos
902 1566 1075 1608 religiosos
1092 1566 1189 1599 musi-

447 1630 503 1652 cae
530 1619 652 1662 peritos
678 1631 737 1663 pro
757 1631 869 1653 eorum
891 1620 1101 1653 ecclesiarum
1124 1630 1189 1652 ser-

447 1672 526 1705 vitio
552 1683 568 1705 e
594 1673 739 1716 propriis
765 1673 978 1706 conventibus
999 1674 1123 1716 absque
1141 1684 1190 1705 su-

414 1912 415 1915 ,
447 1892 592 1920 moratae
617 1886 831 1919 cardinalium
849 1886 1099 1929 Congregationi
1119 1897 1190 1929 sup-

448 1938 577 1981 plicato,
593 1945 637 1979 ut,
653 1938 842 1982 praemissis
860 1939 1072 1979 occurrendo,
1087 1939 1191 1972 omni-

449 1992 508 2024 bus
536 1997 565 2025 et
583 1993 721 2035 singulis
736 1992 896 2037 religiosis
911 1992 1096 2035 praedictae
1115 2003 1191 2036 pro-

448 2044 571 2078 vinciae
598 2050 686 2078 extra
712 2056 824 2079 eorum
852 2050 1032 2079 conventus
1060 2045 1191 2078 servitio

449 2097 624 2131 cuiuslibet
648 2098 803 2142 simplicis
830 2099 987 2132 ecclesiae
1005 2099 1140 2131 addictis
1162 2105 1193 2132 et

450 2151 518 2183 sine
541 2151 749 2194 superiorum
771 2162 900 2185 suorum
923 2151 1054 2185 licentia
1075 2152 1193 2194 degen-

451 2204 546 2244 tibus,
570 2210 604 2236 ut
628 2204 666 2237 ad
693 2205 837 2248 ipsorum
856 2205 1033 2248 respective
1052 2216 1193 2238 conven-

451 2263 500 2290 tus
526 2257 683 2299 redirent,
700 2258 899 2301 praecipere,
925 2258 1074 2301 quodque
1101 2268 1193 2300 supe-

451 2310 554 2343 riores
579 2310 735 2353 praedicti
755 2310 829 2343 illos
856 2311 895 2343 ad
920 2311 962 2351 id,
985 2321 1192 2354 quocumque

451 2363 577 2396 indulto
610 2363 741 2396 minime
778 2364 949 2404 obstante,
992 2364 1193 2406 compellere

451 2422 603 2461 possent,
639 2417 833 2457 decernere,
869 2426 998 2449 necnon
1030 2426 1090 2459 pro
1115 2421 1194 2448 tem-

452 2481 534 2511 pore
559 2469 708 2502 existenti
734 2469 854 2501 nuncio
880 2469 1043 2508 mandare,
1068 2479 1108 2501 ne
1133 2468 1194 2500 hu-

453 2522 592 2556 iusmodi
618 2522 754 2565 indulta⁷
771 2522 831 2555 nisi
850 2521 1002 2565 legitimis
1020 2522 1058 2554 de
1077 2522 1190 2562 causis,

488 2586 499 2613 t
523 2582 592 2611 Edit.
610 2583 687 2611 Maia.
705 2583 770 2619 tegit
790 2586 919 2613 nostram
939 2584 977 2619 (R.
995 2585 1043 2618 ⁷12).

1228 188 1381 213 ROMANUM

1231 243 1262 270 et
1285 237 1394 271 audito
1421 236 1589 280 superiore
1616 235 1774 278 religiosi,
1800 235 1855 279 qui
1881 235 1920 268 ab
1938 245 1970 268 e-

1230 290 1370 334 piscopis
1395 300 1454 333 pro
1481 299 1594 322 eorum
1619 288 1751 321 servitio
1772 288 1968 331 postulatur,

1230 344 1433 382 concederet,
1459 342 1605 386 aliasque
1631 342 1663 374 in
1681 341 1868 385 praemissis
1883 341 1971 373 iuxta

1230 396 1396 428 memorati
1423 395 1556 429 Concilii
1584 395 1833 438 dispositionem
1865 394 1970 437 provi-

1231 449 1309 482 dere
1346 450 1554 491 dignaretur:
1592 447 1752 481 emanavit
1790 447 1828 479 ab
1860 447 1971 479 eadem

1231 501 1490 544 Congregatione
1517 501 1681 534 decretum
1707 501 1830 534 tenoris
1845 500 1898 544 qui
1924 510 1972 532 se-

1231 555 1348 596 quitur,
1375 554 1548 587 videlicet:

1270 617 1359 646 Sacra
1388 617 1591 654 Congregatio
1620 616 1920 646 eminentissimorum
1943 617 1972 644 et
1996 622 2167 654 Des-retumcten-

1229 665 1539 694 reverendissimorum
1556 665 1583 693 S.
1606 666 1640 694 R.
1659 665 1693 693 E.
1712 664 1905 694 cardinalium
1921 653 2167 701 ιιθ-ᾗῖζῖᾗῗὲξῗέξᾚῖο

2004 709 2015 721 n
2038 706 2059 723 ut
2081 706 2166 724 ruvncet

1230 715 1322 751 goeiis
1354 716 1383 743 et
1414 714 1682 743 consultationibus
1714 715 1916 752 episcoporum
1943 708 2168 751 etfi'fflunasomnem

1230 763 1408 800 regularium
1432 763 1608 800 praeposita,
1636 762 1673 791 ad
1705 771 1792 800 quam
1821 761 1972 790 sanctissi-

1230 821 1293 840 mus
1316 812 1452 840 dominus
1474 814 1575 840 noster
1599 811 1763 849 supplicem
1788 811 1867 839 hune
1889 809 1972 838 libel-

1231 862 1290 889 lum
1311 860 1435 894 remisit,
1459 861 1574 889 attenta
1595 861 1740 889 relatione
1757 860 1849 898 patris
1866 868 1972 897 procu-

1229 907 1335 934 ratoris
1367 907 1514 943 generalis
1540 906 1675 941 Ordinis,
1697 907 1812 934 censuit
1839 906 1972 934 commit-

1230 955 1360 991 tendum,
1374 957 1461 991 prout
1474 955 1637 992 praesentis
1654 955 1763 983 decreti
1778 955 1881 991 vigore
1893 963 1972 982 com-

1230 1003 1328 1036 mittit,
1354 1002 1586 1031 eminentissimo
1618 1003 1726 1031 nuncio
1755 1002 1915 1040 apostolico
1942 1002 1973 1029 in

1230 1051 1387 1080 Lusitania
1408 1051 1558 1088 residenti,
1580 1054 1612 1080 ut
1633 1053 1751 1080 revocet
1773 1059 1974 1088 quascumque

1230 1100 1384 1137 licentias,
1407 1103 1436 1129 et
1458 1102 1540 1128 curet
1561 1100 1713 1137 regulares
1734 1099 1832 1129 redire
1854 1099 1974 1128 omniuo

1230 1149 1267 1177 ad
1305 1158 1405 1178 eorum
1441 1151 1615 1177 conventus.
1647 1149 1777 1185 Romae,
1810 1157 1884 1176 xxxx
1911 1147 1974 1176 iulii

1229 1208 1355 1227 MDccvn.
1379 1215 1413 1219 —
1438 1198 1474 1226 G.
1498 1197 1656 1226 cardinalis
1678 1197 1856 1226 mammos.
1879 1212 1916 1217 —
1938 1196 1972 1224 F.

1230 1248 1266 1276 A.
1290 1247 1442 1275 Nicamt‘s
1461 1247 1645 1275 secretarius.

1275 1301 1289 1344 g
1315 1301 1344 1333 ΕΞ.
1370 1300 1446 1335 Cum
1468 1305 1586 1340 autem,
1611 1300 1692 1333 sicut
1713 1300 1788 1334 dicti
1808 1310 1972 1344 exponen-

1231 1360 1278 1388 tes
1304 1354 1397 1387 nobis
1434 1353 1551 1396 exponi
1586 1353 1750 1394 fecerunt,
1776 1353 1837 1397 ipsi
1864 1353 1973 1386 decre-

1231 1414 1296 1440 tum
1322 1406 1517 1446 huiusmodi,
1540 1418 1602 1450 quo
1625 1406 1747 1439 firmius
1765 1405 1917 1439 subsistat
1942 1412 1973 1439 et

1231 1466 1374 1494 servetur
1400 1459 1556 1501 exactius,
1584 1459 1784 1503 apostolicae
1802 1459 1974 1492 confirma-

1233 1513 1326 1547 tionis
1339 1519 1471 1546 nostrae
1485 1513 1668 1556 patrocinio
1683 1511 1875 1546 communiri
1891 1522 1972 1545 sum-

1231 1579 1364 1611 mopere
1384 1567 1590 1600 desiderent:
1613 1577 1691 1607 nos,
1715 1566 1859 1610 ipsorum
1876 1576 1973 1610 expo-

1210 1621 1378 1655 tneutium
1406 1620 1485 1653 votis
1512 1621 1573 1653 hac
1598 1620 1630 1652 in
1656 1630 1701 1660 re,
1716 1625 1871 1663 quantuni
1899 1630 1971 1652 cum

1210 1710 1212 1715 ¹
1232 1674 1369 1707 Domino
1383 1683 1570 1717 possumus,
1590 1673 1810 1706 favorabiliter
1828 1683 1971 1705 annuere

446 1727 613 1770 periorum
647 1727 846 1769 regularium
881 1727 1026 1759 ciusdem
1062 1719 1212 1770 provin-3

447 1779 514 1812 ciae
550 1779 682 1813 licentia
717 1780 914 1813 educebant:
948 1791 985 1812 ac
1015 1786 1212 1823 propterea,

447 1843 506 1876 pro
538 1838 626 1876 parte
665 1833 829 1867 dictorum
864 1833 1096 1877 exponentium
1123 1827 1213 1866 nie-³>

1233 1728 1391 1766 volentes,
1412 1736 1593 1768 corumque
1613 1725 1796 1768 singulares
1816 1736 1972 1769 personas

1234 1792 1250 1812 a
1271 1779 1435 1823 quibusvis
1454 1778 1813 1818 exconnnuuicationis,
1837 1787 1974 1821 suspen-

1233 1833 1334 1866 sionis
1361 1838 1392 1865 et
1416 1832 1593 1872 interdicti,
1621 1832 1757 1876 aliisque
1776 1831 1973 1864 ecelesiasti-

1234 1886 1278 1919 cis
1292 1885 1473 1925 sententiis,
1490 1885 1638 1917 censuris
1658 1889 1690 1918 et
1713 1884 1841 1928 poenis,
1868 1895 1885 1917 a
1904 1884 1971 1916 iure

1235 1940 1282 1972 vel
1301 1939 1339 1971 ab
1359 1938 1504 1978 bomine,
1524 1938 1634 1981 (piaris
1649 1938 1820 1971 occasione
1833 1938 1882 1970 vel
1901 1947 1973 1970 cau-

1212 2021 1213 2027 ,
1234 1994 1267 2025 sa
1285 1992 1368 2032 latis,
1389 1991 1414 2023 si
1434 1991 1550 2035 quibus
1571 1991 1822 2035 quomodolibet
1838 1991 1973 2024 innoda-

1236 2052 1284 2079 tae
1320 2046 1484 2085 existunt,
1513 2045 1550 2077 ad
1577 2044 1724 2077 effectum
1751 2043 1972 2087 praesentium

1213 2118 1214 2139 3
1236 2100 1403 2132 dumtaxat
1427 2099 1715 2140 consequendum,
1744 2098 1857 2130 barum
1889 2096 1971 2129 serie

1234 2152 1441 2185 absolventes
1472 2157 1503 2184 et
1538 2151 1703 2183 absolutas
1735 2150 1805 2183 sore
1837 2159 1973 2183 censen-

1237 2211 1297 2245 tes,
1314 2204 1608 2248 supplicationibus
1634 2214 1745 2236 eorum
1767 2202 1898 2235 nornine
1916 2212 1973 2235 no-

1235 2259 1284 2291 bis
1303 2268 1402 2301 super
1420 2257 1481 2290 hoc
1503 2256 1671 2289 humiliter
1695 2256 1857 2298 porrectis
1882 2255 1973 2288 incli-

1237 2311 1314 2350 nati,
1336 2311 1499 2343 decretum
1515 2309 1764 2352 praeinsertum,
1781 2309 1971 2342 auctoritate

1236 2363 1424 2406 apostolica,
1457 2368 1569 2395 tenore
1601 2359 1834 2405 praesentium,
1861 2361 1973 2394 confir-

1237 2426 1361 2448 manius
1391 2420 1422 2447 ct
1446 2415 1672 2458 approbamus,
1706 2414 1818 2458 illique
1844 2414 1974 2448 inviola-

1236 2468 1310 2501 bilis
1335 2467 1534 2511 apostolicae
1559 2467 1720 2500 firmitatis
1745 2467 1846 2500 robur
1863 2467 1973 2500 adiici-

1236 2531 1325 2561 mus,
1346 2521 1433 2553 salva
1459 2524 1563 2552 tamen
1586 2530 1716 2564 semper
1733 2520 1765 2552 in
1786 2519 1973 2564 praemissis

1237 2574 1428 2607 auctoritate
1473 2578 1668 2607 memoratae
1708 2572 1972 2618 Congregationis

2031 1311 2167 1331 Confirmatio

1982 1338 2044 1359 relati
2059 1339 2149 1359 decreti.

2263 0 2269 92 l

1972 187 2019 214 An,
2041 187 2071 215 C.
2088 188 2156 216 1707
2264 95 2269 213 i

2264 215 2269 300 l
