2269 3203
269 220 317 246 An.
334 219 361 246 C.
385 220 448 247 1711
498 210 562 244 440

310 1864 371 1885 Fida<
397 1867 453 1885 trau<

270 1893 406 1917 suun-torum.

460 268 585 302 sionem
610 270 860 313 requirentibus,
899 271 957 303 sub
991 270 1198 314 quibuscum-

460 332 525 364 que
551 323 720 355 verborum
757 323 922 356 tenoribus
957 328 988 356 et
1013 323 1135 361 formis,
1163 333 1199 354 ac

460 384 533 406 cum
551 375 715 418 quibusvis
733 375 827 408 etiam
848 375 1126 418 derogatoriarum
1145 374 1199 407 de-

461 427 645 469 rogam-iis,
672 427 809 471 aliisque
829 428 1075 466 efficacioribus,
1095 426 1199 459 estlea-

461 478 597 513 cissimis
621 486 652 513 et
677 480 814 513 insolitis
849 480 1016 520 clausulis,
1043 479 1199 512 irritanti-

461 532 587 576 busque
613 538 646 566 et
669 533 740 566 aliis
777 533 930 572 decretis,
968 533 1063 566 etiam
1102 537 1198 572 motu,

461 586 597 620 scientia
616 591 647 619 ct
670 586 841 629 potestatis
866 586 1071 629 plenitudine
1088 585 1200 618 simili-

461 642 531 679 bus,
558 650 594 672 ac
617 639 889 678 consistorialiter,
910 644 941 672 et
964 639 1042 672 alias
1067 648 1200 681 quomo-

462 693 587 726 dolibet
603 692 634 724 in
653 692 852 725 contrarium
865 693 1117 734 praemissorum
1129 701 1201 724 con-

462 745 573 785 cessis,
592 745 696 784 editis,
718 745 816 785 sactis,
835 756 871 777 ac
892 745 1012 788 pluries
1030 744 1151 777 iteratis
1170 749 1200 777 et

463 798 733 841 quantiscumque
759 797 880 830 vicibus
905 796 1105 840 approbatis.
1125 807 1201 829 con-

462 851 594 884 firmatis
617 856 648 883 et
667 850 843 891 innovatis,
862 850 978 894 quibus
1000 850 1150 883 omnibus
1168 855 1200 882 et

462 903 613 945 singulis,
641 902 765 936 etiamsi
787 913 845 946 pro
870 903 996 936 illorum
1026 902 1199 934 sufficienti

463 956 677 999 derogatione
695 956 733 988 de
749 955 813 988 illis
828 966 1006 998 eorumque
1025 955 1099 987 totis
1114 960 1201 986 teno-

463 1008 551 1041 ribus
566 1008 723 1052 specialis,
739 1008 896 1051 specifica,
912 1017 1064 1051 expressa
1079 1012 1107 1040 et
1123 1007 1200 1039 indi-

463 1061 568 1101 vidua,
586 1072 623 1093 ac
647 1061 686 1093 de
713 1061 813 1093 verbo
840 1061 878 1093 ad
901 1060 1045 1100 verbum,
1063 1070 1128 1093 non
1150 1070 1200 1092 au-

464 1121 527 1147 tem
545 1124 604 1157 per
624 1114 783 1147 clausulas
798 1114 967 1155 generales
985 1112 1070 1146 idem
1085 1112 1201 1156 impor-

462 1172 580 1206 tames,
597 1165 718 1198 mentio
736 1175 790 1198 seu
810 1165 941 1208 quaevis
960 1164 1022 1197 alia
1035 1164 1200 1208 expressio

463 1219 624 1259 habenda,
643 1224 696 1251 aut
713 1218 821 1262 aliqua
838 1219 899 1251 alia
917 1217 1076 1262 exquisita
1102 1218 1202 1251 forma

462 1272 502 1304 ad
528 1272 592 1304 hoc
616 1272 772 1304 servanda
798 1271 892 1309 soret,
925 1275 1055 1303 tenores
1085 1271 1198 1304 liuius-

463 1325 563 1364 modi,
589 1335 626 1357 ac
649 1324 673 1357 si
699 1325 738 1357 de
763 1324 860 1357 verbo
886 1324 925 1356 ad
952 1324 1093 1363 verbum,
1120 1324 1201 1357 nihil

462 1378 593 1420 penitus
618 1377 737 1410 omisso
763 1383 795 1410 et
820 1378 919 1410 forma
945 1377 976 1409 in
1002 1377 1064 1410 illis
1087 1377 1203 1410 tradita

440 1431 644 1470 observata,
671 1431 934 1473 exprimerentur
963 1435 995 1463 et
1019 1430 1204 1464 insereren-

463 1488 524 1523 tur,
546 1482 772 1526 praesentibus
797 1493 855 1526 pro
881 1484 977 1526 plene
996 1488 1027 1515 et
1047 1484 1204 1516 sufficien-

463 1542 511 1570 ter
528 1537 690 1579 expressis
715 1542 746 1569 et
764 1536 893 1569 insertis
919 1537 1102 1576 hahentes,
1138 1537 1202 1570 illis

463 1590 542 1623 alias
576 1589 608 1622 in
645 1599 701 1622 suo
735 1589 851 1622 robore
890 1590 1133 1632 permansuris,
1164 1590 1202 1623 ad

463 1642 717 1685 praemissorum
744 1641 908 1682 effectum,
935 1643 995 1675 liac
1021 1642 1088 1675 vice
1114 1643 1203 1675 dum-

463 1700 558 1735 taxat,
575 1694 764 1738 specialiter
778 1701 809 1728 et
822 1705 976 1738 expresse
996 1696 1200 1738 derogamus,

465 1759 501 1781 ac
527 1748 725 1790 derogatum.
740 1758 813 1781 esse
831 1749 998 1789 volumus;
1021 1749 1202 1792 ceterisque

463 1801 636 1835 contrariis
662 1801 936 1845 quibuscumque.

507 1854 522 1898 ξ
551 1854 582 1887 5.
616 1854 770 1887 Volumus
806 1860 913 1887 autem
950 1860 983 1887 ut
1015 1856 1226 1889 earumdem‘

463 1907 683 1951 praesentium
704 1907 884 1941 litterarum
903 1909 1130 1952 transumptis,
1148 1920 1203 1941 seu

465 1961 629 2004 exemplis,
656 1961 753 1994 etiam
779 1961 957 2004 impressis,
983 1972 1081 1994 manu
1108 1962 1205 1997 alii-u-

464 2012 512 2046 ius
536 2013 654 2047 notarii
680 2014 800 2057 publici
823 2014 1026 2058 subscriptis,
1045 2020 1077 2048 et
1095 2015 1204 2058 sigillo

464 2075 624 2109 personae
649 2066 683 2099 in
708 2066 932 2100 ecclesiastiea
950 2066 1109 2109 dignitate
1127 2078 1205 2101 con-

466 2119 597 2152 stitutae
612 2120 753 2159 munitis,
769 2120 881 2153 eadem
897 2120 1125 2163 prorsus-sides
1142 2127 1204 2154 tam

466 2171 499 2204 in
518 2171 637 2205 iudicio
653 2183 748 2216 quam
764 2178 853 2205 extra
871 2173 951 2206 illud
973 2173 1096 2216 ubique
1114 2174 1205 2207 adhi-

467 2225 603 2263 beatur,
626 2236 710 2269 quae
728 2226 849 2258 eisdem
870 2227 1098 2269 praesentibus
1118 2227 1206 2260 adlii·

510 2330 624 2363 Datum
652 2331 786 2370 Romae,
807 2331 893 2374 apud
911 2330 942 2364 S.
962 2331 1092 2364 Mariam
1111 2331 1203 2364 Maio-

467 2394 548 2424 rem,
565 2384 625 2417 sub
643 2385 764 2417 annulo
784 2384 968 2424 Piscator-is,
990 2384 1041 2416 die
1065 2394 1098 2416 111
1118 2389 1205 2417 octo·

466 2437 534 2470 bris
557 2446 685 2475 nocem,
710 2435 919 2480 pontificatus
935 2436 1038 2469 nostri
1057 2447 1142 2469 anno
1160 2447 1202 2470 xi.

502 2499 563 2526 Dat.
585 2498 628 2526 die
649 2497 664 2526 3
684 2497 802 2525 octobris
821 2497 902 2531 1711,
924 2497 1019 2533 pontis.
1042 2506 1113 2525 anno
1133 2506 1167 2526 xt.

1044 221 1220 246 nt'LLAnltrn
1248 220 1400 246 ROMANUM

1985 222 2035 250 An.
2056 222 2084 249 e.
2103 222 2165 250 1711

1545 268 1670 302 CLVlll.

1243 339 1486 381 Confirmanlur
1509 344 1633 372 statuta
1667 339 1849 373 academiae
1874 341 1976 383 picto·

1284 402 1369 431 rum,
1389 393 1591 436 sculptormn
1610 397 1638 425 el
1654 393 1900 425 architectorum
1917 394 1978 426 Bo·

1285 445 1404 478 noniae
1427 446 1598 478 institutae
1621 450 1650 478 cl
1673 445 1893 479 Clementinae
1924 456 1980 479 no-

1288 498 1374 531 mine
1399 497 1608 541 insiynilaefi

1459 578 1593 606 Clemens
1615 579 1694 612 Papa
1713 579 1761 612 xl,

1360 623 1395 649 ad
1415 625 1592 657 perpetuam
1611 623 1655 650 rei
1676 623 1858 651 memoriam.

1287 692 1451 726 Militantis
1487 693 1650 727 Ecclesiae
1687 694 1838 736 regimini
1874 694 1979 727 divina
2017 703 2137 725 amr-imm.

1244 746 1462 788 dispositione
1496 746 1743 789 praesidentes,
1771 757 1807 779 ac
1831 746 1980 789 publicae

1244 797 1390 830 utilitatis
1415 809 1522 831 curam
1542 804 1702 840 gerentes,
1722 799 1786 838 illa,
1814 809 1897 842 quae
1921 809 1981 842 pro

1244 851 1422 884 excitandis
1446 852 1744 894 promovendisque
1770 851 1982 885 laudabilium

1243 903 1358 935 artium
1384 903 1499 936 studiis
1525 903 1660 946 provide
1689 903 1861 937 constituta
1886 909 1982 948 atque

1245 955 1391 988 ordinata
1416 965 1488 988 esse
1514 961 1702 995 noscuntur,
1727 962 1762 988 ut
1786 955 1877 989 firma
1898 967 1982 989 sem-

1245 1017 1303 1050 per
1327 1012 1423 1051 atque
1441 1007 1592 1041 inviolata
1609 1009 1794 1051 persistant,
1812 1009 1983 1052 apostolici

1244 1060 1432 1093 muniminis
1458 1060 1561 1093 nostri
1586 1060 1777 1104 patrocinio,
1811 1071 1884 1094 cum
1909 1061 1941 1094 id
1966 1072 1984 1094 a

1246 1113 1339 1145 nobis
1364 1113 1511 1156 petitur²,
1538 1114 1679 1147 libenter
1703 1114 1962 1149 constabilimus.

1289 1166 1303 1208 ξ
1329 1165 1359 1197 1.
1393 1166 1518 1209 Exponi
1554 1166 1715 1210 siquidem
1750 1166 1845 1199 nobis
1876 1177 1982 1210 nuper
2009 1177 2103 1207 ,suatum
2118 1182 2178 1204 pm-

1246 1220 1393 1252 secerunt
1417 1220 1525 1253 dilecti
1543 1220 1600 1253 filii
1624 1219 1856 1253 reformatores
1881 1225 1982 1254 status
1992 1204 2050 1251 32¹3?
2085 1204 2177 1225 ''mm''

1246 1272 1403 1305 libertatis
1428 1271 1563 1305 civitatis
1587 1273 1798 1313 Bononiensi,
1816 1273 1903 1316 quod
1921 1273 1982 1317 ipsi

1247 1325 1277 1357 in
1304 1326 1417 1358 eadem
1449 1325 1597 1365 civitate,
1630 1335 1710 1368 quae
1743 1325 1882 1358 antehac
1918 1325 1984 1358 exi-

1247 1379 1317 1411 miis
1344 1384 1375 1411 et
1398 1378 1580 1412 celebribus
1606 1378 1785 1421 pictoribus
1810 1378 1920 1411 floruit
1951 1384 1984 1411 et

1246 1432 1353 1465 adhuc
1378 1431 1417 1465 de
1441 1432 1606 1475 praesenti
1639 1432 1752 1472 floret,
1785 1431 1983 1465 academiam

1247 1485 1418 1529 pictorum,
1444 1485 1647 1528 sculptorum
1673 1490 1703 1517 et
1732 1484 1986 1519 architectorum

1248 1539 1305 1572 sub
1330 1538 1482 1582 auspiciis
1516 1539 1633 1572 nostris
1658 1538 1759 1581 erigi,
1784 1549 1820 1571 ac
1846 1548 1905 1581 pro
1937 1539 1983 1572 se-

1248 1593 1298 1626 lici
1318 1593 1404 1625 illius
1423 1592 1604 1625 directione
1623 1598 1719 1635 atque
1734 1591 1892 1635 gubernio
1909 1602 1986 1625 non-

1248 1648 1335 1680 nulla
1359 1651 1477 1679 statuta
1502 1645 1614 1678 confici
1640 1655 1676 1678 ac
1707 1646 1738 1678 in
1771 1655 1869 1677 unum
1896 1646 1986 1678 volu·

1247 1710 1320 1732 men
1347 1699 1449 1742 redigi
1472 1704 1636 1738 curarunt,
1656 1698 1776 1731 tenoris
1802 1698 1855 1742 qui
1882 1697 1987 1742 sequi·

1224 1782 1225 1787 ,
1249 1759 1308 1792 tur,
1335 1753 1500 1784 videlicet:

1286 1816 1479 1854 Quantunque
1503 1813 1532 1842 in
1555 1813 1620 1842 altri
1645 1813 1743 1852 tempi,
1767 1813 1911 1843 ravvisato
1934 1822 1985 1852 per
2021 1811 2125 1833 Pf⁰⁰¹¹¹³⁰·

1248 1863 1419 1892 indecoroso
1441 1862 1496 1891 alla
1521 1861 1698 1901 professione
1721 1861 1795 1891 della
1824 1861 1933 1900 pittura
1957 1862 1984 1891 lo

1248 1915 1324 1941 stare
1348 1910 1500 1940 mcscolata
1534 1910 1575 1939 sra
1610 1909 1635 1939 le
1668 1910 1721 1939 arti
1749 1909 1934 1939 meccaniche
1956 1909 1986 1939 di

1248 1964 1348 1999 questa
1372 1959 1452 1995 eiua,
1487 1959 1561 1988 fosse
1584 1967 1637 1987 con
1660 1958 1810 1988 l‘autorita
1838 1958 1986 1996 maggiore

1248 2006 1552 2037 dell'eminentissimo
1576 2007 1667 2045 legato
1683 2016 1697 2035 e
1716 2006 1987 2036 dell'illustrissimo

1249 2061 1349 2085 senato
1371 2056 1399 2085 di
1422 2055 1547 2093 Bologna
1571 2055 1677 2094 quella,
1701 2064 1715 2084 a
1738 2054 1912 2084 distinzione
1929 2055 1988 2085 del-

1249 2105 1344 2134 l’altre
1367 2104 1540 2141 universim,
1564 2102 1727 2142 qualismata
1751 2102 1794 2131 col
1817 2111 1903 2132 nome
1925 2111 1989 2142 spe-

1249 2153 1327 2182 cioso
1350 2151 1378 2182 di
1403 2152 1570 2192 Compaym'a
1585 2152 1613 2180 di
1629 2151 1738 2189 Pium-i,
1759 2160 1774 2180 e
1790 2150 1917 2180 stabilita
1934 2159 1988 2180 con

1249 2202 1345 2240 rogote
1369 2211 1383 2231 e
1406 2201 1480 2239 leggi
1512 2200 1696 2230 onestissime
1722 2209 1737 2228 e
1763 2199 1988 2239 prudentissime

649 2279 654 2283 .
681 2279 687 2285 .
868 2279 872 2284 .
902 2279 907 2284 .
1226 2274 1228 2289 Ε
1250 2250 1404 2289 compilate
1428 2249 1461 2277 ed
1485 2252 1640 2288 appi-ovate
1675 2248 1703 2277 in
1734 2257 1772 2277 un
1803 2247 1914 2287 piccolo
1940 2257 1988 2278 vo·

466 2277 599 2310 beretur
629 2288 655 2310 si
675 2281 782 2312 torent
801 2279 963 2312 exhibitae
977 2280 1026 2312 vel
1042 2286 1202 2312 ostensae.

1287 2340 1296 2364 vt
1321 2339 1411 2365 Const,
1433 2337 1475 2364 ed.
1498 2343 1601 2370 mocon,
1618 2336 1661 2363 die
1681 2336 1714 2363 28
1739 2336 1815 2369 iunii,
1840 2336 1936 2372 pontif.
1958 2343 1987 2371 ιι,

1250 2382 1426 2409 confirmatae
1445 2381 1521 2408 fuere
1541 2380 1690 2407 additiones
1710 2380 1742 2407 ad
1762 2384 1862 2408 statuta
1880 2381 1989 2409 univer·

1249 2426 1336 2453 sitatis
1355 2426 1492 2453 fabrorum
1512 2425 1683 2452 ferrariorum
1703 2425 1737 2452 de
1758 2425 1838 2458 Urbe;
1855 2429 1884 2463 ,εἰ
1900 2430 1986 2454 const.

1249 2470 1292 2496 ed.
1314 2476 1427 2502 Moccxv,
1449 2469 1491 2496 die
1514 2469 1544 2495 1⁴2
1564 2468 1638 2502 iunii,
1658 2469 1750 2504 pontif.
1767 2476 1810 2502 xv,
1830 2470 1989 2497 confirman-

1250 2519 1293 2541 tur
1321 2517 1421 2540 statuta
1449 2513 1601 2540 academiae
1630 2513 1802 2541 scientiarum
1830 2514 1856 2541 in
1885 2514 1989 2542 civi1ate

1250 2557 1420 2586 Bononiensi.

1286 2603 1301 2630 ι).
1322 2602 1393 2631 Edit.
1414 2602 1494 2630 Maia.
1512 2602 1713 2639 legitpetitum
1733 2604 1771 2640 (a.
1789 2604 1837 2637 τ.).
