2269 3203
83 258 132 284 An.
149 255 178 283 C.
201 253 270 282 1722

851 250 1066 277 INNOCENTIUS
1092 250 1150 275 xm
1174 251 1224 275 1²1³.

276 307 399 343 quatuor
427 303 596 334 definitores
623 307 651 333 et
681 306 899 342 procuratorem
928 310 1015 339 gene-

276 353 381 391 ralem,
415 363 528 383 necnon
551 353 740 390 exgeneralcs
763 356 791 382 et
815 350 1019 390 exprovinria-

277 401 320 431 les
353 406 382 432 et
416 402 578 431 exvicarios
602 401 811 440 provinciales,
830 400 877 438 qui
911 399 1017 429 suerint

277 458 329 488 per
356 449 508 479 biennium
536 450 664 479 ciusdem
693 453 805 479 tantum
835 448 1018 487 provinciae,

278 498 328 538 qui
357 507 459 528 omnes
483 499 557 527 intra
582 498 670 527 unius
697 497 806 526 mensis
829 497 968 535 spatium,
992 500 1020 525 et

277 555 335 576 non
359 546 446 580 ultra,
463 547 508 576 vel
526 546 744 586 quamprimum
762 546 850 574 suerit
870 544 1019 583 possibile,

279 595 388 634 eligant
411 596 551 625 canonice
574 604 772 625 successorem
804 594 906 623 vicarii
935 602 1022 631 gene-

278 643 349 673 ralis
382 653 417 672 ex
449 644 550 673 eodem
583 642 746 682 provincia,
770 642 819 681 qui
853 642 1021 670 universam

279 692 514 721 recollectionem
527 691 669 730 gubernet
685 691 890 728 integrumque
903 690 1023 728 impleat

279 739 452 768 sexennium
475 747 489 767 a
512 738 558 767 die
581 737 733 767 electionis
755 737 799 766 sui
823 737 1023 775 praedecesso-

279 787 320 817 ris
344 786 589 826 computandum,
614 790 657 824 et,
681 786 780 815 statim
804 794 836 814 ac
856 784 943 814 suerit
965 784 1022 813 ele-

280 840 344 865 ctus
360 859 368 873 ‚
391 839 526 865 teneatur
555 835 634 864 illico
667 835 880 872 confirmatus,
904 833 933 863 in
967 842 1022 872 qua

281 884 508 923 congregatione
524 883 690 923 praesideat
707 883 897 923 provincialis
918 891 1025 912 convo-

280 942 361 970 cans,
386 934 435 973 qui
458 933 486 963 in
511 933 599 963 simili
622 937 728 963 eventu
748 941 863 972 praeses
879 930 1024 970 generalis

279 982 431 1020 religionis
459 982 647 1012 constituitur
670 991 684 1011 a
712 982 774 1020 lege
797 990 889 1020 usque
911 980 946 1010 ad
969 980 1024 1010 ele-

280 1031 406 1061 ctionem
429 1032 567 1061 suturam.

326 1083 411 1122 Quae
443 1084 572 1127 quidem
606 1083 778 1126 dispositio
809 1083 869 1115 suit
900 1083 1026 1126 pariter

282 1147 299 1169 a
325 1137 467 1180 capitulo
493 1136 636 1179 generali
663 1137 844 1169 coadunato
871 1136 911 1168 de
939 1146 1024 1168 anno

282 1198 409 1223 Muccm
432 1189 620 1222 confirmata
644 1199 717 1221 cum
744 1188 875 1221 decreto
901 1188 1025 1221 tenoris

284 1243 464 1285 sequentis,
489 1243 662 1275 videlicet:

127 1304 142 1319 ¹·
167 1298 274 1319 smmum
324 1296 458 1326 Secundo
481 1296 632 1333 statuitur,
646 1300 674 1325 et
689 1305 703 1325 a
720 1299 780 1326 toto
797 1296 883 1335 pleno
900 1296 1027 1334 capitulo

89 1326 176 1350 rapituli

88 1356 173 1372 uncum.

219 1330 275 1345 anth)

284 1343 463 1379 declaratur,
487 1342 564 1380 quod
586 1342 716 1371 clausula
735 1342 954 1372 constitutionis
979 1352 1028 1371 no-

283 1395 380 1429 strae,
404 1399 460 1429 qua
485 1390 664 1429 praecipitur
694 1390 770 1429 quod
794 1395 877 1429 pater
900 1391 1027 1420 vicarius

282 1437 429 1477 generalis
451 1447 485 1467 ex
502 1441 560 1466 toto
576 1446 698 1476 corpore
714 1437 866 1475 religionis
888 1437 1025 1475 eligatur,

283 1487 326 1516 sic
358 1486 394 1515 ad
428 1485 541 1525 praxim
574 1486 712 1525 deinceps
745 1485 830 1515 debet
859 1486 971 1524 reduci,
996 1490 1027 1516 ut

283 1535 362 1565 inter
384 1539 443 1564 tres
466 1534 642 1574 provinciaS,
671 1544 745 1573 quae
768 1535 854 1564 modo
877 1539 977 1564 extant
1000 1539 1028 1565 ct

285 1583 426 1623 praedicti
442 1583 574 1622 corporis
591 1584 723 1622 aequalia
740 1588 809 1614 sunt
825 1584 966 1622 membra,
985 1585 1026 1615 al-

285 1632 429 1662 ternativa
451 1632 597 1662 successio
616 1632 645 1662 in
662 1633 804 1663 vicariatu
820 1633 949 1671 generali
965 1643 1025 1664 ser-

285 1684 379 1717 vetur;
403 1681 440 1710 ita
464 1681 540 1720 quod
570 1680 668 1710 nullus
690 1690 724 1711 ex
758 1682 919 1720 provincia,
943 1682 1026 1713 cuius

285 1728 364 1759 filius
386 1729 416 1759 in
439 1730 492 1759 hoc
515 1733 543 1759 et
566 1730 751 1760 antecedenti
767 1731 895 1770 capitulo
917 1741 1026 1761 assum-

285 1781 352 1817 ptus
364 1778 430 1817 suit,
443 1778 478 1808 ad
494 1778 665 1816 dignitatem
679 1779 831 1817 religionis
845 1789 1023 1819 supremam,

284 1825 315 1856 in
337 1826 471 1866 sequenti
494 1827 603 1856 assumi
625 1828 716 1866 possit
737 1828 771 1857 ad
794 1828 885 1867 illam,
909 1829 958 1859 sed
980 1829 1025 1859 ius

285 1873 412 1904 subiecti
434 1874 574 1913 eligibilis
596 1876 690 1905 solum
718 1877 831 1906 ratione
860 1877 1025 1916 praedictae

285 1922 478 1952 alternativae
499 1923 530 1952 in
553 1923 704 1962 provincia
720 1925 821 1954 Sicula
837 1929 963 1962 maneat,
978 1926 1024 1955 cui

285 1970 321 2000 de
342 1971 406 2001 iure
428 1972 458 2001 in
480 1972 608 2010 capitulo
630 1972 761 2010 generali
789 1974 923 2012 sequenti
947 1983 1026 2004 com-

286 2020 362 2058 petit
384 2020 551 2050 alternatio.
575 2020 744 2050 Declaratur
766 2025 875 2059 tamen,
898 2022 987 2061 quod,
1002 2022 1026 2052 si

286 2067 414 2098 decursu
437 2069 575 2107 temporis
597 2069 693 2108 aliqua
716 2070 934 2108 provinciarum
955 2071 1027 2100 divi-

285 2115 370 2146 datur
391 2116 420 2146 in
444 2116 516 2147 duas
537 2117 581 2146 vel
604 2117 711 2156 plures,
741 2128 798 2148 non
827 2119 892 2148 ideo
920 2119 1026 2149 debent

285 2164 386 2203 augeri
402 2165 622 2203 alternationeS,
635 2167 685 2196 sed
702 2176 818 2206 semper
833 2167 891 2197 sint
907 2169 1027 2198 restrin-

285 2214 397 2252 gendae
428 2214 462 2244 ad
495 2218 553 2244 tres
584 2215 750 2254 provincias
771 2216 856 2245 modo
879 2221 1024 2254 extantes,

285 2261 325 2292 ita
342 2263 418 2302 quod
435 2272 511 2293 unus
537 2263 684 2301 generalis
710 2268 823 2294 tantum
846 2265 880 2293 ad
898 2265 1023 2301 nemas,

286 2310 362 2341 alius
379 2311 415 2341 ad
434 2311 642 2349 Castellanas¹‚
667 2316 694 2342 et
716 2312 790 2342 alius
809 2312 842 2342 ad
864 2312 976 2343 Siculas
997 2317 1024 2343 et

287 2358 360 2388 alias
380 2359 529 2397 erigibiles
551 2364 632 2390 extra
649 2361 819 2400 Hispaniam
836 2361 1022 2391 extendatur.

330 2412 512 2446 Accedente
536 2415 743 2458 postmodum
771 2415 832 2447 alia
858 2413 1024 2448 confirma-

287 2465 376 2499 tione
393 2466 502 2500 habita
518 2466 551 2500 in
569 2467 709 2511 capitulo
724 2468 870 2510 generali
885 2469 923 2501 de
939 2478 1023 2501 anno

286 2528 410 2555 mnccix
443 2530 480 2553 ex
522 2521 600 2553 actis
633 2521 869 2565 capitularibus
902 2522 1023 2554 tenoris

287 2573 466 2618 sequentis,
490 2573 642 2607 videlicet
658 2585 665 2606 τ

323 2637 335 2663 1
358 2635 427 2663 Edit.
449 2635 532 2663 Main.
552 2635 618 2671 legit
637 2635 776 2664 Cascellas
794 2637 833 2672 (a.
851 2636 902 2671 τη).

1061 349 1240 387 declaratur,
1262 348 1339 387 quod
1362 348 1492 378 clausula
1515 349 1731 378 constitutionis
1755 359 1804 378 no-

1063 402 1150 432 strae,
1175 408 1230 436 qna
1255 397 1434 436 praecipitur
1464 397 1539 435 qnod
1569 402 1650 435 pater
1679 397 1806 426 vicarius

1063 446 1210 482 generalis
1226 455 1259 475 ex
1278 450 1337 475 toto
1358 455 1478 485 corpore
1502 445 1653 482 religionis
1669 445 1805 482 eligatur,

1063 494 1126 523 sic¹
1159 494 1193 523 ad
1219 494 1332 532 praxim
1351 494 1489 532 deinceps
1521 493 1607 523 debet
1639 494 1752 529 reduci,
1776 496 1807 521 ut

1064 542 1141 571 inter
1163 546 1223 571 tres
1247 542 1414 581 provincias
1429 566 1436 579 ,
1460 551 1534 580 quae
1567 541 1652 570 modo
1685 545 1762 570 stant
1781 545 1809 570 et

1065 590 1205 629 praedicti
1227 591 1358 629 corporis
1377 590 1509 629 aequalia
1525 594 1593 619 sunt
1610 588 1752 626 membra,
1769 589 1810 618 al-

1065 639 1207 669 ternativa
1231 639 1378 669 successio
1407 640 1438 668 in
1469 639 1613 668 vicarium
1641 638 1808 676 generalem

1065 692 1210 725 servetur,
1229 688 1267 717 ita
1285 688 1360 726 quod
1378 688 1476 717 nullus
1494 697 1528 716 ex
1546 687 1708 726 provincia,
1726 686 1809 716 cuius

1067 737 1145 766 filius
1168 736 1197 766 in
1222 737 1276 766 hoc
1301 741 1328 765 et
1351 736 1533 766 antecedenti
1549 736 1676 775 capitulo
1699 744 1811 764 assum-

1067 789 1131 824 ptus
1154 785 1208 815 suit
1223 785 1258 814 ad
1275 785 1445 822 dignitatem
1463 784 1613 822 religionis
1629 793 1808 823 supremam,

1066 833 1095 863 in
1119 834 1252 872 sequenti
1276 833 1384 863 assumi
1403 833 1493 872 possit
1516 833 1550 862 ad
1574 833 1664 867 illam,
1691 832 1741 862 sed
1764 832 1809 861 ius

1067 881 1191 912 subiecti
1214 881 1353 920 eligibilis
1376 881 1468 911 solum
1502 881 1616 910 ratione
1645 880 1810 920 praedictae

1067 931 1258 961 alternativae
1284 931 1312 960 in
1337 930 1487 970 provincia
1513 930 1653 960 Castellae
1682 932 1809 966 mancat,

1067 980 1113 1010 cui
1136 980 1170 1010 de
1201 980 1264 1010 iure
1293 980 1323 1010 in
1356 979 1483 1018 capitulo
1515 979 1643 1017 generali
1676 978 1811 1017 sequenti

1068 1029 1207 1068 competit
1224 1028 1390 1058 alternatio.
1408 1028 1577 1058 Declaratur
1593 1032 1702 1065 tamen,
1720 1027 1809 1066 quod,

1068 1075 1091 1105 si
1115 1076 1240 1105 decursu
1257 1075 1397 1113 temporis
1416 1075 1511 1113 aliqua
1528 1074 1745 1113 provinciarum
1768 1074 1812 1103 di·

1069 1124 1184 1154 vidatur
1206 1124 1235 1153 in
1258 1124 1330 1153 duas
1352 1123 1396 1152 vel
1413 1123 1522 1162 plures,
1540 1132 1597 1152 non
1620 1122 1684 1151 ideo
1705 1122 1811 1151 debent

1069 1172 1171 1210 augeri
1194 1171 1417 1209 alternationes,
1435 1172 1484 1201 sed
1500 1180 1616 1210 semper
1633 1171 1813 1208 restringen-

1069 1222 1122 1251 dae
1144 1221 1203 1250 sint
1225 1221 1260 1251 ad
1293 1225 1352 1250 tres
1381 1220 1545 1259 provincias
1573 1220 1657 1249 modo
1689 1223 1811 1255 stantes,

1070 1271 1108 1300 ita
1131 1269 1206 1309 quod
1224 1279 1300 1299 unus
1317 1269 1464 1307 generalis
1487 1273 1599 1298 tantum
1625 1268 1660 1297 ad
1686 1267 1810 1304 Beticas,

1069 1318 1144 1348 alius
1162 1318 1197 1348 ad
1212 1317 1390 1348 Castellanas
1405 1317 1425 1354 ²,
1450 1321 1478 1347 et
1497 1317 1571 1346 alius
1587 1316 1621 1346 ad
1646 1316 1758 1346 Siculas
1783 1321 1812 1346 et

1070 1367 1141 1396 alias
1156 1366 1307 1405 erigihiles
1329 1370 1411 1396 extra
1431 1366 1600 1405 Hispaniam
1616 1365 1810 1402 extendatur;

1071 1416 1128 1445 imo
1151 1416 1181 1445 in
1200 1425 1233 1445 eo
1247 1415 1277 1445 in
1299 1415 1525 1454 exequutionem
1548 1413 1738 1444 alternativae
1755 1413 1813 1443 elc-

1069 1468 1132 1494 ctus
1149 1463 1292 1494 remansit
1324 1463 1453 1493 vicarius
1474 1462 1618 1501 generalis
1646 1462 1681 1492 de
1704 1461 1813 1502 partia-

1069 1512 1149 1542 litate
1171 1511 1298 1542 Siciliae.

1112 1565 1149 1598 Et
1172 1569 1339 1609 postremo
1365 1563 1396 1596 in
1422 1563 1564 1606 capitulo
1583 1562 1728 1606 generali
1754 1562 1813 1595 ha-

1068 1617 1136 1651 bito
1162 1618 1202 1651 de
1227 1627 1312 1650 anno
1336 1626 1502 1657 MDccxvn,
1526 1616 1556 1649 in
1584 1615 1812 1649 executionem

1068 1671 1292 1711 alternativae,
1330 1671 1363 1703 in
1400 1671 1590 1712 generalem
1628 1668 1812 1702 nominatus

1068 1725 1128 1757 suit
1152 1724 1330 1758 modernus
1349 1733 1435 1756 unus
1470 1733 1506 1755 ex
1542 1721 1645 1754 tribus
1670 1722 1710 1754 de
1735 1732 1811 1765 pro-

1068 1778 1171 1810 vincia
1183 1776 1353 1816 Castellae,
1373 1781 1405 1809 ct
1421 1775 1610 1808 confirmata
1628 1774 1812 1818 parisormi-

1069 1837 1116 1863 tcr
1130 1831 1233 1864 extitit
1250 1829 1424 1862 vicariatus
1443 1828 1605 1871 generalis
1620 1827 1811 1860 alternativa

1068 1895 1103 1916 cx
1127 1883 1260 1916 decreto
1286 1881 1455 1925 capitulari
1478 1881 1600 1915 tenoris
1626 1880 1808 1924 sequentis,

1066 1936 1242 1969 videlicet:

1106 1997 1134 2024 A
1155 1998 1215 2024 toto
1247 1993 1333 2033 pleno
1365 1991 1493 2031 capitulo
1526 1991 1705 2029 declaratur,
1733 1991 1810 2031 quod
1848 2006 1875 2021 iv.
1900 2000 2006 2021 statutum

1067 2043 1196 2073 clausula
1219 2041 1416 2072 costitutionis
1439 2045 1565 2075 nostrae,
1590 2049 1646 2080 qua
1670 2040 1811 2080 praecipi·
1821 2028 1924 2075 ffi‘fflfv'h
1951 2033 2006 2048 ³⁰⁰⁰

1068 2096 1115 2122 tur
1138 2092 1212 2131 quod
1236 2095 1318 2130 pater
1351 2090 1477 2120 vicarius
1511 2089 1657 2127 generalis
1686 2098 1721 2119 ex
1751 2093 1811 2119 toto

1067 2149 1188 2180 corpore
1211 2139 1363 2177 religionis
1385 2139 1523 2176 eligatur,
1557 2138 1600 2168 sic
1633 2138 1666 2167 ad
1698 2137 1812 2177 praxim

1067 2190 1206 2228 deinceps
1228 2188 1315 2218 debet
1336 2187 1449 2225 reduci,
1466 2191 1498 2216 ut
1519 2187 1596 2216 inter
1618 2191 1678 2217 tres
1695 2186 1813 2225 provin-

1068 2238 1138 2275 cias,
1163 2246 1237 2276 quae
1259 2235 1343 2266 modo
1366 2239 1445 2265 stant
1467 2239 1495 2264 et
1518 2235 1660 2273 praedicti
1679 2234 1812 2273 corporis

1067 2286 1199 2325 aequalia
1218 2288 1286 2314 sunt
1302 2283 1445 2321 membra,
1460 2283 1638 2313 alternativa
1665 2282 1811 2312 successio

1067 2335 1098 2364 in
1121 2334 1264 2364 vicariatu
1287 2331 1417 2370 generali
1433 2335 1577 2366 servetur,
1598 2331 1637 2360 ita
1654 2330 1730 2369 quod
1748 2330 1813 2359 nul-

1067 2384 1112 2413 lus
1136 2393 1170 2413 ex
1194 2382 1357 2422 provincia,
1375 2381 1459 2410 cuius
1482 2380 1560 2410 silius
1582 2380 1612 2409 in
1636 2379 1690 2409 hoc
1712 2382 1740 2408 et
1761 2387 1813 2407 an-

1067 2431 1213 2462 tecedenti
1235 2429 1362 2469 capitulo
1384 2433 1552 2467 assumptus
1575 2428 1630 2457 fuit
1659 2427 1694 2456 ad
1718 2426 1812 2464 digni-

1067 2485 1155 2510 tatem
1178 2478 1330 2517 religionis
1353 2486 1532 2516 supremam,
1556 2476 1586 2505 in
1609 2475 1744 2514 sequenti
1766 2483 1811 2503 as-

1066 2528 1141 2558 sumi
1156 2527 1246 2567 possit
1261 2527 1295 2556 ad
1307 2526 1398 2555 illam.
1412 2525 1582 2554 Declaratur
1593 2528 1700 2559 tamen,
1719 2521 1806 2561 quod,

1102 2591 1111 2617 1
1136 2589 1255 2617 Pessime
1272 2588 1337 2616 edit.
1353 2587 1434 2614 Main.
1446 2587 1510 2622 legit
1526 2586 1562 2613 sie
1578 2594 1625 2621 pro
1641 2584 1681 2611 sic
1697 2586 1737 2619 (n.
1754 2585 1803 2620 Tu).

1100 2633 1116 2661 2
1137 2634 1207 2662 Edit.
1228 2633 1313 2660 Main.
1335 2632 1402 2668 legit
1423 2631 1565 2660 Castelzas
1582 2631 1624 2665 (n.
1643 2628 1694 2663 r.)‚

1694 243 1759 276 925
1808 251 1858 276 An.
1877 251 1904 277 e.
1927 251 1999 278 17⁶2ae

1100 299 1200 330 Tertio
1222 299 1375 336 statuitur,
1399 302 1427 329 et
1445 309 1459 329 a
1483 303 1541 329 toto
1564 299 1651 338 pleno
1674 299 1802 339 capitulo
1841 318 1874 333 ιη,
1894 314 2000 334 smmum

1815 341 1904 364 ravuuti
1947 345 2002 360 anno

1816 371 1897 387 unccu.
