2269 3203
96 211 146 238 An.
168 211 196 237 l).
220 211 282 238 170¹

136 752 239 773 Concedit
258 753 281 772 ut

96 780 116 800 in
132 781 226 800 rubi-ica.

916 208 1057 233 CLEMENs
1083 208 1116 231 XI
1140 209 1189 233 1³1³.

505 261 640 288 Clemens
661 260 739 294 Papa
758 259 807 292 XI,

410 308 446 333 ad
467 309 649 339 perpetuam
669 305 714 332 roi
735 304 922 332 memoriam.

337 368 500 401 Romanus
525 366 685 406 Pontifex,
712 376 882 410 supremus
913 366 1037 407 gratia-

292 431 362 453 rum
379 420 587 464 dispensator
605 420 636 452 in
657 420 753 452 terris
775 430 791 452 a
809 419 946 452 Domino
962 429 1038 452 con-

291 474 434 514 stitutus,
463 474 547 512 illos,
583 473 636 517 qui
676 473 823 506 assiduos
859 483 1038 516 gravesque

291 528 421 561 labores
459 538 519 570 pro
556 527 676 560 iustitia
715 527 893 570 unicuique
935 529 1038 570 aequa

291 582 382 614 lance
409 581 665 615 administranda
701 581 912 615 laudabiliter
941 581 1036 614 susti-

290 640 387 673 nent,
416 634 613 678 specialibus
632 634 811 678 privilegiis
830 640 975 675 exornat,
995 635 1038 667 si-

291 694 340 721 cut
369 699 483 721 eorum
502 688 627 721 meritis
647 688 824 721 convenire
843 688 1034 721 arbitratur.

334 743 349 785 ἓ
374 742 405 775 t.
434 742 558 785 ltaque,
575 742 612 775 ad
639 741 758 774 eximia
784 742 980 775 dilectorum
1002 741 1038 773 ti-

290 795 406 828 tiorum
418 796 653 828 modernorum
667 795 839 839 utriusque
851 795 1036 838 signaturae

290 855 423 882 nostrae
466 850 763 883 referendariorum
799 850 832 881 in
873 849 1037 892 signatura

291 904 401 935 nostra
439 903 582 936 iustitiae
620 904 800 936 volantium
839 904 870 935 in
908 913 968 936 nos
1002 913 1037 935 ac

290 957 508 999 Apostolicam
533 957 648 990 Sedent
675 958 791 990 merita
817 963 972 1000 paternae
991 957 1037 990 di-

291 1010 435 1053 rigentes
464 1011 739 1043 considerationis
770 1011 937 1051 intuitum,
966 1022 1039 1044 eos-

291 1074 354 1106 que
381 1064 531 1107 proinde,
554 1075 590 1096 ac
615 1065 747 1097 illorum
773 1074 986 1104 successores,
1005 1070 1038 1097 ut

293 1128 333 1150 eo
359 1118 499 1150 alacrius
525 1118 632 1157 sidem,
659 1128 805 1161 oporam,
834 1119 1038 1158 industriam,

291 1176 390 1214 atque
416 1171 622 1204 sedulitatem
641 1171 672 1204 in
693 1171 840 1204 eiusdem
862 1171 955 1204 Sedis
981 1172 1038 1204 oli-

291 1224 443 1267 sequium
465 1224 624 1257 adhibere
646 1225 810 1265 studeant,
828 1225 979 1269 specialis
1000 1226 1038 1258 fa-

292 1288 369 1310 vore
395 1278 519 1319 gratiae
537 1278 695 1321 prosequi
720 1279 880 1318 volentes,
902 1284 930 1311 et
958 1280 1039 1323 ipso-

292 1341 362 1364 rum
387 1331 621 1365 modernorum
647 1332 826 1365 volantium
857 1332 1039 1375 singulares

291 1395 453 1429 personas
472 1395 488 1418 a
503 1385 669 1429 quibusvis
685 1386 1038 1427 excommunicationis,

292 1439 517 1483 suspensionis
542 1445 572 1472 et
604 1440 792 1481 interdicti,
819 1441 960 1484 aliisque
981 1451 1036 1474 ec-

292 1493 485 1526 clesiasticis
502 1494 683 1534 sententiis,
701 1495 845 1528 censuris
864 1500 895 1528 et
913 1495 1038 1538 poenis,

293 1557 311 1579 a
332 1546 403 1579 inre
429 1548 480 1580 vel
506 1547 545 1579 ab
571 1548 714 1588 homine,
734 1548 848 1591 quavis
867 1549 1040 1582 occasione

292 1600 343 1632 vel
367 1598 462 1633 eausa
487 1600 570 1641 latis,
597 1601 621 1633 si
647 1601 766 1645 quibus
788 1602 1041 1646 quomodolibet

295 1653 469 1686 innodatae
489 1654 643 1696 existunt,
662 1656 701 1688 ad
720 1655 871 1689 effectum
887 1667 1042 1700 praesen-

295 1707 374 1739 tium
412 1707 578 1740 dumtaxat
613 1710 892 1753 consequendum,
926 1710 1040 1743 harum

295 1760 381 1793 serie
408 1761 617 1794 absolventes
643 1768 674 1794 et
697 1762 862 1796 absolutas
881 1763 948 1797 fore
967 1774 1042 1797 een-

294 1818 415 1855 sentes,
430 1820 519 1848 motu
538 1815 688 1858 proprio,
709 1822 739 1848 et
760 1827 796 1849 ex
823 1819 912 1850 certa
936 1818 1041 1851 scien-

294 1867 338 1900 tia
364 1873 396 1901 et
420 1870 546 1901 matura
571 1869 810 1903 deliberatione
830 1871 962 1912 nostris,
987 1872 1042 1905 de-

295 1931 357 1965 que
384 1923 583 1965 apostolicae
617 1924 787 1967 potestatis
820 1924 1038 1967 plenitudine,

294 1975 471 2019 praedictis
495 1976 666 2010 modernis
684 1982 715 2010 et
732 1988 791 2021 pro
809 1982 958 2022 tempore
977 1979 1042 2011 exi-

295 2029 457 2062 stentibus
475 2030 710 2064 referendariis
730 2030 834 2064 dictae
857 2032 1041 2074 signaturae

295 2081 438 2115 iustitiae
476 2083 671 2123 vetantibus,
698 2089 733 2116 ut
768 2084 830 2127 ipsi
865 2085 1042 2128 pensiones

295 2146 419 2170 annuas
443 2136 617 2180 apostolica
637 2137 697 2170 sibi
725 2138 918 2171 auctoritate
943 2149 1044 2182 super

296 2190 465 2233 quibusvis
492 2190 649 2224 fructibus
682 2191 912 2225 ecclesiasticis
938 2202 1044 2225 reser-

298 2269 395 2304 pontif.
411 2277 447 2304 113
470 2269 502 2297 de
517 2270 645 2298 facultate
660 2271 776 2298 testandi
792 2271 978 2307 cardinalium,
1000 2272 1044 2299 ln-

296 2315 415 2342 noceutii
426 2315 470 2343 xtl
491 2319 577 2343 const.
593 2317 638 2344 ed.
659 2323 788 2351 uncxcm,
804 2317 847 2345 die
863 2318 897 2345 15
912 2317 1041 2351 octobris,

298 2359 390 2394 pontif.
409 2366 445 2394 113
463 2360 496 2387 de
510 2360 606 2388 habitu
627 2361 763 2389 dictorum
784 2363 945 2396 votantium,
963 2362 1043 2389 inno-

297 2405 377 2431 centii
396 2404 444 2432 XII
465 2409 553 2432 const.
574 2406 640 2433 edit.
661 2413 778 2441 mncxev‚
807 2407 850 2434 die
870 2407 905 2435 20
924 2408 1042 2443 augusti,

298 2449 392 2482 pontif.
406 2456 440 2481 νς
457 2453 484 2477 et
499 2450 532 2477 de
548 2450 665 2478 cordone
683 2451 811 2484 violaceo,
829 2451 966 2479 Benedicti
982 2451 1042 2478 XIII
1064 2450 1066 2475 ἶ

299 2496 384 2519 const.
405 2493 469 2520 edit.
491 2501 645 2530 unccxxvu,
672 2495 715 2523 die
737 2496 769 2523 12
788 2496 857 2529 inlli,
886 2496 983 2532 pontis.
1005 2503 1042 2523 1v.

299 2534 329 2562 In
345 2538 454 2564 constit.
471 2538 535 2566 edit.
552 2546 640 2575 MDcct,
661 2541 705 2567 die
726 2541 759 2567 ta
779 2541 896 2576 augusti,
911 2541 1006 2577 pontif.
1024 2548 1042 2575 1,

299 2581 453 2629 extenditur
473 2584 610 2619 praedicta
635 2585 749 2613 facultas
773 2586 953 2614 transferendi
973 2595 1042 2623 pen-

299 2632 399 2656 stones.

1082 264 1179 295 vatus,
1194 263 1297 301 ctpro
1318 263 1464 302 tempore
1483 260 1706 299 reservandas,
1727 271 1830 304 usque

1081 311 1119 343 ad
1147 321 1303 344 summam
1329 317 1461 344 centum
1489 318 1659 345 scutorum
1678 318 1828 346 monetae

1082 365 1258 405 dumtaxat,
1278 366 1315 398 ad
1335 366 1477 399 favorem
1496 367 1593 399 unius
1611 377 1667 399 seu
1687 366 1829 409 plurium

1081 428 1295 461 personarum
1322 420 1618 453 ecclesiasticarum
1655 431 1710 453 scu
1738 421 1830 453 cleri-

1081 483 1203 512 corum,
1231 484 1267 506 ae
1298 474 1377 507 alias
1411 474 1608 518 pensionum
1642 475 1830 508 huiusmodi

1080 527 1261 570 capacium,
1290 528 1387 561 etiam
1414 528 1445 561 in
1467 529 1581 562 mortis
1607 529 1754 568 articulo,
1782 539 1832 561 co-

1081 591 1147 612 ram
1170 581 1296 614 notario
1322 587 1355 615 et
1381 583 1528 622 testibus,
1548 588 1668 615 etcum
1695 583 1831 616 alleuius

1081 635 1216 676 praelati
1256 645 1310 668 seu
1348 646 1513 678 personae
1551 637 1582 668 in
1608 635 1829 669 ecelesiastica

1081 687 1240 729 dignitate
1259 689 1458 722 constitutae
1470 689 1664 729 interventu,
1678 690 1831 723 transfer-

1080 751 1113 773 re
1148 745 1299 782 (servata
1329 748 1436 775 tamen
1465 744 1565 776 forma
1591 743 1830 776 constitutionis

1081 795 1184 827 felicis
1211 797 1449 829 recordationis
1476 797 1660 830 innocentii
1699 797 1757 830 PP.
1791 798 1829 830 XI

1080 848 1348 891 praedecessoris
1374 851 1478 882 nostri
1499 861 1596 894 super
1615 851 1827 884 translatione

1081 902 1274 943 pensionum
1302 903 1423 946 editae)
1451 903 1553 936 libere
1575 909 1606 936 et
1639 904 1725 936 licite
1752 915 1829 947 pos-

1080 955 1146 987 sint
1185 961 1216 988 et
1256 956 1403 996 valeant,
1445 963 1557 990 tenore
1602 959 1826 1001 praesentium

1080 1010 1292 1042 concedimus
1319 1016 1351 1042 et
1377 1011 1596 1054 indulgemus.

1124 1063 1139 1105 g
1163 1062 1195 1096 ⁶2.
1222 1063 1455 1106 Decernentes,
1477 1066 1609 1099 easdem
1637 1072 1828 1109 praesentes

1082 1117 1220 1156 litteras,
1245 1123 1275 1150 et
1294 1118 1323 1150 in
1347 1119 1392 1151 eis
1418 1124 1573 1152 contenta
1592 1131 1829 1164 quaecumque,

1081 1171 1172 1202 nullo
1196 1181 1339 1214 unquam
1368 1177 1515 1215 tempore
1542 1173 1581 1205 de
1608 1173 1828 1216 subreptionis

1082 1225 1131 1257 vel
1157 1224 1361 1267 obreptionis
1388 1231 1444 1257 aut
1469 1226 1627 1258 nullitatis
1652 1227 1741 1265 vitio,
1769 1237 1825 1259 seu

1083 1278 1271 1310 intentionis
1293 1285 1433 1318 nostrae,
1453 1285 1506 1311 aut
1524 1280 1681 1312 interesse
1709 1281 1829 1314 liaben-

1084 1331 1161 1363 tium
1188 1334 1392 1371 consenffls,
1418 1333 1522 1366 aliove
1549 1334 1697 1376 quolibet
1733 1334 1829 1367 etiam

1083 1386 1288 1429 quantumvis
1314 1397 1432 1430 magno
1458 1392 1491 1419 et
1515 1387 1720 1420 substantiali
1748 1388 1832 1420 defe-

1083 1445 1134 1472 ctu
1149 1440 1270 1480 notari,
1283 1439 1479 1484 impugnari,
1494 1441 1674 1480 retractari,
1685 1441 1830 1484 infringi,

1082 1504 1140 1527 seu
1177 1494 1216 1527 ad
1256 1494 1413 1527 terminos
1451 1494 1528 1527 iuris
1564 1494 1685 1535 reduci,
1712 1501 1765 1528 aut
1799 1495 1831 1528 in

1083 1548 1340 1581 controversiam
1376 1548 1542 1588 revocari,
1581 1559 1638 1581 seu
1676 1549 1832 1582 adversus

1083 1600 1156 1634 illas
1176 1600 1368 1645 aperitionis
1388 1601 1465 1643 oris,
1484 1602 1700 1636 restitutionis
1727 1603 1759 1636 in
1786 1603 1833 1635 in-

1085 1660 1224 1698 tegrum,
1240 1655 1377 1688 adiudve
1397 1655 1628 1700 quodcumque
1646 1656 1738 1697 iuris,
1759 1656 1832 1690 facti

1083 1710 1133 1742 vel
1159 1708 1281 1752 gratiae
1307 1709 1487 1742 remedium
1514 1710 1682 1753 impetrari
1708 1711 1757 1743 vel
1785 1711 1834 1743 in-

1085 1763 1214 1802 tentari,
1240 1768 1295 1795 aut
1320 1763 1505 1806 impetrato,
1525 1774 1584 1796 seu
1611 1765 1708 1797 etiam
1731 1770 1834 1804 motu,

1084 1816 1222 1849 seientia
1248 1821 1280 1849 et
1311 1817 1484 1860 potestatis
1509 1817 1715 1861 plenitudine
1740 1819 1834 1862 pari—

1084 1871 1144 1904 bus
1171 1881 1333 1905 concesso
1352 1873 1401 1905 vel
1420 1877 1578 1913 emanato,
1597 1873 1785 1916 quempiam
1800 1872 1833 1905 in

1085 1924 1204 1958 iudicio
1222 1930 1273 1958 vet
1292 1930 1380 1958 extra
1398 1925 1478 1958 illud
1505 1926 1551 1958 uti
1579 1936 1636 1959 seu
1662 1937 1695 1959 se
1721 1926 1833 1960 iuvare

1085 1988 1192 2021 posse,
1218 1989 1325 2022 neque
1362 1979 1449 2022 ipsas
1485 1985 1674 2023 praesentes
1708 1980 1833 2014 litteras

1086 2032 1145 2065 sub
1172 2032 1340 2075 quibusvis
1367 2032 1520 2065 similium
1546 2033 1595 2066 vel
1627 2033 1833 2067 dissimilium

1086 2086 1268 2128 gratiarum
1306 2085 1580 2126 revocationibus,
1613 2087 1835 2130 suspensioni-

1086 2140 1158 2181 bus,
1198 2140 1467 2180 limitationibus,
1506 2140 1620 2174 aliisve
1660 2141 1832 2174 contrariis

1088 2193 1371 2237 dispositionibus,
1390 2193 1486 2227 etiam
1505 2204 1566 2238 per
1582 2203 1641 2227 nos
1667 2199 1698 2227 et
1716 2193 1833 2227 Rorna-

1087 2258 1146 2281 nos
1183 2247 1356 2281 Pontifices
1393 2258 1603 2281 successores
1637 2253 1769 2282 nostros
1802 2252 1834 2281 et

1087 2302 1205 2335 Sedem
1230 2302 1411 2346 praefatam
1431 2302 1461 2335 in
1482 2312 1603 2345 genere
1627 2303 1677 2336 vel
1703 2303 1735 2335 in
1761 2312 1833 2346 spe-

1087 2355 1134 2388 cie
1162 2361 1216 2389 aut
1241 2356 1320 2389 alias
1347 2356 1595 2399 quomodolibet
1630 2361 1662 2389 et
1687 2357 1834 2400 quando-

1087 2419 1229 2453 cumque
1245 2409 1410 2450 faciendis,
1426 2410 1664 2454 comprehendi
1681 2410 1730 2443 vel
1751 2419 1834 2444 com-

1086 2463 1270 2505 prehensas
1295 2464 1437 2503 censeri,
1463 2464 1518 2497 sed
1545 2474 1676 2507 semper
1701 2465 1740 2497 ab
1767 2463 1831 2497 illis

1087 2522 1251 2560 exceptas,
1274 2522 1316 2557 et,
1342 2517 1470 2560 quoties
1511 2517 1586 2550 illae
1619 2517 1829 2556 emanabunt‚

1087 2570 1181 2603 toties
1207 2570 1239 2602 iu
1261 2570 1434 2614 pristinum
1461 2575 1493 2604 et
1516 2570 1751 2604 validissimum
1770 2575 1833 2604 sta-

1086 2629 1153 2658 tum
1179 2624 1357 2666 restitutas,
1385 2624 1544 2669 repositas
1565 2630 1595 2658 et
1613 2624 1760 2669 plenarie
1783 2633 1833 2658 re-

1742 202 1777 236 21
1831 212 1880 238 An.
1903 212 1932 238 c.
1956 212 2021 239 1701

1867 1075 1984 1095 clausulae.
