2269 3203
90 196 142 224 An.
161 194 191 223 C.
208 194 277 223 ¹701

90 258 159 280 aenae
192 244 389 279 adim-nostri
410 244 614 286 missionarii,
633 244 718 278 hanc
733 244 766 277 in
784 243 1027 286 quaestionibus

90 287 140 306 ω’·
287 299 368 331 tanti
393 299 548 332 momenti
573 309 638 331 non
665 297 899 331 sententiarum
930 296 1028 329 modo

288 352 552 394 discrepantiam,
581 351 638 384 sed
663 351 772 395 praxis
791 356 822 384 et
838 361 917 383 usus
936 349 1030 382 dissi-

286 406 507 439 militudinem
525 405 593 438 tolli
620 415 819 447 magnopere
845 404 1026 447 cupientes,

286 465 444 499 nostram,
471 470 530 502 pro
557 469 595 492 eo
621 469 685 502 quo
710 458 834 501 indigni
862 458 1029 501 fungimur

284 512 399 546 vicarii
443 512 614 556 apostolici
651 522 804 553 munere,
832 512 1027 544 sententiam

286 566 440 600 sciscitati
476 572 575 606 sunt,
607 576 661 607 ac,
690 576 730 598 ne
764 564 928 598 continuis
954 575 1029 598 eon-

286 621 440 654 scientiae
463 620 623 664 scrupulis
641 626 672 654 et
698 619 875 662 angoribus
903 629 1029 663 preme-

285 681 422 715 rentur,
449 673 581 718 alz'quid
613 673 730 706 sallem
761 683 821 716 per
852 672 982 705 interim
1009 682 1029 704 α

285 727 381 762 nodis
416 728 543 761 decerni
578 727 710 771 saepius
745 727 929 760 iustarum.
967 725 1029 758 Re-

286 792 358 815 rum
382 787 489 814 autem
515 781 652 823 gravitas
680 779 754 814 fecit
771 807 778 820 ,
810 785 845 812 ut
881 789 946 812 non
984 778 1028 811 ita

286 834 350 868 cito
375 834 642 878 responderimus
661 861 668 875 ,
694 839 789 877 atque
815 833 861 866 illi
888 837 1025 875 exopta—

284 889 388 921 bant:
416 888 476 921 etsi
503 888 590 920 enim
617 887 678 920 iam
705 898 722 920 a
746 887 847 919 multo
868 892 1026 929 tempore,

285 941 391 975 honae
416 941 593 974 memoriae
612 941 759 984 episcopi
782 939 1026 983 Ileliopolitani‚

286 996 365 1028 olim
391 995 502 1028 vicarii
528 994 700 1038 apostolici
727 993 897 1027 Fokiensis
923 999 955 1026 et
983 993 1029 1025 Si-

286 1059 403 1081 narum
429 1048 618 1081 missionum
647 1048 808 1090 generalis
829 1047 1030 1080 administra-

287 1102 380 1143 toris,
409 1102 509 1141 iussu,
537 1112 609 1134 cum
637 1112 710 1133 suas
737 1100 831 1133 nobis
856 1100 941 1132 vices
975 1100 1030 1132 de—

287 1156 477 1193 mandaret,
515 1155 564 1187 his
602 1155 699 1187 rebus
736 1154 998 1186 incumberemus
1020 1164 1053 1195 ;1

287 1219 369 1242 nova
396 1216 502 1241 tamen
530 1215 561 1241 et
585 1209 693 1241 acrior
718 1208 908 1249 diligentia,
935 1212 1027 1250 post-

288 1274 384 1307 quam
406 1263 444 1296 ad
467 1263 678 1306 apostolieum
704 1262 891 1294 vicariatum
911 1272 927 1293 a
945 1261 1026 1293 San-

288 1319 337 1349 cta
362 1316 445 1349 Sede
471 1315 564 1349 electi
591 1316 724 1355 luimus,
751 1314 940 1347 adhibenda
959 1324 1029 1346 esse

286 1370 357 1403 visa
382 1375 439 1403 est.
468 1368 534 1407 Qua
565 1369 598 1402 in
636 1380 670 1402 re
704 1369 735 1401 id
760 1379 835 1401 vere
869 1367 1031 1400 affirmare

288 1433 473 1467 possumus,
492 1422 575 1456 nibil
594 1433 610 1455 a
636 1422 730 1456 nobis
753 1427 868 1466 sponte
887 1426 1031 1465 praeter-

289 1477 423 1510 missum
449 1477 562 1517 fuisse,
588 1481 634 1517 ut,
660 1476 725 1509 sive
752 1486 786 1509 ex
814 1475 931 1509 Sinicis
962 1475 1032 1508 son-

289 1530 388 1571 tibus,
408 1530 472 1563 sive
487 1540 524 1563 ex
539 1529 781 1563 commentariis
803 1530 866 1562 hoc
883 1529 915 1561 in
934 1539 1033 1571 gene—

289 1593 325 1617 re
343 1594 508 1627 europaeo
527 1583 681 1617 idiomate
704 1583 918 1627 conscriptis,
942 1593 1033 1626 quos-

290 1646 428 1680 cumque
453 1637 574 1670 habere
598 1636 819 1680 potuerimus,
846 1637 911 1669 sive
938 1647 974 1669 ex
1002 1647 1033 1669 e-

289 1690 472 1723 ruditorum
496 1690 640 1723 virorum
665 1690 829 1723 consortio
860 1689 1030 1723 veritatem

289 1743 531 1786 indagaremus.
558 1743 596 1776 Et
622 1743 707 1787 quod
731 1743 873 1776 omnium
894 1743 1031 1775 maxime

289 1796 508 1830 necessarium
536 1802 614 1837 est,
638 1796 737 1830 Deum
775 1796 839 1839 iugi
876 1795 1032 1829 sacrificio

291 1855 324 1884 et
355 1850 496 1883 assiduis
529 1850 683 1894 precibus
723 1850 965 1883 obsecravimus
999 1854 1032 1882 ut

291 1904 444 1937 tenebras
469 1908 599 1937 nostras
624 1903 834 1943 illuminaret,
854 1908 884 1936 et
901 1903 1031 1936 semitas

292 1967 379 1999 suas,
399 1957 552 2001 quodque
570 1957 724 2001 placitum
747 1963 778 1990 et
795 1962 963 2000 acceptum
983 1961 1032 1990 cst

292 2010 326 2044 in
352 2011 457 2044 oculis
483 2011 568 2051 suis,
595 2011 757 2049 edoceret.

337 2065 352 2108 ἓ
377 2064 409 2098 2.
435 2064 514 2098 Cum
541 2064 649 2108 itaque
676 2064 817 2097 decretis
849 2069 880 2097 et
912 2063 1033 2097 consti-

293 2118 475 2152 tutionibus
500 2118 689 2161 apostolicis
720 2118 877 2151 sancitum
916 2118 958 2150 sit
994 2118 1033 2151 ad

294 2172 487 2214 apostolicos
511 2171 648 2205 vicarios
674 2176 820 2214 spectare
838 2176 872 2203 ut
895 2171 933 2203 iis
952 2181 1034 2214 quae

293 2225 333 2258 ad
351 2225 474 2258 cultum
494 2224 638 2257 divinum
660 2229 690 2257 et
707 2224 813 2256 bonos
837 2234 944 2257 mores
961 2235 1035 2267 per-

293 2277 398 2311 tinent
434 2279 519 2310 intra
548 2288 682 2310 suorum
711 2277 921 2310 ricariatuum
953 2276 1033 2310 fines

293 2331 492 2373 provideant,
518 2337 554 2364 ut
578 2331 640 2364 hac
664 2330 697 2363 in
729 2336 819 2374 parte
846 2330 952 2363 officio
978 2341 1036 2364 no—

293 2389 362 2417 stro
387 2385 539 2417 faciamus
566 2384 654 2426 satis,
675 2384 824 2418 omnibus
845 2390 876 2418 et
899 2385 1036 2428 singulis

293 2437 466 2470 vicariatus
485 2437 588 2471 nostri
606 2434 818 2471 missionariis
833 2438 1035 2471 observanda

294 2490 512 2535 praecipimus
537 2502 620 2534 quae
645 2497 838 2535 sequuntur,
856 2492 954 2525 donec
973 2492 1036 2525 ali-

297 2548 344 2578 {er
367 2544 407 2577 ab
423 2544 706 2587 Apostolica-Sede
734 2544 895 2578 decretum
919 2545 1033 2588 fuerit.

341 2608 363 2633 1.
385 2597 529 2632 Exclusis
548 2598 737 2632 nominibus
752 2598 935 2643 europaeis.
955 2609 1035 2643 quae

141 2072 282 2100 Praeceptum

98 2106 140 2130 pro·
160 2101 214 2121 inim
236 2107 283 2122 οισ-

99 2130 192 2148 cutione.

128 2590 159 2612 D·
182 2589 222 2613 Del
249 2595 286 2612 no·

101 2618 166 2642 mmo.

909 192 1050 219 CLEMENS
1072 192 1105 217 XI
1128 193 1178 217 PP.

1712 183 1776 217 205
1821 191 1871 218 An.
1893 189 1921 218 c.
1938 191 2005 220 1704

1071 241 1204 275 nonnisi
1228 242 1367 275 barbaro
1393 241 1532 285 quodam
1565 241 1662 274 modo
1700 241 1814 275 Sinicis

1072 296 1188 329 litteris
1204 295 1381 329 etvoeibus
1400 295 1537 339 exprimi
1557 295 1815 338 possunt‚Deum

1073 348 1231 392 optimum
1258 349 1433 382 maximum
1459 349 1557 391 longo
1582 359 1645 381 usu
1682 354 1815 391 recepto

1073 402 1202 435 nomine
1233 403 1312 435 Tien
1338 403 1422 442 clm,
1449 402 1529 434 caeli
1557 401 1736 441 dominum,
1763 411 1818 444 ap-

1072 457 1262 500 pellandum
1288 467 1360 489 esse
1392 456 1584 495 statuimus,
1620 456 1700 488 itaut
1735 455 1816 488 duae

1073 509 1155 543 aliae
1179 509 1308 542 Sinicae
1344 519 1439 542 voces
1468 509 1574 549 Tien,
1602 509 1755 547 caelum,
1785 512 1817 540 et

1072 563 1170 605 Xanq
1200 563 1250 603 Ti,
1277 573 1446 606 supremus
1471 562 1660 605 imperator,
1681 571 1816 605 prorsus

1072 617 1294 660 repellantur;
1321 617 1425 649 multo
1451 616 1558 648 minus
1575 615 1762 654 affirmetur,
1784 614 1816 647 id

1074 670 1160 714 quod
1185 669 1280 703 Sinae
1306 669 1459 713 praefatis
1486 668 1671 702 nominibus
1690 668 1767 701 Tien
1786 673 1818 701 et

1072 724 1170 767 Xany
1200 724 1239 756 Τι’
1262 723 1470 766 intelligunt,
1496 723 1595 756 Deum
1621 733 1693 756 csse
1720 732 1816 766 quem

1074 777 1245 811 christiani
1271 777 1420 810 colimus.

1119 843 1154 867 11.
1180 831 1331 865 Districte
1363 831 1579 874 prohibemus
1613 840 1653 863 ne
1684 829 1717 863 in
1749 830 1816 863 ulla
1868 839 1896 860 oe
1926 839 2014 869 quibbusss·

1074 885 1212 919 ecclesia
1238 885 1356 918 tabella
1381 885 1552 928 quaedam,
1578 883 1630 917 cui
1656 883 1717 916 liae
1732 883 1814 916 duae
1827 866 2012 919 {¹2³Jsess?2¹’⁰2¹}.¹{21'2¹3

1074 940 1203 973 litterae
1217 938 1347 972 Caelum
1362 938 1474 977 colito,
1494 938 1585 980 Kt'nsy
1606 926 1864 978 Tz‘en‚ins01·i-⁵¹⁵·

1074 1000 1147 1037 ptae
1170 998 1263 1031 sunt,
1291 992 1515 1036 appendatur3
1543 997 1584 1031 et,
1621 991 1816 1034 ubicumque

1075 1056 1220 1090 appensa
1246 1045 1354 1084 suerit,
1383 1046 1467 1077 intra
1493 1045 1574 1077 duos
1607 1055 1735 1077 menses
1761 1055 1817 1076 au-

1075 1099 1151 1132 ferri
1178 1100 1379 1134 mandamus,
1406 1109 1477 1130 eum
1496 1098 1567 1131 aliis
1586 1098 1729 1130 eiusdem
1749 1107 1818 1130 sen-

1075 1155 1127 1186 sus
1155 1152 1282 1185 tabellis
1308 1157 1339 1184 et
1363 1151 1531 1189 versibus,
1558 1150 1590 1183 in
1616 1150 1733 1194 quibus
1760 1160 1818 1183 no-

1074 1207 1161 1239 mina
1182 1207 1258 1238 Tien
1279 1210 1306 1238 et
1330 1206 1427 1248 Xans]
1450 1205 1488 1237 Te?
1508 1205 1573 1237 Deo
1597 1205 1815 1247 affinguntur;

1075 1260 1138 1300 ac',
1165 1264 1276 1292 nostro
1302 1259 1431 1302 quidem
1458 1257 1586 1297 iudicio,
1606 1263 1674 1290 tum
1702 1268 1816 1291 omnes

1075 1314 1148 1347 illae
1176 1314 1341 1353 tabellae,
1368 1318 1434 1345 tum
1461 1323 1498 1345 ea
1524 1312 1555 1344 in
1583 1311 1696 1356 primis
1735 1322 1817 1355 quae

1076 1367 1199 1400 litteras
1210 1366 1300 1410 Kiny
1317 1366 1395 1399 Tien
1411 1365 1567 1406 continet,
1582 1365 1621 1398 ab
1634 1364 1818 1398 idolotatria

1076 1420 1220 1454 excusari
1244 1430 1309 1453 non
1335 1419 1474 1463 possint.
1490 1418 1628 1452 Tametsi
1654 1429 1729 1452 vero
1751 1428 1818 1451 non

1075 1475 1119 1507 ita
1152 1479 1240 1507 certa
1272 1484 1323 1507 res
1357 1478 1442 1507 esset
1472 1484 1507 1506 ac
1532 1472 1628 1506 nobis
1665 1472 1816 1513 videtur,

1075 1529 1125 1561 vel
1150 1527 1220 1571 ipsa
1245 1526 1383 1570 periculi
1413 1526 1554 1569 suspicio
1585 1536 1626 1559 ne
1652 1525 1691 1558 ab
1715 1525 1818 1558 Evan—

1076 1581 1151 1624 gelii
1177 1580 1333 1614 ministris
1365 1580 1564 1614 abominatio
1601 1578 1816 1612 desolationis

1075 1635 1108 1667 in
1129 1636 1202 1668 loco
1227 1644 1317 1668 sacro
1343 1635 1546 1673 collocetur,
1573 1644 1633 1666 nos
1659 1633 1698 1666 ab
1735 1632 1819 1666 eius-

1076 1688 1162 1721 modi
1189 1687 1316 1720 tabellis
1343 1687 1512 1720 deterrere
1539 1686 1657 1726 debet;
1677 1686 1817 1718 maxime

1076 1752 1148 1774 cum
1170 1739 1369 1785 experientia
1386 1740 1481 1773 nobis
1507 1745 1644 1779 constet,
1660 1749 1716 1772 eos
1733 1739 1818 1772 vica-

1076 1796 1178 1828 riatus
1203 1794 1307 1828 nostri
1334 1793 1557 1827 missionarios
1577 1821 1584 1834 ,
1611 1803 1750 1837 quorum
1784 1792 1817 1825 in

1076 1848 1223 1882 eeclesiis
1249 1848 1324 1882 illae
1351 1848 1489 1881 tabellae
1521 1857 1585 1880 non
1622 1847 1815 1887 habentur,

1076 1903 1182 1935 nihilo
1203 1902 1241 1935 ad
1259 1901 1469 1944 Evangelium
1488 1900 1741 1944 praedicandum
1761 1899 1817 1933 im-

1076 1955 1257 1999 paratiores
1283 1965 1364 1995 esse,
1385 1965 1446 1988 nec
1464 1954 1625 1988 minorem
1640 1964 1734 1997 quam
1762 1952 1816 1986 alii

1076 2009 1225 2043 laborum
1250 2018 1380 2041 suorum
1405 2008 1543 2040 fructum
1565 2007 1748 2050 percipere.

1121 2073 1168 2096 111.
1196 2061 1346 2100 Quaesita
1371 2071 1468 2104 super
1497 2061 1657 2104 capitibus
1690 2068 2015 2116 Stiminosnectuttactvn·

1077 2114 1222 2159 pontifici
1243 2115 1427 2148 Alexandro
1444 2114 1495 2147 vit
1512 2114 1693 2158 proposita,
1707 2114 1818 2148 multis
1838 2101 1884 2117 ⁰⁰¹⁰
1900 2095 2001 2118 ‘’mmm'‘

1077 2169 1110 2202 in
1136 2169 1234 2202 rebus
1258 2179 1325 2201 non
1346 2179 1417 2201 esse
1437 2167 1577 2201 veridica
1593 2168 1816 2206 declaramus,

1079 2233 1114 2255 ac
1146 2221 1285 2266 proinde
1321 2221 1546 2255 missionarios
1579 2221 1742 2265 responsis
1780 2221 1818 2254 ab

1079 2276 1265 2320 Apostolica
1289 2275 1370 2309 Sede
1388 2280 1474 2309 recte
1493 2275 1624 2319 quidem
1644 2281 1676 2308 et
1692 2275 1821 2318 sapien-

1080 2335 1130 2363 ter
1146 2357 1153 2370 ‚
1180 2335 1211 2363 at
1233 2330 1321 2363 iuxta
1346 2329 1606 2363 circumstantias
1643 2329 1675 2361 in
1709 2329 1817 2362 dubiis

1080 2394 1249 2428 expressas
1275 2383 1366 2423 datis,
1392 2383 1489 2416 inniti
1514 2393 1579 2416 non
1604 2393 1701 2426 posse
1723 2382 1762 2415 ad
1786 2393 1820 2415 u-

1079 2437 1210 2470 sitatum
1232 2437 1318 2481 apud
1343 2436 1434 2470 Sinas
1459 2436 1604 2470 Consucii
1620 2435 1818 2480 etprogeni-

1079 2496 1184 2524 torum
1212 2491 1332 2524 cultum
1357 2490 1625 2534 permittendum.

1123 2554 1165 2578 1v.
1192 2543 1385 2577 Missionarii
1411 2545 1598 2577 nullatenus
1618 2570 1625 2584 ,
1662 2543 1816 2587 nullaque
1827 2547 1912 2596 0ῑίἓῖξῇ
1930 2547 1955 2570 de
1981 2553 2014 2570 sn·

1116 2609 1127 2635 1
1149 2607 1243 2637 Potius
1257 2607 1376 2644 legerem
1391 2615 1481 2643 quum
1496 2615 1544 2642 pro
1560 2616 1594 2635 ac
1607 2608 1645 2642 (tt.
1662 2608 1709 2640 T.).
