2269 3203
101 206 152 235 An.
166 206 196 235 C.
219 205 284 234 ¹707

130 800 171 820 Sat!
185 807 251 821 novat·
264 806 287 820 υἱ

102 827 145 847 alia
162 831 222 853 parte
237 834 288 848 111-1-

103 858 178 879 gantur
190 861 286 875 iniuriat*-

926 205 1070 230 CLEMENS
1095 205 1127 229 xt
1152 206 1201 229 Pr.

296 256 393 289 animi
411 256 617 290 contentione
640 254 863 300 gravissimum
878 255 942 288 hoc
956 265 1038 288 onus

297 310 406 344 subire
444 310 762 344 dectrectaverimus.
792 309 932 349 Verum,
963 308 1038 352 quia

297 364 434 407 obsequi
461 363 590 396 tandem
613 363 783 396 debuimus
799 362 927 395 divinae
948 362 1038 394 vocis

297 417 446 460 imperio,
474 417 593 461 primas
619 416 767 460 profecto
786 416 959 459 pastoralis
976 417 1038 448 sol-

297 471 473 504 licitudinis
498 476 629 503 nostrae
655 475 763 514 partes
791 480 860 502 esse
887 469 1038 502 duximus

298 525 438 568 lapidem
472 535 601 558 omnem
635 534 786 565 movere,
814 529 850 556 ut
882 523 1037 556 ecclesia-

297 578 395 611 stieae
421 577 578 611 libertatis
603 577 782 610 violatores
809 578 848 610 ad
875 587 932 610 cor
953 577 1038 609 redi-

298 636 394 672 rent,
421 636 453 663 et
478 630 696 673 recogitantes
733 631 882 671 flagella,
916 631 1036 674 quibus

298 684 406 717 divina
443 683 523 717 ultio
559 684 716 718 eiusmodi
754 684 927 717 eriminum
964 695 1037 717 reos

298 742 469 780 percutere
495 737 679 777 consuevit,
706 737 847 770 debitam
873 737 1037 771 Ecclesiae

299 790 552 823 satisfactionem
587 791 792 824 exhiberent.
839 791 919 823 Dum
956 791 1037 824 haec

300 848 407 876 tamen
451 843 600 877 omnibus
641 843 795 877 adhibitis
836 844 1036 887 apostolicae

298 896 552 939 longanimitatis
568 903 598 930 et
616 903 772 941 paternae
787 897 1037 931 benevolentiae

297 949 414 983 inediis
449 951 624 993 agebamus
645 978 652 991 ,
688 961 753 984 non
795 950 865 984 sine
899 951 1037 983 maximo

298 1003 395 1036 animi
411 1003 513 1036 nostri
533 1014 684 1037 moerore
703 1004 898 1047 accepimus,
919 1015 935 1036 a
950 1015 1038 1046 prae-

299 1057 365 1089 11110
390 1062 503 1090 senatu
529 1056 692 1096 Niciensi‚
717 1058 800 1090 mala
826 1057 920 1090 malis
946 1067 1038 1090 accu-

299 1110 475 1151 mulando,
502 1121 561 1154 per
586 1121 677 1143 suum
704 1111 872 1144 decretum
898 1111 950 1143 die
986 1121 1037 1144 xix

300 1163 437 1196 ianuarii
463 1173 563 1197 11111661
589 1164 712 1196 6111111111
738 1163 910 1196 admissam
940 1164 1036 1196 fuisse

300 1216 566 1260 appellationem,
603 1227 662 1260 pro
699 1223 789 1260 parte
814 1217 1037 1260 procuratoris

299 1269 417 1302 fiscalis
432 1270 595 1312 generalis
615 1270 740 1303 ducalis
760 1270 1000 1313 interpositam,
1021 1281 1038 1303 a

300 1322 441 1356 decretis
468 1323 578 1356 curiae
604 1324 777 1366 legationis
804 1324 1038 1357 Avenionensis

301 1382 333 1409 et
372 1376 545 1409 tribunalis
581 1377 794 1410 nunciaturae
830 1377 1038 1410 Taurinensis

299 1440 398 1474 super
411 1430 713 1474 circumscriptione
729 1435 759 1464 et
774 1431 954 1464 cassatione
971 1441 1039 1464 sen-

301 1483 422 1517 tentiae
448 1484 639 1527 irregularis
677 1495 713 1517 ac
750 1484 894 1517 totaliter
919 1484 1039 1518 incom-

301 1537 443 1580 petentis
470 1538 553 1571 latae
579 1548 637 1581 per
662 1537 783 1570 curiam
820 1537 1039 1581 archiepisco-

301 1591 408 1634 palem
433 1591 700 1625 Ebredunensem
727 1592 779 1626 die
803 1593 936 1626 vnmaii
953 1603 1039 1627 1111166

301 1643 335 1676 in
360 1646 455 1678 causa
480 1645 629 1688 superius
654 1646 757 1678 relata
787 1645 864 1678 dicti
897 1645 1039 1679 Caietani

302 1696 487 1738 Albanelli3
512 1708 577 1741 quo
602 1708 679 1731 saue
704 1698 837 1731 decreto
875 1698 956 1742 typis
981 1698 1040 1730 im·

302 1760 415 1793 presso
431 1750 534 1783 dictus
553 1756 685 1784 senatus
705 1751 744 1784 eo
763 1751 953 1784 temeritatis
966 1762 1041 1795 pro-

302 1804 420 1845 cessit,
446 1809 481 1836 ut
506 1804 743 1838 declarationes
769 1810 832 1837 tam
867 1805 1040 1847 legationis

302 1867 398 1900 quain
416 1857 627 1891 nunciaturae
644 1858 862 1901 praefatarum
878 1864 1040 1902 tamquam

303 1911 407 1944 nullas
440 1916 471 1944 et
505 1911 653 1943 abusivas
690 1911 910 1954 pronunciare
947 1917 1042 1955 atque

304 1963 458 1997 damnare
483 1974 547 1997 non
575 1964 754 1997 erubuerit.
777 1963 874 1997 Novis
893 1965 1042 1998 111566111-

304 2017 395 2050 1111115
420 2017 558 2050 lacessiti
580 2017 746 2061 patienter
761 2018 869 2050 adbuc
883 2018 1042 2050 sustinui-

305 2081 387 2104 mus.
407 2069 570 2110 Quinimo,
589 2082 672 2110 cum,
690 2076 765 2114 post
786 2072 915 2115 elapsos
933 2082 1043 2115 quaxn-

304 2125 416 2168 plures
440 2126 598 2159 terminos
631 2137 647 2159 a
677 2126 772 2159 nobis
799 2126 975 2168 assignatos
1005 2126 1043 2159 ad

304 2179 518 2222 praestandas
543 2180 746 2213 necessarias
773 2186 804 2212 et
835 2180 953 2212 frustra
991 2180 1044 2212 diu

306 2237 490 2275 expectatas
514 2233 755 2276 reparationes,
780 2233 873 2266 nobis
900 2232 1045 2265 exhibita

306 2283 420 2318 suisset
443 2285 618 2326 instantia,
645 2296 706 2329 pro
739 2291 829 2329 parte
868 2291 944 2318 tunc
980 2285 1044 2319 exi-

306 2337 418 2370 stentis
440 2348 499 2381 pro
518 2339 633 2371 eodem
648 2338 788 2371 victorio
804 2339 945 2371 Amedeo
964 2339 1044 2371 111166

308 2391 391 2433 apud
422 2400 482 2424 nos
515 2396 546 2424 et
577 2391 693 2424 Sedem
730 2391 929 2435 praedictam
966 2392 1045 2426 resi-

309 2443 426 2483 dentis,
448 2449 483 2476 ut
507 2443 648 2487 aliquem
674 2455 711 2477 ex
728 2450 856 2478 sanctae
879 2444 1043 2478 Romanae

309 2496 470 2530 Ecclesiae
484 2498 701 2532 cardinalibus
713 2500 953 2542 deputaremus,
974 2510 1045 2532 eum

310 2560 372 2594 quo
398 2550 438 2582 de
464 2550 514 2583 his
537 2551 634 2584 rebus
659 2563 755 2595 agere
787 2558 898 2596 posset
924 2554 1047 2596 (quam-

1082 255 1169 288 tione
1195 255 1408 287 cardinalium
1434 258 1558 287 mature
1585 254 1753 296 discussa,
1790 260 1821 288 et

1082 309 1176 342 nobis
1196 319 1325 352 quoque
1351 309 1544 353 plerumque
1571 300 1821 341 intervenienti-

1081 362 1141 394 bus
1167 367 1198 394 et
1222 360 1472 404 suffragantibus
1500 371 1598 405 supra
1623 362 1742 394 relatae
1773 372 1822 394 re-

1081 415 1260 447 solutiones
1280 420 1401 458 captae,
1422 420 1452 447 et
1480 415 1597 458 partim
1628 415 1723 447 etiam
1751 425 1823 448 exe-

1081 467 1205 500 cutioni
1243 468 1455 501 demandatae
1505 468 1668 509 fuissent,
1709 468 1823 501 eodem

1081 520 1270 554 Innocentio
1310 521 1566 563 praedecessore
1604 521 1724 553 nedum
1762 531 1821 564 ap-

1082 574 1319 618 probante,sed
1346 574 1502 616 iubente),
1523 574 1630 607 adhuc
1648 579 1765 613 tamen,
1792 580 1826 606 111

1083 639 1157 662 vere
1183 638 1354 671 possemus
1381 627 1501 667 dicere,
1522 627 1603 671 quid
1623 627 1713 661 ultra
1731 628 1826 671 potui

1080 682 1194 724 facere,
1212 686 1240 714 et
1259 691 1322 714 non
1348 680 1447 724 fecz‘f',
1477 681 1596 714 dilecto
1623 680 1689 715 lilio
1712 687 1825 715 nostro

1081 734 1229 778 Spercllo
1256 734 1338 768 tituli
1364 735 1395 768 S.
1424 735 1552 768 loannis
1585 741 1658 768 ante
1695 735 1824 768 Portam

1082 787 1226 820 Latinam
1264 788 1411 821 eiusdem
1438 788 1469 820 S.
1498 788 1534 820 R.
1562 788 1597 821 E.
1630 788 1824 832 presbytero

1081 840 1236 873 cardinali
1278 841 1426 884 Sperello
1463 846 1651 884 nuncupato
1690 841 1824 874 commi-

1082 895 1184 927 simus
1202 922 1209 934 ,
1235 899 1270 926 ut
1296 905 1333 928 ea
1354 921 1361 935 ,
1388 905 1469 937 quae
1495 905 1554 938 per
1583 895 1702 927 dictum
1744 894 1825 927 resi-

1082 947 1212 980 dentem
1239 947 1375 991 eiusque
1401 948 1591 981 defensores
1625 948 1823 981 deduceren

1084 1006 1146 1041 tur,
1172 1001 1310 1041 audiret,
1337 1007 1368 1034 et
1401 1001 1493 1034 uobis
1521 1002 1669 1035 ret'erret.
1696 1003 1822 1041 Verum,

1082 1060 1155 1098 post
1180 1055 1306 1097 aliquos
1344 1055 1431 1087 inter
1471 1056 1601 1088 cosdem
1638 1055 1823 1099 Sperelluin

1083 1109 1281 1142 cardinalem
1309 1114 1340 1141 et
1366 1109 1563 1142 residentem
1589 1109 1651 1141 hac
1669 1108 1701 1141 in
1719 1109 1823 1142 reha-

1082 1161 1167 1194 bitos
1194 1172 1398 1204 congressus,
1419 1162 1555 1204 contigit
1581 1167 1615 1194 ut
1644 1162 1746 1195 dictus
1773 1172 1823 1194 re-

1083 1215 1192 1248 sidens
1219 1225 1252 1247 re
1278 1215 1397 1248 insecta
1422 1216 1462 1247 ab
1488 1215 1548 1248 hac
1574 1214 1660 1248 Urbe
1699 1215 1822 1248 disces-

1083 1269 1174 1301 serit.
1202 1268 1285 1302 Nova
1312 1269 1442 1302 interim
1469 1269 1500 1301 in
1528 1269 1597 1302 dies
1622 1269 1652 1302 in
1684 1270 1820 1313 praefati

1083 1375 1147 1408 siae
1180 1375 1314 1408 vulnera
1350 1375 1452 1418 infligi
1493 1375 1653 1408 acerbiori
1693 1385 1824 1419 semper

1084 1429 1208 1461 doloris
1235 1439 1331 1461 sensu
1356 1428 1590 1462 intelleximus.
1611 1428 1685 1462 Orta
1702 1429 1827 1463 scilicet

1084 1482 1290 1526 iampridem,
1312 1493 1430 1527 nempe
1452 1494 1537 1516 anno
1556 1493 1734 1524 iincxcvni,
1752 1494 1825 1516 6011-

1086 1535 1241 1569 troversia
1267 1536 1353 1569 inter
1388 1547 1529 1570 mensam
1557 1543 1589 1570 et
1612 1538 1733 1570 curiam
1760 1537 1827 1580 epi-

1085 1590 1251 1633 scopalem
1278 1590 1497 1633 Augustanam
1530 1590 1718 1634 provinciae
1743 1590 1826 1622 Tha-

1085 1643 1315 1683 rantasiensis,
1343 1653 1379 1676 ex
1405 1645 1468 1676 una
1485 1670 1492 1681 ‚
1519 1655 1555 1676 ae
1580 1644 1755 1676 canonicos
1780 1653 1828 1675 re-

1084 1698 1214 1740 gulares
1240 1697 1271 1731 S.
1299 1698 1416 1741 AEgidii
1442 1699 1505 1731 loci
1532 1699 1570 1731 de
1595 1698 1762 1739 Verresio,
1790 1708 1825 1731 ex

1085 1751 1186 1784 altera
1210 1751 1360 1795 partibus
1379 1778 1386 1792 ‚
1411 1762 1510 1795 super
1535 1752 1603 1784 iure
1635 1751 1825 1785 conserendi

1085 1806 1262 1838 nonnullas
1286 1805 1498 1848 parochiales
1523 1805 1697 1847 ecclesias,
1725 1805 1827 1838 intro·

1087 1859 1248 1902 ductoque
1284 1858 1405 1892 iudicio
1440 1858 1471 1891 111
1506 1858 1659 1891 tribunali
1696 1857 1827 1891 Nuncia-

1087 1917 1178 1945 turae
1204 1912 1409 1956 supradictae
1427 1939 1434 1952 ,
1462 1913 1599 1954 utraque
1626 1917 1716 1954 parte
1755 1921 1828 1944 con-

1088 1965 1247 1999 sentiente
1282 1976 1317 1998 ae
1354 1965 1423 1997 iura
1449 1975 1505 1997 sua
1532 1964 1563 1996 in
1589 1965 1704 1997 eodem
1731 1964 1829 1997 dedu—

1088 2024 1192 2059 cente,
1213 2016 1324 2052 secutsi
1338 2018 1505 2051 vacatione
1525 2018 1659 2050 duarum
1677 2029 1712 2050 611
1733 2017 1827 2051 dictis

1088 2072 1258 2112 ecclesiis,
1285 2077 1479 2115 procurator
1505 2071 1623 2104 fiscalis
1649 2071 1753 2104 dictae
1781 2081 1830 2103 cu-

1088 2125 1153 2157 riae
1179 2125 1376 2169 episcopalis
1403 2126 1608 2168 Augustanae
1625 2135 1754 2158 causam
1775 2124 1829 2157 de—

1089 2178 1173 2211 serre
1199 2178 1320 2211 studuit
1345 2178 1384 2211 ad
1399 2178 1577 2211 Sabaudiae
1599 2184 1762 2218 senatum,
1784 2177 1830 2210 ei⁶

1089 2232 1161 2265 dem
1189 2233 1402 2276 exponendo,
1430 2232 1528 2275 quod,
1555 2232 1630 2265 licet
1660 2232 1830 2274 episcopus

1089 2286 1293 2329 reperiretur
1318 2286 1349 2318 111
1376 2286 1582 2329 possessione
1607 2285 1707 2318 dictas
1727 2285 1830 2317 eecle-

1089 2339 1151 2371 sias
1178 2338 1395 2379 conserendi,
1422 2339 1539 2372 suerint
1577 2344 1684 2371 tamen
1722 2338 1827 2370 eidem

1089 2403 1148 2436 per
1163 2393 1324 2436 praefatos
1342 2393 1516 2426 canonicos
1534 2394 1701 2435 regulares
1721 2391 1827 2425 illatae

1091 2447 1272 2486 molestiae,
1293 2457 1362 2480 cum
1378 2447 1638 2490 praesentatione
1657 2447 1830 2485 citationis,

1090 2510 1160 2532 cum
1187 2500 1385 2533 inhibitione
1411 2501 1546 2544 eiusque
1568 2499 1777 2538 executione;
1799 2504 1830 2531 61

1091 2552 1164 2596 quia
1185 2563 1244 2596 per
1262 2553 1405 2586 tribunal
1425 2553 1642 2586 Nunciaturae
1663 2552 1755 2585 dictis
1777 2562 1829 2583 ca-

309 2604 356 2637 vis
382 2604 489 2636 onmia
526 2603 643 2638 iamdiu
683 2605 713 2638 in
748 2606 832 2639 dicta
865 2606 1046 2650 Congrega-
1070 2627 1072 2651 Ι
1092 2606 1216 2639 nonicis
1243 2606 1446 2649 regularibus
1473 2606 1603 2638 decreta
1630 2605 1731 2637 fuerat
1765 2614 1829 2636 ma-

1720 196 1784 230 ο277
1831 205 1879 232 An.
1897 205 1925 232 c.
1948 205 2015 234 1101

1873 1281 1950 1302 111111111
1966 1288 2019 1302 nova

1834 1308 1946 1329 Ecclesiae
1975 1310 2020 1329 vut-

1082 1322 1210 1355 Yictorii
1238 1322 1370 1355 Amedei
1394 1322 1483 1355 ducis
1509 1322 1686 1356 ditionibus
1712 1322 1884 1355 Eccle-nera
1902 1335 1986 1355 mnu-id.
