2269 3203
221 204 270 232 Αη.
288 203 317 232 c,
340 202 407 230 1103
452 193 495 228 8⁰2

245 1574 334 1587 ιιιιιιιιιι

993 202 1173 228 130111111οΜ

413 257 487 297 ptae
512 252 705 292 libertatem,
725 252 905 297 praesecto,
928 262 963 285 ac
988 251 1153 285 ordinaria

414 305 534 350 111-10115
560 306 771 349 provincialis
796 306 1011 350 primodictae
1030 303 1153 347 provin-

415 359 482 392 ciae
508 359 540 392 in
567 359 670 393 dictos
694 364 872 392 conventus
897 362 1056 402 potestate
1082 367 1151 389 sus-

414 414 545 457 pensa,
572 423 609 446 ac
641 417 819 456 propterea
849 412 924 445 dicti
949 414 1152 454 exponentes

417 466 608 509 denegatam
639 478 656 498 a
685 466 771 499 dicto
803 464 968 497 Antonino
995 462 1152 505 magistro

417 519 560 563 generali
587 519 760 558 licentiam,
779 524 814 550 ut
833 518 896 551 duo
915 518 1028 549 fratres
1047 515 1152 548 dictae

418 583 531 605 eorum
558 571 744 615 provinciae
770 571 809 603 ad
836 569 924 602 illius
946 578 1074 601 causam
1099 568 1153 600 1111-

418 625 557 658 iusmodi
584 635 693 657 coram
719 624 789 667 ipso
807 622 971 655 Antonino
997 620 1153 663 magistro

418 678 562 721 generali
589 677 637 710 vel
673 686 781 709 coram
817 673 1076 717 Congregatione
1102 683 1154 706 ve-

418 730 612 764 nerabilium
639 730 771 762 fratrum
797 732 983 761 nostrorum
1006 726 1037 759 S.
1060 727 1096 759 R.
1117 726 1151 759 E.

419 784 631 818 cardinalium
651 782 790 826 negotiis
809 786 840 814 et
858 780 1154 814 consultationibus

419 837 649 882 episcoporum
687 841 719 868 01
753 835 953 878 regularium
989 834 1155 877 proposita

419 890 588 923 dicendam
603 894 634 922 et
651 888 847 923 tractandam
871 888 910 921 ad
936 888 1021 920 lianc
1038 887 1154 920 almam

419 943 535 975 Urbem
563 947 706 975 nostram
732 941 842 974 venire
861 945 1004 984 possent,
1020 951 1038 972 a
1061 939 1156 973 nobis

419 996 552 1029 concedi
577 1005 779 1038 summopere
805 994 1054 1027 desiderabant:
1080 1004 1155 1034 nos,

421 1049 602 1093 supplicem
628 1049 774 1081 libellum
801 1058 915 1080 corum
941 1047 1072 1080 nomine
1099 1057 1157 1080 no-

418 1103 468 1135 bis
493 1104 530 1135 ea
561 1112 658 1144 super
689 1112 723 1134 re
757 1106 952 1144 porrectum,
973 1101 1011 1133 ad
1038 1100 1155 1134 dietam

419 1155 712 1198 Congregationem
732 1154 946 1186 cardinalium
960 1153 1155 1186 remisimus.

419 1210 489 1253 Ipsa
515 1219 589 1241 vero
616 1208 828 1241 cardinalium
854 1207 1159 1251 Cong1·egatio,au-

420 1262 486 1295 dito
513 1262 653 1305 desuper
690 1261 808 1294 dilecto
845 1261 968 1305 pariter
991 1261 1058 1295 filio
1091 1273 1160 1296 mo-

419 1316 521 1349 derno
547 1321 765 1359 procuratore
791 1316 935 1358 generali
963 1316 1039 1349 dicti
1069 1316 1160 1350 Ordi-

420 1368 489 1408 nis,
528 1369 654 1401 censuit
686 1369 922 1412 separationem
959 1369 1157 1412 praefatam,

422 1422 550 1455 reiectis
569 1422 727 1454 dictorum
745 1422 976 1465 exponentium
998 1423 1160 1465 precibus,

426 1487 442 1509 a
468 1476 562 1509 nobis
591 1476 765 1520 approbari
792 1487 900 1519 posse.

469 1530 483 1573 ἓ
509 1529 539 1562 ⁶2.
567 1529 669 1567 Quare
702 1540 761 1562 nos
793 1529 867 1562 dicti
905 1529 1060 1562 Antonini
1096 1539 1162 1563 ma-

424 1582 512 1625 gistri
535 1582 696 1625 generalis
727 1582 809 1616 votis
835 1582 897 1616 hac
919 1582 952 1615 in
978 1593 1030 1623 re,
1061 1593 1161 1627 quan-

423 1641 488 1669 tum
513 1647 585 1669 cum
616 1635 753 1669 Domino
786 1646 977 1680 possumus,
1004 1636 1162 1670 favorabi-

421 1689 495 1722 liter
519 1699 664 1722 annuere
688 1690 855 1729 volentes,
884 1699 1025 1732 eumque
1051 1701 1068 1723 a
1094 1690 1163 1733 qui-

420 1742 528 1776 busvis
552 1742 913 1782 excommunicationis,
937 1742 1163 1787 suspensionis

422 1800 454 1829 01
478 1796 654 1836 interdicti,
675 1796 813 1840 aliisque
836 1796 1066 1829 ecclesiasticis
1091 1807 1163 1830 sen-

421 1849 549 1890 tentiis,
579 1849 727 1882 censuris
752 1854 784 1883 et
808 1850 945 1893 poenis,
971 1860 988 1883 a
1015 1850 1086 1884 iure
1110 1851 1161 1884 vel

421 1902 460 1934 ab
486 1902 634 1943 homine,
656 1902 768 1946 quavis
795 1902 967 1937 occasione
991 1904 1042 1937 vel
1067 1906 1163 1937 causa

420 1956 506 1996 latis,
529 1956 553 1989 si
575 1956 693 2000 quibus
712 1957 963 2000 quomodolibet
986 1957 1162 1991 innodatus

422 2009 544 2050 existit,
562 2010 601 2042 ad
616 2010 764 2043 effectum
783 2011 1011 2054 praesentium
1038 2011 1164 2045 dumta-

421 2068 475 2096 xat
495 2064 771 2107 consequendum,
802 2064 919 2098 harum
944 2064 1030 2098 serie
1056 2066 1163 2099 absol-

423 2121 538 2148 ventes
555 2121 585 2148 et
599 2117 783 2150 absolutum
800 2117 868 2151 sore
888 2123 1074 2159 censentes,
1092 2129 1165 2163 sup-

423 2169 657 2212 plicationibus
688 2170 756 2204 eius
780 2172 912 2205 nomine
941 2172 1038 2205 nobis
1067 2183 1166 2216 super

424 2222 488 2255 1100
505 2222 670 2256 1110111111οι·
686 2224 847 2266 porrectis
867 2224 1024 2265 inclinati,
1047 2225 1085 2259 de
1104 2236 1166 2259 me-

424 2281 620 2309 moratorum
647 2278 860 2311 cardinalium
887 2278 1038 2318 consilio,
1074 2289 1166 2322 sepa-

424 2329 584 2362 rationem
611 2330 771 2363 dictorum
789 2336 1010 2365 conventuum
1037 2343 1053 2364 a
1078 2342 1166 2376 prae-

425 2381 510 2414 dicta
536 2382 700 2424 provincia
726 2383 928 2424 Germaniae,
948 2384 986 2418 ab
1013 2385 1085 2428 ipso
1103 2385 1166 2418 An-

427 2435 539 2467 tonino
580 2435 735 2478 magistro
773 2439 919 2478 generali
955 2438 1096 2477 saetam,
1131 2443 1167 2471 ut

425 2488 630 2530 praefertur,
666 2490 860 2523 auctoritate
893 2491 1074 2533 apostolica
1111 2502 1167 2535 ap-

425 2540 600 2583 probamus
626 2546 657 2573 et
681 2542 920 2583 confirmamus,
937 2543 1049 2587 illique
1067 2543 1167 2578 invio-

427 2592 532 2627 labilis
551 2593 749 2637 apostolicae
767 2594 926 2631 firmitatis
944 2595 1045 2631 robur
1058 2595 1167 2630 adiici·
1190 2639 1191 2642 Ἰ

1198 202 1352 227 ROMANUM

1195 261 1275 290 111115,
1301 261 1338 283 ac
1363 259 1476 283 omnes
1502 254 1533 283 et
1558 249 1704 292 singulos
1721 248 1801 283 iuris
1818 248 1938 284 etsacti

1195 303 1359 342 desectus,
1391 303 1417 335 si
1443 302 1499 346 qui
1525 302 1666 346 desuper
1691 302 1940 347 quomodolibet

1196 355 1447 396 intervenerint,
1474 356 1684 398 supplemus3
1715 356 1800 390 salva
1830 361 1937 390 tamen

1196 419 1331 452 semper
1355 408 1387 440 in
1414 408 1603 451 praemissis
1623 409 1816 443 auctoritate
1834 410 1938 444 dictae

1196 460 1463 503 Congregationis
1489 461 1719 495 cardinalium.

1241 513 1255 556 g*
1280 512 1312 546 3.
1340 513 1568 555 Decernentes,
1588 514 1716 548 easdem
1746 521 1938 560 praesentes

1197 564 1322 598 litteras
1347 575 1476 609 semper
1501 566 1619 608 firmas
1635 568 1759 601 validas
1778 573 1810 602 et
1834 569 1939 602 effica-

1197 629 1250 652 ces
1275 618 1412 652 existere
1438 625 1470 652 et
1496 620 1573 660 sore,
1604 631 1744 665 suosque
1774 622 1939 664 plenarios

1198 677 1228 705 et
1253 673 1398 716 integros
1420 673 1552 707 effectus
1576 675 1684 708 sortiri
1719 680 1748 708 et
1774 675 1936 717 obtinere,

1198 736 1233 759 ac
1259 726 1332 767 illis,
1352 727 1390 760 ad
1409 737 1490 770 quos
1516 733 1642 771 spectat
1660 734 1691 761 et
1709 739 1767 771 pro
1793 734 1940 773 tempore

1199 779 1472 823 quandocumque
1498 780 1667 824 spectabit,
1686 781 1718 814 in
1743 783 1892 815 omnibus
1910 787 1942 816 et

1198 842 1258 875 per
1282 832 1392 865 omnia
1416 833 1609 876 plenissime
1635 834 1818 877 suffragari,
1845 839 1877 868 et
1901 837 1940 869 ab

1199 885 1245 918 eis
1278 887 1457 929 respective
1490 886 1723 921 inviolabiliter
1755 888 1939 930 observari,

1199 938 1313 982 sicque
1339 939 1371 971 in
1397 940 1584 982 praemissis
1621 952 1680 984 per
1715 952 1942 986 quoscumque

1199 992 1322 1025 iudices
1355 993 1537 1026 ordinarios
1569 999 1600 1027 et
1630 994 1814 1037 delegatos,
1846 995 1943 1029 etiam

1200 1056 1370 1078 causarum
1406 1047 1517 1089 palatii
1550 1047 1720 1090 apostolici
1759 1049 1944 1087 auditores,

1200 1099 1335 1132 iudicari
1361 1104 1393 1132 et
1418 1099 1547 1133 definiri
1580 1100 1722 1142 debere,
1750 1111 1785 1134 ac
1817 1101 1944 1135 irritum

1201 1157 1232 1185 01
1249 1152 1357 1194 inane,
1379 1152 1403 1186 si
1422 1164 1515 1186 secus
1534 1164 1633 1198 super
1657 1154 1708 1188 1115
1729 1166 1747 1188 a
1765 1165 1941 1199 quoquam,

1202 1205 1315 1250 quavis
1342 1206 1548 1247 auctoritate,
1562 1207 1705 1241 scienter
1721 1209 1771 1242 vel
1792 1208 1945 1252 ignoran-

1203 1264 1261 1300 ter,
1289 1260 1462 1303 contigerit
1486 1261 1653 1294 attentari.

1246 1313 1261 1356 ἓ
1284 1313 1317 1346 4.
1343 1313 1415 1347 Νο11
1439 1314 1642 1348 obstantibus
1676 1315 1883 1359 praemissis,
1910 1326 1947 1350 ac

1203 1366 1491 1400 constitutionibus
1524 1372 1556 1401 01
1582 1368 1842 1402 ordinationibus
1868 1380 1947 1413 apo-

1204 1419 1339 1460 stolicis,
1362 1431 1492 1454 necnon
1510 1422 1750 1465 provinciarum
1769 1428 1800 1456 et
1817 1422 1946 1457 Ordinis

1205 1473 1404 1515 huiusmodi,
1432 1475 1527 1508 etiam
1553 1476 1750 1517 iuramento,
1778 1476 1946 1511 confirma-

1205 1527 1293 1561 tione
1313 1528 1502 1572 apostolica,
1516 1529 1565 1562 ve]
1584 1529 1695 1573 quavis
1713 1530 1864 1564 firmitate
1885 1530 1947 1564 alia

1204 1581 1368 1615 roboratis
1384 1608 1391 1622 ,
1418 1581 1548 1615 statutis
1586 1587 1618 1615 et
1643 1583 1944 1625 consuetudinibus,

1204 1634 1381 1678 privilegiis
1415 1646 1566 1679 quoque,
1594 1636 1728 1671 indultis
1765 1642 1796 1671 et
1828 1638 1945 1672 litteris

1205 1688 1393 1732 apostolicis
1418 1689 1451 1721 in
1477 1690 1675 1722 contrarium
1692 1690 1947 1733 praemissorum

1206 1741 1456 1785 quomodolibet
1480 1742 1642 1776 concessis
1657 1769 1664 1782 ,
1694 1742 1891 1776 confirmatis
1915 1748 1948 1777 et

1206 1795 1387 1837 innovatis;
1415 1796 1533 1840 quibus
1559 1796 1710 1830 omnibus
1736 1802 1768 1830 et
1792 1796 1945 1840 singulis,

1206 1848 1337 1882 illorum
1359 1854 1488 1882 tenores
1514 1849 1739 1893 praesentibus
1763 1859 1822 1894 pro
1847 1851 1947 1893 plene

1207 1907 1238 1935 et
1274 1902 1474 1936 sufficienter
1496 1902 1657 1947 expressis
1687 1914 1724 1936 ac
1748 1903 1788 1937 ad
1814 1904 1948 1938 verbum

1206 1955 1335 1989 insertis
1360 1956 1529 1997 habentes,
1550 1956 1614 1990 illis
1639 1956 1718 1990 alias
1742 1956 1774 1989 in
1811 1966 1870 1990 suo
1895 1967 1948 1990 ro-

1206 2010 1287 2043 bore
1316 2009 1546 2053 permansuris,
1571 2010 1608 2042 ad
1634 2009 1885 2053 praemissorum
1903 2010 1949 2043 ef-

1208 2064 1337 2105 fectum,
1362 2064 1424 2097 hac
1448 2063 1516 2097 vice
1545 2063 1725 2104 dumtaxat,
1762 2064 1950 2108 specialiter

1208 2122 1239 2150 et
1257 2127 1407 2161 expresse
1425 2116 1635 2159 derogamus;
1662 2116 1846 2161 ceterisque
1872 2127 1949 2151 con-

1209 2170 1315 2204 trariis
1342 2170 1606 2215 quibuscumque.

1252 2224 1366 2257 Datum
1391 2223 1526 2264 Romae,
1546 2224 1630 2267 apud
1657 2223 1688 2258 S.
1716 2224 1861 2265 Petrum,
1888 2224 1949 2257 sub

1209 2278 1329 2311 annulo
1347 2276 1528 2316 Piscatoris,
1549 2276 1600 2309 dic
1618 2287 1669 2311 xxi
1686 2277 1792 2311 martii
1810 2286 1947 2318 1111100111,

1209 2329 1417 2373 pontificatus
1442 2329 1544 2362 nostri
1571 2339 1656 2363 anno
1678 2340 1726 2364 111.

1245 2392 1307 2419 Dat.
1325 2391 1370 2419 die
1384 2391 1414 2419 21
1433 2391 1525 2419 martii
1543 2391 1620 2425 ¹703,
1639 2391 1737 2427 pontis.
1755 2400 1826 2419 auno
1842 2399 1883 2419 111.

1944 201 1996 230 An.
2009 202 2039 231 C.
2064 200 2131 232 1703

1977 530 2097 552 Clausulas.

1981 1327 2139 1349 Contrariorum

1958 1355 1968 1375 d
1986 1355 2074 1380 negatio.
