2269 3203
263 227 311 252 Αη.
329 226 355 254 c,
383 225 448 253 1717
495 217 559 250 75ss

453 280 610 308 concentu
631 276 793 309 solemnes
814 277 1005 310 festivitates
1024 278 1193 310 celebren-

453 331 513 368 tur,
538 338 574 361 ac
598 328 630 361 in
656 329 686 362 id
711 331 915 373 assequendo
933 330 1038 363 dictus
1059 339 1193 363 conven-

452 387 501 415 tus
527 382 715 416 immodicas
741 384 897 426 pecuniae
935 393 1076 416 summas
1113 393 1191 415 eon-

451 441 573 475 sumat;
601 436 757 478 praedicti
782 447 856 469 vcro
894 436 1027 468 iuvenes
1043 462 1050 475 ,
1080 435 1126 468 sic
1151 435 1191 467 ad

452 487 598 520 habitum
623 489 806 531 regularem
840 488 1028 521 huiusmodi
1061 487 1192 521 admissi

453 546 484 573 et
509 541 622 579 edocti,
657 546 829 583 postquam
854 551 944 574 suam
969 546 1087 574 statuto
1115 545 1193 573 tem-

451 604 531 636 pore
557 594 794 636 professionem
820 604 879 636 per
904 594 1019 626 fratres
1046 594 1122 626 dicti
1139 593 1194 626 Or-

452 647 536 679 dinis
562 646 662 679 emitti
689 651 876 679 consuetam
896 657 1047 690 expresse
1074 647 1193 680 emise-

451 699 516 731 rint
541 701 734 742 regularem,
760 710 796 732 ac
821 700 853 732 in
870 710 960 733 sacro
986 700 1192 743 presbytera-

453 757 500 784 tus
545 752 659 785 ordine
700 753 865 786 constituti
905 754 979 793 sint,
1021 753 1192 796 multiplici

451 810 615 848 praetextu
642 806 727 838 hanc
750 805 896 838 Sanctam
915 805 1032 839 Sedem
1058 805 1193 849 eiusque

450 868 509 900 pro
536 862 682 901 tempore
707 859 884 892 existentes
910 859 942 891 in
977 859 1193 902 Portugalliae

452 917 483 943 et
508 911 735 953 Algarbiorum
761 913 870 955 regnis
892 913 1031 946 nuncios
1056 923 1116 956 pro
1143 913 1193 945 ob-

451 964 591 996 tinendis
618 965 751 998 indultis
783 970 814 998 et
839 966 949 1008 gratiis
977 966 1114 1005 adeant,
1140 970 1191 1005 ut,

450 1022 579 1050 retento
606 1018 719 1050 habitu
745 1018 884 1060 regulari
912 1019 1115 1058 huiusmodi,
1141 1019 1192 1051 vel

449 1074 618 1111 praetextu
643 1071 727 1112 quod
753 1071 945 1113 parentibus
972 1071 1126 1114 pauperie
1148 1072 1193 1104 la-

449 1117 643 1155 borantibus
664 1124 868 1163 subveniant,
886 1130 940 1157 aut
954 1125 1123 1158 sororibus
1142 1134 1194 1157 ne-

449 1175 625 1218 ptibusque
655 1177 877 1220 eleemosynas
906 1188 922 1210 e
951 1177 1075 1210 musico
1104 1188 1194 1210 exer-

450 1227 526 1260 citio
553 1229 708 1261 collectas
735 1230 957 1270 contribuant,
984 1230 1038 1263 alii
1063 1230 1192 1263 autem¹

450 1280 580 1313 servitio
600 1282 811 1315 ecclesiarum
829 1283 1078 1323 cathedralium,
1094 1283 1194 1316 inser-

450 1333 636 1367 vientibus²
661 1340 693 1368 et
712 1335 743 1367 id
762 1336 865 1378 ipsum
884 1337 1125 1379 postulantibus
1145 1337 1192 1369 lo-

451 1396 560 1419 corum
586 1387 780 1427 Ordinariis,
806 1399 838 1421 se
860 1389 1036 1432 mancipari
1056 1389 1189 1429 faciant;

451 1444 483 1471 et
500 1439 552 1480 ita,
570 1442 712 1473 relaxata
731 1441 903 1484 disciplina
925 1442 1082 1484 regulari,
1104 1452 1191 1485 spre-

451 1495 547 1535 taque
565 1493 771 1537 superiorum
791 1494 987 1535 obedientia,
1005 1494 1075 1528 sine
1094 1495 1190 1528 sociis

449 1551 615 1588 vagentur,
642 1547 862 1590 pecuniasque
889 1552 1032 1580 retentas
1058 1548 1092 1580 in
1117 1558 1190 1590 pes-

450 1598 547 1631 simos
569 1609 646 1631 usus
667 1605 873 1639 convertere,
898 1605 947 1640 et,
977 1600 1003 1633 si
1030 1601 1114 1633 forte
1139 1611 1190 1633 su-

449 1652 560 1694 perior
584 1651 753 1694 religionis
778 1653 808 1685 id
837 1653 883 1685 eis
911 1653 1070 1696 impedire
1094 1664 1189 1696 prae-

450 1705 579 1746 tendat,
605 1706 712 1738 statim
738 1716 887 1739 recursus
911 1717 978 1739 non
1011 1708 1113 1739 solum
1150 1707 1188 1739 ad

449 1759 581 1791 eosdem
610 1759 767 1799 nuncios,
800 1760 857 1792 sed
887 1759 984 1792 etiam
1018 1760 1058 1792 ad
1090 1760 1190 1792 tribu-

448 1811 535 1844 nalia
555 1811 734 1844 saecularia
759 1812 989 1855 interponant3
1017 1822 1052 1844 ex
1072 1812 1189 1854 quibus

449 1864 600 1896 omnibus
626 1874 693 1896 non
718 1865 823 1897 solum
848 1865 993 1908 praefato
1013 1866 1188 1897 conventui

447 1917 623 1950 maximum
649 1917 879 1950 detrimentum
917 1918 974 1951 sed
1008 1922 1039 1951 et
1077 1918 1188 1951 Ordini

447 1970 616 2013 praedicto
654 1970 883 2013 inexplicabile
917 1971 1078 2011 dedecus,
1116 1981 1188 2004 cum

448 2023 577 2055 notoria
602 2034 638 2055 ac
664 2023 805 2066 pessima
835 2023 919 2056 vitae
952 2024 1110 2066 regularis
1135 2034 1189 2057 vo-

450 2081 621 2119 torumque
640 2075 824 2109 emissionis
842 2077 1041 2110 relaxatione
1067 2082 1098 2110 et
1115 2078 1187 2110 obe-

448 2128 589 2161 dientiae
609 2129 741 2168 iactura,
763 2129 869 2162 afferri
889 2131 1010 2163 soleat:
1036 2130 1107 2173 ipse
1125 2132 1188 2163 An-

448 2181 544 2213 dreas
558 2181 649 2224 prior
665 2182 885 2224 provincialis,
901 2188 947 2215 tot
964 2183 1056 2216 malis
1075 2194 1188 2216 occur-

448 2243 522 2266 rere
549 2239 715 2277 exoptans,
742 2235 896 2277 praelatis
917 2236 1140 2278 superioribus
1157 2241 1189 2269 et

447 2286 606 2319 localibus
631 2293 848 2321 conventuum
874 2288 1040 2330 prioribus
1060 2289 1188 2331 provin-

447 2338 515 2370 ciae
541 2344 573 2371 et
597 2338 726 2372 Ordinis
748 2340 990 2382 praedictorum
1008 2342 1188 2383 praesenti-

447 2391 506 2423 bus
534 2395 565 2424 et
589 2391 723 2432 suturis,
756 2393 814 2424 sub
841 2393 1187 2426 excommunicationis

447 2454 484 2477 ac
508 2444 696 2487 privationis
722 2445 810 2477 vocis
836 2445 958 2478 activae
983 2450 1014 2478 et
1039 2446 1187 2488 passivae

474 2525 484 2549 1
504 2523 615 2550 Videtur
626 2523 726 2560 aliquid
738 2523 842 2558 deesse,
855 2533 896 2552 ex.
909 2532 947 2559 g.‚
960 2524 1016 2552 alii
1027 2525 1144 2560 quidem
1155 2525 1187 2552 in

445 2568 552 2596 alienis
567 2568 694 2596 ecclesiis
709 2572 828 2601 canant,
840 2569 898 2597 alii
913 2571 1020 2604 autem,
1033 2571 1084 2597 etc.
1096 2569 1187 2604 (n.T.).

479 2612 496 2639 2
511 2612 610 2640 Forsan
626 2613 786 2641 scientibus
799 2613 838 2648 (a.
855 2614 903 2648 τ.).

1040 227 1223 253 Brittannia!
1246 227 1402 252 ROMANPM

1237 286 1365 309 necnon
1392 275 1572 309 officiorum
1598 277 1713 320 poenis
1741 288 1778 311 eo
1805 277 1875 321 ipso
1904 278 1976 312 abs-

1236 339 1298 372 que
1333 329 1394 361 alia
1432 329 1649 363 declaratione
1688 330 1911 371 incurrendis,
1935 342 1976 365 ne

1237 382 1274 414 de
1312 387 1420 415 cetero
1458 383 1610 416 fratribus
1645 383 1777 416 musicis
1813 384 1977 418 licentiam

1236 437 1375 469 exeundi
1402 447 1418 469 e
1443 437 1643 470 monasterio
1661 438 1700 470 ad
1722 438 1909 472 festivitates
1928 449 1978 472 ce-

1236 489 1410 522 lebrandas
1437 491 1469 522 in
1494 491 1564 523 aliis
1591 491 1738 524 ecclesiis
1765 502 1858 534 quam
1888 503 1978 536 prae-

1237 539 1310 571 dicti
1338 539 1479 580 Ordinis,
1505 543 1637 584 excepta
1655 543 1777 584 capella
1803 543 1901 585 regia,
1927 544 1976 576 vel

1236 593 1366 634 quando
1391 594 1604 627 communitas
1630 594 1700 637 ipsa
1725 605 1795 627 cum
1817 605 1912 628 cruce
1938 596 1977 628 ad

1237 655 1290 677 eas
1315 647 1518 688 peragendas
1543 647 1685 685 accedit,
1717 648 1897 681 concedere
1923 659 1978 680 au—

1237 698 1333 731 deant
1359 709 1414 731 seu
1441 705 1658 741 praesumant,
1688 711 1747 743 per
1781 711 1840 734 nos
1863 702 1978 744 prohi-

1237 752 1315 791 beri,
1341 757 1373 783 et
1397 752 1523 785 indulta
1541 753 1672 785 habitus
1690 754 1809 786 retenti
1832 754 1977 797 aliasque

1238 805 1355 846 gratias
1391 805 1513 838 similes
1540 810 1603 837 tam
1636 815 1653 837 a
1689 805 1771 839 Sede
1811 807 1978 849 praedicta

1237 869 1332 901 quam
1358 858 1396 890 ab
1422 858 1507 891 illius
1532 859 1659 892 nunciis
1686 860 1825 903 desuper
1846 860 1977 893 obtenta

1238 911 1380 943 revocari
1401 911 1576 954 plurimum
1595 912 1770 945 desideret.
1792 912 1888 945 Nobis
1903 923 1978 955 pro-

1237 969 1347 1007 pterea
1380 964 1549 997 humiliter
1579 965 1753 1008 supplicari
1787 965 1861 998 secit
1884 970 1919 998 ut
1943 965 1976 998 in

1237 1017 1426 1061 praemissis
1456 1024 1641 1061 opportune
1675 1018 1848 1061 providere
1875 1024 1907 1051 et
1941 1024 1976 1051 ut

1238 1071 1320 1103 infra
1345 1071 1514 1113 indulgere
1540 1072 1579 1104 de
1609 1071 1808 1115 benignitate
1845 1077 1975 1115 aposto-

1237 1123 1297 1157 lica
1323 1124 1546 1167 dignaremur.

1280 1178 1294 1219 ξ
1319 1177 1350 1209 ⁶2.
1377 1178 1440 1210 Nos
1466 1178 1575 1220 igitur,
1593 1179 1695 1221 ipsius
1716 1179 1864 1212 Andreae
1887 1178 1974 1222 prio-

1991 230 2039 258 ΛΗ.
2053 231 2081 260 C.
2105 231 2169 260 ¹7¹7

2050 1188 2168 1210 prohibitio

1984 1215 2095 1241 praedicta
2129 1216 2168 1237 sub

1235 1230 1279 1263 ris
1305 1231 1513 1274 provincialis
1538 1232 1621 1264 votis
1647 1232 1709 1265 hac
1734 1232 1766 1264 in
1792 1243 1840 1272 re,
1868 1243 1970 1276 quan·
1985 1242 2111 1267 privationis
2132 1248 2170 1262 vo-

1984 1269 2015 1288 cis
2024 1270 2044 1289 et
2053 1268 2169 1289 officiorum

1237 1289 1301 1316 tum
1327 1291 1400 1316 cum
1432 1284 1568 1317 Domino
1594 1295 1788 1328 possumus,
1816 1285 2053 1321 favorabi-poena
2069 1297 2157 1317 tantum.

1235 1337 1308 1369 liter
1332 1347 1477 1370 annuere
1506 1339 1676 1377 volentes,
1705 1348 1842 1381 eumque
1868 1349 1884 1370 a
1909 1339 1975 1382 qui-

1234 1389 1343 1422 busvis
1368 1390 1726 1429 excommunicationis,
1750 1390 1974 1434 suspensionis

1235 1447 1265 1475 et
1283 1442 1462 1482 interdicti,
1490 1443 1625 1487 aliisque
1652 1443 1879 1477 ecclesiasticis
1905 1454 1976 1477 sen-

1235 1495 1359 1535 tentiis,
1387 1496 1531 1529 censuris
1556 1503 1588 1529 et
1613 1496 1746 1539 poenis,
1774 1508 1791 1529 a
1822 1497 1892 1529 iure
1923 1497 1974 1529 vel

1233 1551 1271 1583 ab
1293 1550 1444 1589 homine,
1465 1550 1576 1593 quavis
1601 1550 1775 1583 occasione
1801 1551 1849 1583 vel
1876 1553 1974 1584 causa

1233 1603 1317 1642 latis,
1335 1603 1360 1635 si
1381 1602 1500 1645 quibus
1519 1603 1770 1645 quomodolibet
1794 1603 1973 1636 innodatus

1233 1655 1350 1695 existit,
1362 1656 1400 1688 ad
1413 1654 1562 1688 ellectum
1574 1656 1792 1698 praesentium
1808 1656 1975 1689 dumtaxat

1232 1708 1511 1751 consequendum,
1531 1708 1647 1741 harum
1666 1709 1749 1741 serie
1766 1708 1973 1742 absolventes

1233 1764 1265 1792 et
1286 1759 1473 1791 absolutum
1492 1760 1560 1792 sore
1580 1764 1765 1798 censentes,
1783 1759 1973 1792 huiusmodi

1232 1811 1528 1855 supplicationibus
1554 1811 1711 1851 inclinati,
1738 1812 1777 1844 de
1805 1812 1974 1845 venerabi-

1231 1865 1308 1898 lium
1334 1865 1467 1898 fratrum
1485 1870 1672 1898 nostrorum
1689 1865 1804 1897 S.R.E.
1824 1866 1973 1899 cardina-

1232 1917 1311 1950 lium
1328 1917 1467 1960 negotiis
1484 1922 1515 1950 et
1539 1916 1830 1950 consultationibus
1851 1917 1973 1960 episco-

1231 1982 1347 2015 porum
1373 1977 1404 2004 et
1428 1970 1664 2014 regularium¹,
1691 1971 1744 2014 qui
1777 1971 1972 2005 relationem

1232 2025 1340 2058 dilecti
1366 2024 1489 2068 pariter
1507 2023 1563 2057 filii
1581 2024 1729 2056 moderni
1749 2024 1971 2067 procuratoris

1231 2077 1390 2121 generalis
1406 2076 1533 2109 Ordinis
1555 2076 1743 2109 huiusmodi
1765 2085 1863 2119 super
1879 2086 1973 2119 prae-

1231 2130 1337 2163 missis
1363 2130 1402 2162 ad
1432 2129 1562 2162 eosdem
1595 2129 1777 2162 cardinales
1803 2128 1970 2161 transmis-

1231 2193 1298 2216 sam
1323 2183 1541 2222 attenderunt,
1568 2181 1716 2221 consilio,
1743 2180 1968 2224 superioribus

1231 2236 1488 2279 quibuscumque
1527 2234 1686 2278 praedicti
1724 2233 1853 2267 Ordinis
1868 2261 1875 2275 ,
1910 2234 1968 2267 sub

1231 2289 1355 2331 poenis,
1376 2294 1411 2320 ut
1434 2287 1565 2331 petitur,
1604 2288 1738 2329 excepta
1762 2287 1817 2320 illa
1847 2297 1970 2320 excom—

1230 2341 1468 2380 municationis,
1492 2351 1533 2373 ne
1559 2341 1715 2383 deinceps
1740 2340 1905 2373 licentiam
1921 2350 1969 2373 su-

1230 2404 1289 2436 per
1327 2394 1516 2436 praemissis
1558 2393 1721 2425 ullatenus
1761 2393 1966 2434 concedant,

1230 2446 1421 2479 auctoritate
1445 2446 1634 2488 apostolica,
1660 2451 1773 2479 tenore
1805 2456 1967 2489 praesen-

1231 2499 1322 2540 tium,
1345 2500 1558 2542 prohibemus
1577 2504 1609 2532 et
1625 2499 1864 2533 interdicimus:
1881 2499 1969 2533 salva

1267 2615 1278 2641 1
1300 2613 1383 2641 Deest
1404 2621 1451 2641 vox
1468 2614 1703 2649 praepositorum
1722 2614 1764 2650 (n.
1779 2614 1830 2650 r).
