2269 3203
107 212 156 239 An.
178 209 206 238 C.
224 209 291 238 1716

136 1489 257 1512 Clausulam.

149 2383 299 2411 Transumpir·

114 2416 159 2431 rum
175 2411 236 2432 tides.

924 206 1066 231 CLEMNES
1090 206 1123 230 XI
1149 207 1197 230 ΓΡ,

303 257 484 299 calaureos,
505 259 653 302 aliosque
679 266 882 302 quocumque
908 255 1041 289 nomine

303 317 507 356 nuncupatos
542 311 746 355 supradictae
783 309 942 343 facultatis
968 309 1042 342 alu-

303 374 418 404 mnos,
444 365 498 408 qui
524 364 710 408 praedictae
735 362 959 396 constitutioni
985 372 1042 395 no-

304 423 388 450 strae
403 418 546 451 debitam
564 417 783 450 obedientiam
801 416 1040 458 praestiterunt,

304 476 359 502 aut
383 469 415 501 in
441 470 583 502 futurum
608 468 849 512 praestiterint,
876 468 1040 510 praesenti

306 523 478 564 gratiarum
505 527 536 555 ct
556 521 799 565 privilegiorum
826 520 1040 563 suspensione

304 574 438 608 minime
472 574 553 607 affici
580 574 745 613 volumus,
778 573 915 616 perinde
948 584 984 605 ac
1016 573 1041 605 si

305 628 410 671 quoad
438 627 510 660 illos
536 626 669 660 eaedem
699 631 888 670 praesentes
913 625 1041 659 litterae

304 690 436 723 prorsus
461 690 526 712 non
549 685 765 712 emanassent.
795 678 943 717 Quinimo
969 690 1040 712 eos-

305 735 389 774 dem,
407 739 441 766 ut
459 743 552 767 veros
577 733 786 766 obedientiae
808 732 899 772 illios,
919 744 954 766 ac
972 744 1042 776 ger-

304 796 415 820 manos
440 786 594 829 egregiae
620 786 781 819 facultatis
807 787 966 826 altimum,
989 796 1042 830 pa·

305 847 417 874 ternae
453 839 620 872 charitatis
656 839 727 872 sinu
763 840 1039 882 complectentes,

304 894 473 927 hortamur
493 892 526 925 in
543 892 692 933 Domino,
708 897 751 933 ut,
770 892 986 936 apostolicum
1005 892 1041 925 il-

304 947 361 981 lud
379 946 493 979 sedulo
519 945 716 988 cogitantes:
734 945 770 979 Si
785 945 866 988 quid
880 945 1042 988 patimini

303 1003 435 1042 propter
467 998 654 1038 iustitiam,
688 998 794 1038 beati,
829 997 861 1030 in
889 1003 1041 1039 suscepto

307 1053 447 1086 tuendae
472 1062 568 1084 sanae
595 1052 762 1085 doctrinae
781 1052 948 1094 proposito
973 1052 1041 1094 glo-

306 1106 391 1139 riosa
423 1104 597 1138 stabilitate
633 1109 860 1147 perseverent,
887 1105 1041 1148 quodque

307 1169 381 1192 vere
400 1158 568 1191 christiani
589 1157 729 1191 doctoris
744 1163 800 1197 est,
817 1168 884 1196 eos,
898 1158 952 1201 qui
972 1169 1042 1191 con·

309 1212 487 1252 tradicunt‚
513 1221 673 1253 arguere,
693 1221 752 1253 pro
791 1211 907 1243 tradita
940 1211 999 1243 sibi
1026 1222 1042 1245 a

305 1265 444 1298 Domino
469 1264 637 1307 sapientia,
658 1274 722 1296 non
743 1270 934 1304 vereantur;
961 1264 1040 1296 certi

307 1318 446 1351 divinam
471 1316 531 1349 sibi
552 1316 806 1349 retributionem
828 1323 924 1360 atque
946 1317 1042 1349 huius

305 1370 441 1404 Sanctae
466 1369 558 1404 Sedis
591 1370 826 1413 protectionem
853 1376 883 1403 et
907 1370 1042 1413 gratiam

305 1424 437 1458 minime
463 1423 657 1457 defuturam.

349 1478 363 1521 ς
388 1476 420 1510 4.
446 1476 668 1510 Decernentes
686 1476 818 1520 pariter,
839 1476 924 1520 ipsas
949 1487 1043 1520 prae-

304 1535 412 1563 sentes
430 1530 555 1563 litteras
577 1529 693 1570 firmas,
707 1529 829 1563 validas
848 1535 878 1562 ct
899 1529 1044 1564 efficaces

305 1582 445 1616 existere
479 1588 510 1616 et
535 1583 621 1624 sore,
648 1594 792 1626 suosque
822 1584 986 1626 plenarios
1013 1589 1044 1617 et

304 1636 448 1679 integros
475 1635 606 1669 effectus
630 1637 742 1670 sortiri
768 1642 799 1670 et
824 1636 983 1677 obtinere,
1008 1648 1044 1670 ac

305 1689 344 1721 ab
369 1689 450 1729 illis,
479 1689 516 1721 ad
543 1699 624 1732 quos
657 1689 769 1732 quovis
795 1690 893 1722 modo
919 1695 1046 1733 spectat

305 1748 335 1775 et
355 1742 516 1786 spectabit
541 1743 573 1775 in
600 1742 751 1781 futurum,
778 1742 810 1775 in
836 1743 987 1776 omnibus
1014 1749 1045 1776 ct

304 1806 364 1839 per
389 1795 499 1829 omnia
528 1796 762 1829 inviolabiliter
795 1801 826 1829 et
850 1796 1044 1830 inconcusse

305 1848 488 1888 observari,
507 1848 617 1891 sicque
640 1858 698 1891 per
722 1859 946 1892 quoscumque
966 1850 1046 1883 iudi-

305 1911 358 1934 ces
378 1900 562 1934 ordinarios
590 1906 620 1934 et
645 1901 823 1944 delegatos,
850 1902 970 1946 ubique
997 1903 1045 1935 iu-

306 1953 404 1987 dicari
432 1961 463 1987 et
488 1953 614 1987 definiri
641 1954 773 1994 debere,
798 1955 922 1988 sublata
948 1955 993 1988 eis
1016 1962 1047 1989 et

306 2018 418 2041 eorum
435 2007 570 2041 cuilibet
587 2008 699 2051 quavis
718 2008 812 2041 aliter
831 2008 996 2043 iudicandi
1016 2015 1047 2042 et

304 2061 542 2104 interpretandi
561 2061 712 2094 facultate
730 2067 762 2094 et
779 2062 970 2095 auctoritate
983 2089 990 2103 ‚
1010 2073 1046 2096 ac

305 2115 432 2148 irritum
450 2120 480 2147 et
501 2115 597 2148 inane
619 2125 691 2149 esse
718 2115 743 2147 si
767 2125 861 2148 secus
880 2126 978 2159 super
996 2116 1047 2149 his

306 2179 323 2201 a
344 2178 519 2211 quoquam,
546 2168 655 2211 quavis
677 2168 881 2209 auctoritate,
906 2170 1047 2203 scienter

306 2222 356 2254 vel
377 2221 579 2264 ignoranter,
600 2222 773 2264 eontigerit
792 2223 956 2255 attentari.
976 2222 1046 2256 Non

307 2272 509 2306 obstantibus
545 2274 756 2317 praemissis,
794 2275 976 2318 ceterisque
1014 2277 1046 2309 in

309 2327 505 2359 contrarium
533 2327 725 2360 facientibus
751 2328 1022 2372 quibuscumque.

353 2377 368 2420 g
400 2377 431 2410 5.
462 2379 614 2412 Volumus
648 2385 757 2412 autern
794 2385 830 2412 ut
861 2382 1047 2414 earumdem

309 2427 530 2472 praesentium
543 2432 723 2465 litterarum
737 2435 955 2477 transumptis,
972 2434 1046 2468 etc.¹

352 2482 465 2515 Datum
489 2483 617 2525 Romae,
633 2486 718 2528 apud
744 2486 777 2520 S.
803 2487 931 2520 Mariam
951 2487 1047 2521 Maio-

309 2545 387 2575 rem,
407 2535 466 2567 sub
484 2537 602 2569 annulo
621 2537 804 2579 piscatoris,
823 2540 874 2574 die
899 2550 975 2575 xvln
990 2551 1047 2574 no·

344 2599 355 2625 1
378 2596 491 2633 Reliqua
506 2596 538 2625 de
554 2605 627 2626 more
643 2598 720 2628 solito
735 2600 774 2636 (n.
790 2601 840 2636 τ.).

1084 254 1223 288 vembris
1266 264 1434 295 iimccxvi,
1474 255 1679 298 pontificatus
1720 255 1822 289 nostri

1085 319 1170 342 anno
1195 319 1259 342 xvi.

1120 371 1178 399 Dat.
1195 371 1239 398 die
1258 372 1289 399 18
1306 370 1462 399 novembris
1480 371 1557 405 1716,
1576 371 1674 406 pontis.
1687 379 1757 398 anno
1770 379 1822 398 xri.

1358 514 1552 548 CCXXXVH.

1087 594 1310 636 Confirmatio*
1352 594 1515 627 decretum
1558 593 1826 637 Conyreyationis

1129 647 1349 689 episcoporum
1367 651 1394 678 et
1409 646 1616 689 reyularium
1640 646 1826 688 approbans

1127 699 1288 731 decretum
1313 698 1454 741 capituli
1477 699 1622 741 fratrum
1647 699 1826 731 Praedica-

1130 755 1236 784 torum
1270 751 1458 794 provinciae
1498 749 1708 793 Portugyalt'ae
1731 760 1827 793 super

1127 804 1351 837 immoderatis
1390 804 1537 846 eoepensis
1568 804 1642 845 fieri
1676 803 1783 836 solitis
1806 814 1827 835 a

1128 857 1324 890 monialibus
1350 857 1383 888 in
1409 867 1524 889 earum
1548 856 1697 899 officiis'.

1303 937 1437 964 Clemens
1458 937 1535 970 Papa
1554 937 1603 970 xl,

1225 981 1261 1008 ad
1281 981 1415 1008 futuram
1434 981 1479 1008 rei
1500 981 1682 1008 memoriam.

1129 1053 1143 1096 ξ
1161 1052 1191 1086 1.
1211 1052 1330 1095 Nuper,
1346 1062 1405 1095 pro
1423 1057 1513 1095 parte
1533 1052 1726 1085 dilectorum
1745 1052 1826 1087 fitio-

1084 1116 1154 1138 rum
1171 1106 1329 1138 Dominici
1355 1115 1372 1137 a
1398 1105 1428 1138 S.
1449 1105 1573 1138 Tlioma
1590 1105 1701 1138 vicarii
1727 1116 1825 1148 gene-

1086 1159 1161 1192 ralis
1186 1164 1217 1191 et
1242 1157 1447 1191 definitorum
1482 1158 1615 1201 capituli
1640 1159 1824 1201 provinciae

1085 1211 1307 1253 Portugalliae
1337 1210 1464 1243 Ordinis
1500 1211 1631 1244 fratrum
1658 1211 1827 1244 Praedica-

1086 1270 1205 1304 torum,
1232 1263 1482 1307 Congregationi
1507 1265 1740 1298 venerabilium
1766 1265 1827 1298 sra-

1086 1323 1168 1350 trum
1186 1322 1370 1350 nostrorum
1389 1316 1420 1349 S.
1440 1317 1474 1350 R.
1493 1317 1528 1349 Ε.
1549 1317 1762 1350 cardinalium
1776 1328 1828 1351 ne-

1087 1370 1183 1413 gotiis
1210 1376 1241 1402 et
1267 1369 1563 1403 consultationibus
1598 1370 1829 1414 episcoporum

1086 1429 1118 1457 et
1131 1423 1327 1466 regularium
1339 1423 1543 1467 praepositae
1559 1424 1716 1467 exposito,
1730 1425 1828 1468 quod,

1087 1486 1158 1510 cum
1173 1476 1234 1520 ipsi
1252 1482 1377 1510 mature
1396 1477 1663 1510 considerassent
1677 1477 1828 1510 damnum

1087 1540 1122 1563 ac
1147 1530 1346 1570 scandalum,
1374 1530 1461 1573 quod
1488 1540 1526 1563 ex
1552 1531 1647 1563 causa
1671 1530 1830 1564 immode-

1087 1588 1230 1615 ratarum
1248 1592 1473 1626 expensarum,
1492 1594 1574 1627 quae
1593 1594 1653 1627 per
1669 1583 1829 1617 moniales

1087 1636 1231 1669 eiusdem
1246 1636 1375 1670 Ordinis
1395 1637 1427 1669 in
1446 1637 1589 1680 ipsarum
1604 1637 1729 1677 officiis,
1742 1639 1829 1671 ultra

1088 1689 1118 1722 id
1138 1689 1183 1722 eis
1208 1689 1418 1732 permissum,
1435 1689 1504 1722 fieri
1526 1690 1684 1729 solebant,
1705 1690 1830 1723 orieba-

1089 1748 1161 1783 tur,
1192 1742 1226 1774 in
1258 1753 1370 1776 eorum
1404 1743 1546 1786 capitulo
1578 1754 1663 1776 anno
1688 1753 1830 1777 iinccxiv

1088 1795 1251 1829 celebrato
1276 1796 1531 1839 prohibuerant,
1557 1796 1617 1828 sub
1643 1799 1751 1839 poena
1777 1807 1830 1829 ex-

1089 1849 1391 1882 communicationis
1425 1849 1555 1882 maioris
1586 1850 1625 1882 ab
1651 1849 1730 1892 ipsis
1754 1861 1830 1883 mo—

1089 1900 1229 1933 nialibus
1256 1900 1461 1941 incurrentia,
1484 1911 1523 1934 ne
1549 1900 1640 1943 ipsae
1666 1902 1737 1944 plus
1763 1901 1829 1942 i110,

1089 1954 1176 1996 quod
1200 1964 1261 1997 per
1292 1964 1346 1987 eas
1373 1954 1405 1986 in
1431 1954 1623 1987 eorumdem
1650 1953 1830 1988 officiorum

1090 2006 1254 2047 exercitio,
1270 2011 1405 2050 excepto
1425 2012 1530 2039 tamen
1548 2006 1604 2040 illo
1624 2007 1829 2048 sacristanae,

1090 2059 1195 2102 quoad
1214 2069 1373 2103 expensas
1396 2059 1435 2092 ad
1453 2061 1574 2093 cultum
1593 2060 1734 2094 divinum
1755 2071 1830 2104 spe-

1090 2118 1225 2155 ctantes,
1244 2113 1357 2156 viginti
1376 2113 1414 2146 ab
1433 2113 1522 2147 illinc
1542 2114 1634 2147 annis
1660 2114 1830 2158 impende-

1089 2167 1193 2207 batur,
1220 2173 1402 2210 erogarent,
1422 2173 1453 2201 et
1478 2168 1566 2208 alias,
1592 2174 1691 2212 prout
1716 2168 1749 2201 in
1775 2169 1830 2202 de·

1090 2226 1178 2254 creto
1200 2221 1276 2254 dicti
1298 2221 1442 2265 capituli,
1462 2222 1500 2254 ab
1522 2221 1639 2255 iisdem
1666 2232 1831 2265 exponen-

1127 2338 1138 2362 1
1161 2335 1320 2363 Innocentiii
1339 2335 1374 2362 Xl
1395 2335 1502 2363 constit.
1529 2335 1593 2363 edit.
1614 2342 1767 2370 MDCLxxxv,
1788 2336 1832 2364 die

1089 2379 1124 2407 ⁵22
1144 2379 1283 2412 februarii⁷
1305 2379 1399 2415 pontis.
1417 2386 1450 2412 lx,
1472 2380 1648 2407 confirmatae
1668 2380 1744 2407 fuere
1765 2389 1830 2407 con-

1089 2425 1242 2451 stitutiones
1261 2424 1420 2450 monialium
1447 2424 1655 2451 recollectarum
1675 2424 1718 2451 SS.
1740 2425 1830 2451 Triui-

1089 2462 1152 2495 ta'tis
1167 2468 1193 2494 in
1210 2468 1351 2503 Hispani&
1368 2472 1394 2495 et
1408 2468 1549 2495 Benedicti
1564 2468 1622 2495 XIII
1638 2469 1746 2495 constit.
1764 2468 1829 2495 edit.

1088 2518 1253 2546 unccxxwu,
1276 2513 1319 2538 die
1338 2519 1381 2539 Xix
1403 2513 1576 2548 septembris,
1597 2512 1692 2547 pontif.
1714 2519 1750 2545 iv,
1767 2521 1830 2547 pro·

1089 2556 1218 2583 hibentur
1245 2556 1410 2584 monialibus
1438 2557 1467 2584 S.
1488 2556 1670 2591 Radegundae
1698 2556 1830 2584 Mediola-

1091 2601 1181 2629 nensis
1202 2602 1296 2630 musici
1318 2605 1467 2630 concentus
1487 2601 1604 2637 figurati.

1717 198 1779 232 743
1826 206 1876 233 An.
1895 206 1923 232 c.
1948 206 2016 233 1716

1922 1059 2019 1085 Epiiome

1836 1083 1915 1106 decreti
1940 1087 2020 1110 capitu-

1835 1111 1849 1132 li
1885 1113 2020 1137 provincialis

1835 1144 1923 1159 mvcenr
1965 1139 2021 1159 ccle-

1835 1165 1898 1186 braii.
