2269 3203
244 235 296 263 An.
317 235 346 263 c.
364 235 427 262 1711
477 226 542 260 4⁶22>

265 2416 385 2441 clausulae.

437 338 537 371 robur
565 344 596 371 et
620 339 815 382 praesidium
843 341 1058 383 adiungimus,
1085 352 1119 374 ac
1140 352 1174 374 0-

438 402 528 424 mnes
554 397 584 425 ct
610 393 756 435 singulos
782 393 859 426 iuris
879 399 910 426 et
930 394 1001 426 sacti
1021 394 1174 435 desectus,

438 445 463 477 si
490 445 543 488 qui
571 446 709 490 desuper
726 446 975 489 quomodolibet
991 447 1176 480 intervene-

437 498 510 538 rint,
537 499 736 542 supplemus.
757 499 937 539 Praeterea,
951 505 1054 540 motu,
1073 500 1175 533 scien-

438 550 491 591 tia,
519 551 757 584 deliberatione
783 556 813 585 et
838 552 1010 595 potestatis
1036 552 1175 596 plenitu-

437 603 511 636 dine
545 604 716 644 similibus,
743 605 849 638 omnia
877 611 905 639 et
932 606 1067 649 singula,
1094 617 1174 650 quae

436 655 468 688 in
495 657 600 689 edicto
627 667 682 689 seu
717 657 846 691 decreto
872 659 1051 701 praedicto,
1077 669 1175 702 super

436 708 567 741 licentia
593 708 667 741 dicti
701 709 807 743 Caroli
833 710 975 744 Tbomae
1001 711 1174 744 cardinalis

435 761 648 794 commissarii
674 768 706 795 et
731 762 903 795 visitatoris
937 763 1097 806 generalis
1134 764 1174 796 ab

434 813 484 854 iis,
512 814 566 857 qui
603 814 775 848 missiones
812 816 934 849 Sinicas
972 817 1174 860 supradictas

434 866 574 910 ingredi,
597 869 661 901 sive
688 869 719 901 in
747 869 793 902 eis
825 869 1023 903 missionarii
1057 881 1173 903 munus

435 931 587 954 exercere
611 923 731 963 volunt,
750 923 945 966 requirenda
971 929 1003 956 et
1028 924 1175 957 obtinen-

434 974 484 1014 da,
509 975 592 1008 sicut
615 975 845 1020 praemittitur,
864 981 982 1009 statuta
1003 982 1035 1010 et
1052 977 1174 1010 sancita

434 1027 573 1069 suerunt,
600 1029 785 1069 earumdem
812 1035 926 1062 tenore
952 1031 1172 1073 praesentium

433 1081 476 1114 ita
494 1082 699 1115 extendimus
716 1093 751 1115 ac
770 1083 947 1126 respective
963 1084 1172 1125 declaramus,

434 1140 467 1166 ut
503 1145 567 1168 non
604 1136 700 1168 modo
733 1136 838 1179 quoad
873 1136 980 1179 ipsum
1023 1137 1172 1170 Carolum

432 1187 586 1221 Tbomam
624 1189 822 1222 cardinalem
860 1190 1117 1223 commissarium
1143 1197 1173 1224 et

434 1241 630 1275 visitatorem
651 1243 836 1285 generalem
858 1254 1026 1287 quousque
1051 1244 1082 1277 in
1110 1244 1172 1278 illis

432 1295 576 1338 partibus
602 1296 828 1339 permanserit,
861 1297 918 1330 sed
945 1297 1039 1330 etiam
1067 1299 1170 1341 quoad

433 1349 524 1389 alios,
551 1349 603 1393 qui
630 1349 658 1382 ei
685 1360 817 1382 munere
835 1350 1046 1383 commissarii
1075 1357 1106 1384 et
1129 1352 1173 1384 vi-

433 1401 576 1435 sitatoris
603 1402 764 1445 generalis
790 1403 978 1436 huiusmodi
1009 1415 1067 1447 pro
1095 1410 1173 1438 tem-

432 1466 511 1499 pore
538 1456 725 1497 succedent,
752 1457 859 1489 locum
886 1462 917 1490 et
948 1457 1106 1499 effectum,
1133 1459 1170 1491 ad

432 1515 576 1542 nostrum
610 1514 641 1541 et
673 1509 764 1542 Sedis
790 1510 996 1553 Apostolicae
1021 1511 1172 1555 benepla-

433 1562 541 1602 citum,
560 1562 681 1595 babere
701 1562 859 1603 debeant;
880 1563 964 1596 dicta
985 1574 1061 1597 vero
1076 1564 1173 1597 licen-

433 1615 496 1655 tia,
534 1616 597 1648 sive
634 1626 650 1647 a
687 1616 856 1658 praedicto
895 1616 1009 1649 Carolo
1047 1617 1194 1652 Thema,>

432 1667 588 1700 cardinali
624 1668 727 1701 aliove
760 1669 983 1701 commissario
1010 1676 1037 1701 et
1065 1671 1172 1703 visita-

432 1727 501 1754 tore
535 1721 679 1763 generali
715 1723 901 1755 earumdem
926 1724 1077 1766 partium,
1106 1724 1170 1756 sire

432 1785 449 1807 a
473 1775 624 1817 personis
650 1785 708 1818 per
733 1785 789 1808 eos
816 1781 999 1819 opportune
1021 1776 1171 1810 subdele-

432 1829 555 1871 gandis,
582 1833 616 1861 ut
640 1829 831 1871 praefertur,
854 1829 969 1870 danda,
995 1840 1060 1863 non
1093 1831 1171 1863 alias

431 1881 638 1914 concedenda
663 1881 718 1923 sit,
739 1882 798 1914 nisi
817 1883 970 1925 praestito
995 1883 1085 1926 prius
1112 1894 1171 1927 per

431 1945 496 1975 ρος,
519 1935 634 1978 quibus
659 1936 865 1976 concedetur,
892 1936 1105 1970 iuramentum
1132 1938 1170 1970 de

432 1993 541 2020 exacte
559 1988 764 2022 observando
784 1989 918 2023 decreto
937 2001 1036 2034 super
1054 1991 1170 2024 ritibus

433 2050 489 2073 seu
509 2041 724 2074 caeremoniis
742 2041 852 2075 sinicis
875 2042 925 2075 die
950 2053 1007 2076 xxv
1032 2049 1171 2087 septem-

431 2093 498 2126 bris
525 2095 599 2127 anni
626 2096 772 2138 proxime
797 2096 898 2140 elapsi
933 2107 949 2129 a
980 2097 1073 2131 nobis
1100 2108 1171 2141 pro-

432 2147 597 2190 mulgat03
626 2148 737 2191 quovis
772 2150 1049 2190 contrafaciendi,
1076 2150 1169 2183 etiam

432 2206 622 2243 praetensae
649 2206 680 2233 et
706 2212 721 2233 a
747 2202 842 2235 nobis
869 2203 1067 2246 improbatae
1094 2214 1171 2237 con-

433 2253 656 2287 ditionalitatis
690 2254 809 2287 decreti
843 2256 1040 2297 huiusmodi,
1066 2257 1169 2290 aliove

433 2306 580 2350 quaesito
606 2308 714 2340 colore
750 2319 806 2341 seu
832 2314 1012 2352 praetextu,
1039 2309 1169 2352 penitus

432 2360 554 2393 reiecto
579 2365 673 2403 atque
698 2361 838 2394 sublato.

477 2412 492 2456 ἓ
515 2412 547 2446 3.
575 2412 808 2454 Decernentes,
827 2415 955 2447 easdem
980 2420 1170 2457 praesentes

432 2466 557 2499 litteras
585 2467 664 2500 etin
687 2467 733 2499 eis
758 2472 911 2500 contenta
935 2477 1171 2511 quaecumque,

433 2519 529 2552 etiarn
556 2530 591 2553 ex
619 2530 656 2553 eo
682 2520 769 2563 quod
788 2519 934 2563 quilibet,
953 2520 1048 2552 etiam
1067 2520 1169 2553 cuius-

432 2572 479 2606 vis
505 2578 612 2613 status,
632 2572 761 2616 gradus,
789 2572 922 2614 ordinis,
948 2573 1173 2616 praeeminen-

434 2627 494 2659 tiae
525 2631 557 2660 et
586 2626 769 2670 dignitatis,
801 2637 856 2659 seu
887 2627 948 2659 :ilia
978 2626 1110 2669 speciali
1142 2631 1173 2659 et

1016 238 1196 264 pristimum
1220 239 1376 265 nouantur

436 285 670 329 irrefragabilis
695 287 896 330 apostolicae
927 287 1083 321 firmitatis
1103 289 1174 329 vim,
1195 289 1198 304 ¹

1218 289 1382 323 individua
1406 290 1568 323 mentione
1587 294 1619 323 et
1636 289 1956 333 expressionedigni,

1218 342 1249 375 in
1268 342 1452 386 praemissis
1470 343 1630 376 interesse
1649 343 1808 376 habentes
1826 353 1880 376 seu
1899 342 1954 387 1¹²¹?

1218 395 1296 428 bere
1322 396 1568 439 quomodolibet
1603 395 1868 440 praetendentes,
1894 395 1957 428 illis

1218 458 1282 481 uon
1309 449 1549 490 consenserint,
1571 459 1631 481 nec
1656 448 1694 481 ad
1720 459 1757 481 ea
1779 448 1892 489 vocati,
1913 448 1956 481 ci-

1217 501 1272 533 tati
1306 506 1336 534 et
1371 502 1490 542 auditi,
1530 512 1635 545 neque
1672 512 1794 542 causae,
1820 506 1957 545 propter

1218 565 1298 598 quas
1327 561 1516 597 praesentes
1544 555 1735 596 emanarint,
1761 554 1958 587 sufficienter

1217 607 1386 648 adductae,
1413 608 1595 641 verificatae
1621 614 1652 641 et
1676 607 1864 641 iustificatae
1890 607 1958 641 sue-

1217 661 1300 701 rint,
1328 667 1382 694 aut
1413 672 1449 694 ex
1483 662 1545 694 alia
1577 661 1721 705 qualibet
1753 661 1957 705 quantumvis

1217 714 1308 754 iusta,
1340 714 1485 754 iuridica,
1516 714 1671 758 legitima,
1701 715 1753 758 pia
1778 719 1809 748 et
1833 714 1958 759 privile-

1217 767 1302 810 giata
1339 767 1441 808 causa,
1474 769 1603 809 colore,
1637 773 1807 811 praetextu
1844 772 1875 801 et
1906 778 1957 801 ca-

1216 820 1295 863 pite,
1313 821 1407 854 etiam
1427 821 1458 854 in
1474 831 1608 865 corpore
1628 821 1706 854 iuris
1722 821 1841 862 clauso,
1860 821 1956 855 etiam

1217 873 1372 915 enormis,
1396 874 1638 907 enormissimae
1657 880 1688 908 et
1708 874 1815 908 totalis
1840 874 1957 908 laesio-

1217 926 1277 967 nis,
1292 928 1381 960 nullo
1396 937 1536 970 unquam
1557 933 1703 971 tempore
1723 928 1761 961 de
1779 927 1957 971 subreptio-

1217 980 1266 1012 nis
1292 981 1340 1013 vel
1366 980 1569 1023 obreptionis
1595 986 1649 1014 aut
1674 980 1831 1013 nullitatis
1857 980 1955 1021 vitio,

1217 1044 1272 1066 seu
1306 1033 1498 1066 intentionis
1531 1039 1682 1074 nostrae,
1714 1034 1763 1066 vel
1799 1033 1956 1066 interesse

1217 1086 1409 1118 habentium
1446 1088 1648 1128 consensus,
1682 1086 1784 1119 aliove
1810 1085 1957 1129 quolibet

1217 1139 1312 1172 etiam
1343 1140 1549 1182 quantumvis
1571 1150 1688 1182 magno
1714 1145 1746 1173 et
1770 1139 1895 1172 formali
1920 1149 1956 1172 ac

1216 1192 1419 1225 substantiali
1445 1198 1476 1225 et
1499 1192 1674 1235 incogitato
1700 1191 1956 1235 inexcogitabili-

1217 1255 1278 1288 que
1304 1246 1429 1278 defectu
1456 1246 1572 1286 notari,
1595 1246 1792 1289 impugnari,
1813 1245 1954 1288 infringi,

1216 1299 1395 1339 retractari,
1422 1299 1564 1339 limitari,
1592 1298 1781 1338 modificari,
1815 1299 1848 1331 in
1880 1309 1957 1332 con-

1217 1352 1404 1385 troversiam
1423 1352 1542 1392 vocari,
1559 1358 1612 1384 aut
1637 1352 1675 1385 ad
1698 1352 1853 1385 terminos
1878 1352 1956 1385 iuris

1215 1405 1400 1446 reduci,seu
1420 1405 1570 1438 adversus
1589 1405 1659 1438 illas
1679 1405 1866 1448 aperitionis
1879 1405 1955 1446 oris,

1215 1459 1432 1492 restitutionis
1460 1458 1489 1490 in
1513 1459 1684 1501 integrum,
1707 1458 1834 1491 aliudve
1856 1458 1956 1502 quod-

1215 1522 1351 1555 cumque
1367 1511 1452 1551 iuris,
1471 1511 1603 1553 gratiae,
1617 1512 1666 1545 vel
1685 1512 1757 1544 facti
1775 1511 1955 1545 remedium

1214 1565 1368 1598 intentari
1395 1565 1442 1597 vel
1472 1564 1651 1607 impetrari,
1684 1575 1741 1597 seu
1773 1564 1953 1608 impetrato,

1216 1619 1377 1651 autetiam
1391 1623 1490 1657 motu,
1505 1617 1638 1650 scientia
1659 1623 1689 1650 et
1703 1618 1872 1661 potestatis
1887 1618 1956 1661 ple-

1215 1672 1363 1704 nitudine
1378 1671 1536 1704 similibus
1555 1680 1711 1704 concesso
1726 1672 1776 1704 vel
1794 1676 1954 1711 emanato‚

1216 1724 1401 1767 quempiam
1423 1724 1454 1756 in
1481 1723 1602 1756 iudicio
1619 1724 1668 1756 vel
1696 1729 1784 1756 extra
1802 1724 1882 1757 illud
1909 1724 1955 1756 uti

1215 1788 1272 1811 seu
1292 1788 1325 1810 se
1344 1777 1452 1810 iuvare
1471 1777 1537 1810 ullo
1556 1777 1653 1810 modo
1668 1787 1782 1820 posse;
1797 1777 1853 1810 sed
1870 1777 1956 1820 ipsas

1215 1836 1402 1874 praesentes
1424 1830 1548 1863 litteras
1579 1840 1711 1873 semper
1735 1830 1853 1870 firmas,
1878 1830 1956 1863 vali-

1215 1884 1271 1917 das
1293 1889 1324 1916 et
1345 1884 1490 1916 efficaces
1509 1883 1644 1916 existere
1662 1888 1694 1916 et
1711 1883 1787 1923 sore,
1814 1893 1955 1927 suosque

1214 1936 1380 1980 plenarios
1406 1941 1437 1968 et
1459 1935 1606 1978 integros
1631 1934 1762 1968 effectus
1787 1935 1896 1969 sortiri
1925 1941 1957 1968 et

1214 1989 1374 2028 obtinere,
1389 1999 1423 2022 ac
1449 1990 1487 2021 ab
1513 1989 1589 2028 illis,
1610 1989 1648 2021 ad
1675 1999 1756 2032 quos
1781 1993 1907 2032 spectat
1925 1994 1956 2022 et

1214 2054 1273 2086 pro
1301 2049 1448 2086 tempore
1474 2042 1745 2086 quandocumque
1773 2042 1954 2085 spectabit,

1214 2095 1245 2128 in
1273 2096 1424 2129 omnibus
1451 2101 1483 2128 et
1506 2105 1567 2138 per
1592 2095 1700 2128 omnia
1725 2094 1957 2128 inviolabiliter

1215 2154 1246 2182 et
1270 2150 1461 2182 inconcusse
1487 2148 1670 2188 observari,
1690 2148 1801 2192 sicque
1820 2147 1849 2180 in
1868 2157 1956 2191 prae-

1214 2202 1320 2235 missis
1346 2212 1404 2245 per
1429 2211 1651 2245 quoscumque
1680 2201 1803 2234 iudices
1827 2200 1955 2233 ordina-

1214 2255 1279 2288 rios
1297 2261 1329 2287 et
1353 2255 1534 2297 delegatos,
1553 2254 1650 2287 etiam
1675 2263 1845 2286 causarum
1870 2254 1956 2297 pala·

1216 2308 1248 2340 tii
1266 2308 1436 2351 apostolici
1454 2308 1633 2347 auditores,
1656 2317 1691 2340 ac
1716 2306 1843 2339 S.R.E.
1863 2318 1956 2350 prae-

1216 2361 1318 2393 dictae
1340 2360 1532 2398 cardinales,
1548 2359 1644 2391 etiam
1659 2360 1697 2392 de
1716 2360 1814 2392 latere
1832 2361 1955 2403 legatos

1215 2418 1247 2445 et
1271 2413 1375 2446 dictae
1400 2413 1491 2445 Sedis
1520 2413 1673 2453 nuncios,
1703 2413 1831 2446 sublata
1854 2413 1900 2446 eis
1925 2418 1956 2446 et

1215 2476 1327 2498 eorum
1353 2465 1486 2498 cuilibet
1515 2466 1627 2508 quavis
1664 2466 1759 2499 aliter
1791 2466 1955 2499 iudicandi

1216 2524 1247 2552 et
1271 2519 1509 2562 interpretandi
1528 2519 1679 2552 facultate
1703 2524 1734 2552 et
1752 2519 1952 2559 auctoritate,

1214 2572 1350 2604 iudicari
1376 2577 1407 2603 et
1430 2571 1555 2604 deliniri
1588 2572 1733 2613 debere;
1761 2582 1798 2604 ac
1826 2572 1954 2604 irritum

1215 2632 1245 2658 et
1263 2625 1358 2658 inane
1383 2625 1407 2657 si
1430 2635 1522 2658 secus
1549 2635 1648 2669 super
1674 2625 1722 2657 bis
1742 2635 1758 2657 a
1776 2635 1951 2670 quoquam,

1965 241 2015 269 An.
2035 241 2064 269 C.
2081 241 2144 270 1711
