2269 3203
101 218 150 247 An.
166 217 194 246 C.
217 217 280 245 1711

919 217 1059 242 CLEMENS
1085 217 1118 241 Χῐ
1144 218 1191 242 PP-

295 276 413 307 sumus,
428 267 638 310 omniumque
659 266 868 299 ecclesiarum
891 271 922 299 et
946 266 1030 298 cliri-

295 319 481 352 stitidelinm
495 329 602 352 curam
615 324 646 351 et
658 319 909 352 sollicitudinem
924 318 1030 351 divina

296 371 507 415 dispositione
533 372 694 414 gerimus,
727 378 788 405 tam
823 372 973 415 gravibus
1000 377 1029 404 ct

295 424 493 457 scandalosis
506 424 680 457 saecularis
694 425 861 467 potestatis
878 424 1030 457 abusibus

295 487 329 509 ac
350 477 528 510 animarum
563 477 727 520 perieulis,
755 484 910 520 quantum
937 477 1031 510 nobis

295 540 330 562 ex
353 530 417 562 alto
443 529 640 569 conceditur,
662 541 834 563 occurrere
852 530 1031 573 cupientes,

293 592 421 615 necnon
443 582 585 616 omnium
612 588 643 616 et
667 583 869 625 singulorum
890 583 919 615 in
942 593 1032 625 prae-

294 635 412 675 missis,
432 646 488 669 seu
511 636 595 669 circa
622 637 808 680 praemissa,
829 643 890 669 tam
911 647 926 668 a
944 636 1030 668 ‹lu-to

294 698 411 731 magno
436 689 570 722 consilio
586 689 767 729 Varsaviae,
787 699 881 732 quam
902 689 940 721 ab
962 688 1031 721 aliis

293 742 550 786 quibuscumque
572 742 818 786 quomodolibet
835 748 981 775 actorum
1000 747 1031 774 et

293 801 460 838 gestorum
486 796 615 836 seriem,
638 806 747 829 causas
772 801 804 828 et
828 796 1028 836 occasiones,

293 849 420 892 aliaque
453 849 617 893 quaelibet
634 877 641 889 ‚
666 850 759 882 etiam
791 849 974 893 specificam
1001 855 1032 882 et

292 901 491 935 individuam
507 902 705 936 mentionem
732 909 764 936 et
788 903 1029 946 expressionem

293 956 514 998 requirentia,
540 957 765 1000 praesentibus
790 967 850 1000 pro
876 958 973 999 plene
1000 962 1032 989 ct

293 1009 493 1043 sufficienter
518 1012 678 1053 expressis
710 1021 745 1042 ac
774 1011 974 1043 exactissime
1001 1017 1032 1043 et

292 1063 532 1095 accuratissime
547 1063 740 1106 specilicatis
759 1063 925 1102 habentes,
944 1068 1029 1096 motu

292 1115 437 1159 proprio,
458 1126 494 1148 ac
519 1126 556 1149 ex
582 1119 668 1149 certa
693 1117 826 1149 scientia
853 1123 883 1149 ct
907 1118 1030 1149 matura

1711 212 1775 245 435

1073 266 1293 307 praesentium
1319 267 1525 300 decernimus
1544 273 1575 301 et
1600 269 1808 308 declaramus,

1074 318 1228 362 illasque¹
1254 320 1444 353 damnamus
1469 326 1500 353 et
1525 321 1747 364 reprobamus.
1769 323 1812 354 Ae

1074 372 1298 412 nibilominus,
1318 373 1355 405 ad
1372 372 1528 406 maiorem
1548 379 1580 406 et
1599 373 1813 407 abundantio-

1074 434 1142 457 rem
1169 426 1353 466 cautelam,
1382 431 1413 459 et
1449 432 1607 469 quatenus
1642 438 1723 469 opus
1749 427 1810 466 sit,

1076 478 1130 510 illa
1147 478 1256 510 omnia
1282 484 1312 512 et
1330 479 1467 522 singula,
1487 485 1648 522 quatenus
1672 480 1710 513 dc
1731 480 1812 512 sacto

1076 538 1323 574 processerunt,
1346 543 1546 572 revocamus,
1574 544 1748 571 cassamus,
1772 534 1813 565 ir-

1075 584 1209 616 ritamus
1229 590 1260 618 et
1278 586 1496 625 annullamus,
1510 586 1698 630 viribusque
1720 592 1750 619 et
1771 588 1814 619 es-

1076 637 1159 669 sectu
1186 638 1244 680 (ita
1273 644 1307 670 ut
1332 639 1455 671 nullum
1481 649 1621 682 unquam
1649 639 1814 682 praeiudi-

1074 690 1158 722 cium
1185 690 1281 723 etiam
1308 691 1478 724 minimum
1506 692 1656 734 libertati,
1682 692 1814 725 iurisdi-

1074 743 1173 776 etioni
1211 750 1243 776 et
1267 744 1461 778 immunitati
1499 746 1740 779 ecclesiasticae
1766 746 1814 779 in-

1075 796 1157 829 ferre
1172 797 1219 830 vel
1238 797 1387 830 intulisse
1402 798 1474 837 dici,
1489 799 1624 839 censeri,
1640 799 1812 842 praetendi

1074 850 1122 882 vel
1150 849 1287 892 intelligi
1313 861 1444 894 quoquo
1471 852 1567 884 modo
1592 852 1732 895 possint)
1759 861 1815 895 pe-

1074 902 1159 935 nitus
1185 908 1217 936 et
1241 904 1374 936 omnino
1407 915 1580 937 vacuamus
1607 904 1638 936 in
1663 905 1814 938 omnibus

1074 961 1106 988 et
1131 967 1191 999 pcr
1216 958 1324 990 omnia
1357 958 1493 1001 perinde
1527 968 1562 990 ac
1597 958 1621 990 si
1648 969 1813 1003 nunqnam

1075 1009 1158 1042 sacta
1184 1010 1320 1043 l'nissent
1341 1022 1400 1044 nec
1418 1011 1611 1052 evenissent,
1631 1023 1736 1056 neque
1756 1023 1814 1045 un-

1073 1073 1168 1105 quam
1190 1062 1306 1095 sterent
1326 1074 1385 1096 noc
1411 1064 1590 1097 evenirent.

1117 1116 1131 1158 ἓ
1157 1115 1188 1148 3.
1216 1115 1371 1154 Quocirca
1392 1117 1632 1150 venerabilibus
1659 1118 1813 1151 fratribus

1821 221 1870 248 An.
1886 220 1914 248 C.
1938 221 2000 248 1711

1878 1129 2010 1156 Praecipuus

1824 1156 1932 1179 oninitius.
1970 1157 2008 1177 sul·

293 1168 528 1202 deliberatione
554 1169 682 1209 nostris,
702 1170 807 1213 deque
832 1171 1029 1213 apostolicae

292 1222 1028 1265 potestatisplenitudine,supradictadecreta,

292 1273 514 1308 ordinationes
541 1280 573 1308 et
597 1276 844 1308 constitutiones
869 1276 901 1307 in
927 1276 1031 1308 consi·

292 1326 335 1360 lio
352 1327 522 1361 Varsaviae
549 1328 646 1367 edita,
673 1339 800 1362 necnon
829 1335 931 1361 taxam
954 1339 1030 1361 one-

1074 1168 1150 1201 dicti
1188 1170 1279 1212 regni
1317 1170 1572 1214 archiepiscopis
1614 1177 1645 1203 et
1682 1171 1808 1214 cpisco-
1823 1185 1886 1202 cerus
1903 1184 1975 1207 poenis
1989 1187 2009 1203 ez

1073 1223 1133 1265 pis,
1152 1222 1212 1254 sul)
1233 1225 1339 1266 poena
1357 1224 1582 1266 suspensionis
1601 1226 1640 1257 ab
1655 1225 1810 1258 exercitio
1823 1214 2010 1265 iridisi¹t¹2⁵'ssic¹i¹1is

1074 1274 1309 1317 pontificalium
1336 1281 1369 1309 ct
1394 1277 1554 1309 interdicti
1590 1277 1629 1309 ab
1661 1277 1810 1320 ingressu
1824 1262 2010 1317 iv'e‘inriwaiiiifr‘ii’ne'rl

1074 1329 1244 1370 ecclesiae,
1262 1330 1479 1373 praecipimus
1498 1336 1529 1364 et
1554 1331 1754 1371 mandamus,
1769 1342 1809 1365 ne
1823 1316 2010 1386 sllffssssffl'a‘tlssi

291 1390 363 1412 rum
388 1380 613 1424 impositorum
638 1387 668 1414 ct
694 1382 895 1425 gabellarum
921 1382 960 1414 ab
983 1393 1030 1414 ec-

291 1433 479 1466 clesiasticis
498 1434 593 1467 etiam
614 1435 846 1468 solvendorum
872 1435 1030 1478 praescri-

292 1485 414 1530 ptam⁴,
445 1488 642 1531 illorumque
676 1487 876 1521 exactionem
913 1489 1029 1522 deinde

293 1540 504 1579 subsecutam,
519 1546 555 1573 ut
571 1541 763 1584 praefertur,
777 1542 903 1585 aliaque
922 1542 1030 1576 omnia

293 1599 322 1625 et
340 1593 466 1636 singula
494 1605 510 1626 a
537 1593 621 1626 dicto
647 1594 782 1628 consilio
806 1595 941 1638 aliisque
964 1596 1031 1638 qni-

292 1646 399 1679 busvis
424 1647 586 1690 personis,
612 1647 707 1680 etiam
733 1648 884 1691 specifica
902 1653 933 1681 et
954 1649 1031 1681 indi-

292 1699 384 1732 vidua
409 1699 575 1732 mentione
602 1700 708 1743 dignis
724 1727 731 1740 ,
762 1701 793 1733 in
820 1702 1029 1744 praemissis,

292 1763 348 1786 seu
381 1762 491 1785 eorum
528 1753 709 1790 occasione,
735 1753 765 1785 in
793 1754 1029 1797 praeiudicium

292 1805 472 1845 libertatis,
498 1806 708 1838 immunitatis
741 1812 773 1839 et
798 1807 1029 1841 iurisdictionis

292 1859 541 1899 ecclesiasticae,
556 1869 614 1902 per
632 1859 765 1892 abusum
783 1861 956 1893 saecularis
974 1871 1032 1904 po·

292 1911 416 1945 testatis
443 1912 716 1956 quandocumque
746 1918 777 1945 et
802 1913 1032 1956 qualitercum-

292 1975 354 2008 que
380 1970 460 2004 acta,
479 1970 570 2007 gesta
595 1965 755 2006 mandata,
775 1965 902 1998 decreta
929 1972 960 1999 et
980 1977 1032 1999 or-

292 2017 401 2050 dinata
415 2018 534 2058 forsan,
550 2023 581 2051 et
594 2018 703 2051 forsan
722 2020 753 2051 in
772 2019 913 2052 futurum
929 2019 1030 2062 (quod

290 2070 376 2104 Deus
394 2072 530 2114 avertat)
549 2071 685 2114 agenda,
704 2071 860 2112 facienda,
879 2073 1031 2114 gerenda,

290 2124 494 2164 mandanda,
528 2124 735 2158 decernenda
767 2130 798 2157 et
828 2125 1030 2166 ordinanda,

292 2186 364 2209 cum
391 2177 542 2210 omnibns
580 2183 611 2210 et
643 2177 782 2219 singulis
814 2177 889 2210 inde
917 2179 1032 2220 quovis

290 2230 389 2263 modo
414 2231 533 2263 secutis
552 2235 582 2263 et
608 2230 914 2274 quomodocumque
940 2242 1032 2264 secu-

294 2283 386 2324 turis,
406 2284 536 2326 penitus
555 2289 586 2316 et
611 2284 742 2317 omnino
760 2284 862 2323 nulla,
881 2283 1029 2324 invalida,

292 2335 410 2376 inania,
426 2335 529 2377 irrita,
548 2337 730 2376 temeraria,
745 2342 775 2369 et
792 2347 809 2369 a
827 2347 891 2369 non
908 2337 1031 2370 liaben-

293 2387 379 2420 tibus
399 2394 592 2431 potestatem
614 2389 844 2422 damnabiliter
862 2394 1028 2429 attentata,

295 2444 325 2472 et
351 2440 390 2473 de
415 2441 499 2474 sacto
523 2447 739 2485 praesumpta,
768 2442 955 2485 nulliusque
981 2453 1033 2475 ro-

294 2491 383 2524 boris
408 2498 440 2526 et
462 2495 616 2528 momenti
653 2500 684 2528 et
717 2495 879 2528 efficaciae
905 2505 974 2528 esse
1001 2500 1033 2527 et

295 2545 334 2578 ab
356 2545 449 2578 initio
466 2546 565 2579 fuisse
586 2557 622 2580 ac
642 2554 800 2590 perpetuo
818 2548 898 2588 sore,
920 2553 1031 2581 tenore

333 2610 340 2634 1
366 2606 435 2633 Edit,
453 2606 532 2634 Nlain.
554 2608 617 2643 legit
634 2610 816 2645 praescripta
834 2610 874 2640 (n.
894 2611 943 2644 Γ).

1074 1382 1216 1421 decreta,
1246 1383 1468 1416 ordinationes
1502 1389 1532 1416 et
1564 1373 1865 1418 constitutiones**‘

1074 1435 1257 1468 huiusmodi
1295 1437 1479 1469 executioni
1520 1437 1695 1477 mandari,
1737 1448 1811 1471 nec-

1073 1499 1137 1521 non
1158 1488 1276 1521 dictam
1294 1494 1398 1522 taxam
1414 1489 1519 1522 laicali
1535 1490 1728 1523 auctoritate
1741 1491 1812 1523 abs-

1073 1552 1135 1585 que
1167 1546 1279 1575 nostro
1319 1548 1350 1575 et
1382 1542 1487 1576 dictae
1523 1543 1614 1576 Sedis
1651 1554 1813 1576 consensu

1074 1600 1105 1627 et
1130 1596 1339 1638 beneplacito
1366 1596 1479 1629 saetam
1512 1596 1616 1639 exigi,
1643 1598 1811 1640 multoque

1073 1649 1180 1681 minus
1217 1650 1315 1682 ullam
1351 1660 1523 1693 personam
1557 1651 1813 1683 ecclesiasticam

1074 1701 1140 1734 sive
1155 1704 1355 1735 saecularem
1370 1703 1435 1736 sive
1450 1703 1633 1745 regularem
1649 1703 1686 1735 ad
1707 1704 1812 1736 sorum

1074 1756 1187 1788 laicale
1215 1756 1313 1795 trahi,
1347 1762 1377 1788 ct
1403 1757 1441 1788 ab
1477 1767 1513 1789 eo
1539 1757 1588 1789 vel
1616 1768 1631 1788 a
1659 1767 1814 1799 quocum-

1074 1819 1137 1851 que
1171 1809 1234 1841 alio
1271 1820 1366 1852 qnmn
1404 1810 1623 1842 ecclesiastico
1661 1810 1811 1842 tribunali

1074 1861 1206 1894 iudicari
1244 1867 1275 1894 et
1307 1862 1416 1905 puniri
1461 1862 1670 1906 permittant;
1710 1864 1814 1896 omni·

1074 1915 1134 1947 bus
1161 1925 1237 1948 vero
1264 1921 1296 1947 et
1321 1915 1455 1958 singulis
1488 1916 1559 1948 aliis
1589 1915 1735 1948 ciusdem
1765 1926 1814 1948 re-

1075 1967 1128 2010 gni
1161 1968 1313 2010 personis
1348 1968 1588 2007 ecclesiasticis,
1619 1973 1681 2000 tam
1706 1979 1814 2001 saecu-

1075 2020 1195 2052 laribus
1217 2030 1313 2062 quam
1329 2019 1546 2063 regularibus,
1564 2020 1595 2052 in
1613 2021 1728 2053 virtute
1747 2031 1813 2054 san-

1074 2078 1142 2105 ctae
1170 2073 1388 2112 obedientiae,
1407 2083 1441 2106 ac
1462 2074 1520 2106 sul)
1539 2074 1764 2116 suspensionis
1783 2079 1814 2105 et.

1075 2125 1423 2158 excommunicationis
1449 2125 1593 2166 maioris,
1609 2132 1640 2159 ct
1664 2127 1814 2169 privatio-

1074 2179 1123 2211 nis
1149 2179 1352 2221 dignitatum,
1379 2178 1567 2219 officiorum,
1586 2190 1759 2212 munerum
1781 2186 1813 2212 ct

1073 2231 1304 2264 beneficiorum
1343 2231 1636 2264 ecclesiastieorum
1668 2242 1726 2275 per
1759 2242 1813 2265 eos

1074 2285 1293 2324 obtentorum,
1319 2290 1562 2328 perpetuaeque
1599 2285 1813 2318 inhabilitatis

1074 2339 1111 2371 ad
1149 2338 1203 2370 illa
1245 2343 1276 2370 et
1302 2338 1364 2370 alia
1400 2338 1519 2371 similia
1555 2340 1603 2371 vel
1646 2338 1813 2371 dissimilia

1075 2400 1297 2432 quaecumque
1320 2389 1351 2422 in
1378 2396 1545 2433 posterum
1564 2390 1815 2434 quomodolibet

1074 2442 1272 2482 obtinenda,
1308 2444 1377 2486 ipso
1412 2444 1492 2476 sacto
1518 2445 1639 2487 absque
1666 2444 1726 2476 alia
1752 2444 1810 2476 de-

1074 2496 1251 2529 claratione
1277 2496 1484 2529 incurrendis
1510 2497 1641 2539 poenis,
1668 2496 1812 2528 districte

1075 2549 1286 2591 prohibemus
1308 2554 1338 2582 et
1363 2549 1600 2589 interdicimus,
1621 2559 1669 2588 ne,
1688 2548 1813 2591 praedi-

1113 2611 1120 2636 1
1146 2610 1239 2644 Aptius
1260 2610 1318 2645 lege
1342 2611 1449 2645 illaque
1470 2612 1507 2643 (fi.
1526 2612 1573 2637 T.l.
