2269 3203
467 189 529 222 770
1008 200 1188 224 nttmmrii

428 249 572 280 locorum
599 247 822 289 existentibus,
849 248 901 281 die
928 247 1010 281 sesto
1027 248 1057 280 S.
1073 247 1169 281 Scho-

427 301 578 342 lasticae,
604 301 725 335 sororis
752 301 898 335 eiusdem
923 300 954 334 S.
982 300 1166 341 Benedicti,

427 366 444 388 a
480 355 594 399 primis
630 356 775 399 vesperis
810 366 913 397 usquc
943 354 982 387 ad
1019 364 1166 387 occasum

427 408 505 442 solis
532 408 594 441 diei
622 409 819 447 huiusmodi,
838 408 929 440 annis
948 407 1094 450 singulis,
1113 407 1169 440 de-

427 468 500 496 vote
517 462 706 501 visitassent,
727 467 758 495 et
773 462 818 494 ibi
837 472 894 505 pro
913 460 1166 494 christianorum

426 515 610 559 principum
648 515 837 555 concordia,
866 515 1040 547 haeresum
1063 514 1167 556 [extir-

427 569 576 612 patione,
613 580 648 601 ac
685 573 814 601 sanctae
855 567 967 600 matris
1004 567 1166 600 Ecclesiae

427 623 618 655 exaltatione
654 622 721 665 pias
747 621 786 654 ad
811 621 911 654 Deum
943 630 1056 664 preces
1090 618 1168 653 effu-

428 676 561 715 dissent,
583 675 763 718 plenariam
791 675 933 707 omnium
961 679 1167 717 peccatorum

427 739 557 762 suorum
574 728 808 770 indulgentiam
825 734 855 761 et
870 727 1098 761 remissionem
1112 727 1168 759 mi-

428 782 640 815 sericorditer
654 782 685 814 in
698 781 834 815 Domino
848 781 1057 821 concesserit,
1070 786 1168 824 prout

428 835 460 867 in
486 835 587 878 ipsius
619 834 795 867 Clementis
828 833 1090 878 praedecessoris
1116 834 1168 867 lit-

393 933 396 935 ·
426 888 503 921 teris
531 888 581 921 die
607 900 657 921 xix
684 888 867 921 decembris
893 897 1033 922 uncini
1072 898 1168 931 expe-

428 942 513 982 ditis,
542 954 619 985 quas
647 944 813 986 perpetuis
832 942 948 975 futuris
967 942 1167 986 temporibus

425 998 531 1029 valere
558 997 679 1035 mluit,
706 996 837 1029 uberius
875 996 1082 1036 continetur·²
1111 1002 1163 1037 et,

426 1052 508 1083 sicut
533 1061 591 1093 pro
618 1055 708 1093 parte
727 1050 920 1082 dilectorum
940 1050 1079 1083 liliorum
1099 1061 1167 1084 mo-

426 1104 605 1136 nachorum
634 1103 903 1146 Congregationis
925 1103 1165 1137 Bursseldcnsis

427 1157 459 1189 in
485 1156 656 1189 Germania
680 1155 808 1189 Ordinis
833 1156 864 1189 S.
886 1155 1053 1189 Benedicti
1072 1157 1166 1190 nobis

425 1220 530 1253 nuper
556 1209 736 1252 expositum
774 1209 841 1249 suit,
867 1209 985 1242 festum
1021 1210 1167 1243 eiusdem

424 1264 452 1297 S
479 1263 710 1304 Scliolastieae,
746 1263 833 1307 qnod
871 1263 922 1296 die
959 1274 977 1296 x
1009 1263 1165 1297 februarii

425 1318 621 1355 celebratur,
640 1316 816 1359 aliquando
835 1317 867 1348 in
886 1316 1026 1360 aliquam
1053 1327 1089 1350 ex
1109 1317 1167 1350 do-

424 1371 549 1404 minicis
566 1371 631 1403 sive
650 1370 924 1413 Septmgesimae,
940 1370 1164 1413 Sexagesimae

425 1422 717 1466 Quinquagesimae
744 1428 775 1455 et
799 1422 1089 1465 Quadragcsimae,
1117 1424 1165 1456 vel

424 1477 457 1509 in
494 1477 578 1509 diem
620 1476 769 1508 Cinerum
808 1475 947 1516 incidat,
988 1478 1089 1519 eaque
1127 1476 1165 1510 de

425 1532 518 1562 causa
551 1529 581 1561 in
608 1529 707 1562 alium
744 1529 831 1561 diem
867 1529 1103 1570 transferatur,
1131 1540 1167 1563 ac

425 1588 602 1626 propterea
642 1582 717 1614 dicti
744 1587 944 1625 exponentes
981 1588 1166 1626 opportune

426 1647 525 1679 super
550 1637 610 1668 hoc
638 1647 654 1667 a
691 1635 784 1668 nobis
814 1635 979 1677 provideri
1006 1641 1035 1669 et
1061 1642 1094 1668 ut
1119 1636 1166 1669 in-

266 1696 378 1744 0‘3j¹.⁹'{?²‘¹0
394 1698 416 1717 1¹²
427 1691 474 1723 fra
494 1690 652 1732 indulgeri
674 1690 847 1733 plurimun]
866 1689 1072 1722 desiderent:
1095 1701 1163 1730 nos,

229 1730 248 1744 ω
264 1729 287 1743 m
306 1730 356 1744 Μ’
427 1744 615 1777 eorumdem
637 1743 869 1785 exponentium
887 1743 968 1775 votis
989 1743 1050 1775 hac
1070 1743 1102 1775 in
1121 1754 1163 1784 re,

234 197 282 225 An.
300 199 327 225 C.
354 199 418 226 Hl'Y

426 1803 579 1841 quantum
606 1807 677 1829 cuin
703 1795 839 1828 Domino
866 1806 1054 1839 possumus,
1081 1796 1165 1830 savo-

424 1851 570 1884 rahiliter
588 1860 731 1882 annuere
748 1850 905 1890 volentes,
922 1854 954 1881 et
974 1860 1086 1882 eorum
1105 1850 1166 1882 sin-

424 1906 552 1948 gulares
590 1914 747 1947 personas
781 1914 797 1935 a
823 1902 990 1946 quibusvis
1032 1913 1163 1936 excom-

423 1957 660 1996 municationis,
689 1956 914 1999 suspensionis
941 1962 972 1989 et
989 1957 1165 1997 interdicti,

424 2012 559 2054 aliisque
587 2010 816 2043 ecclesiasticis
845 2010 1026 2051 sententiis,
1051 2020 1165 2043 censu-

424 2065 467 2097 ris
489 2071 519 2097 et
545 2064 670 2107 poenis,
704 2074 720 2095 a
746 2063 816 2096 iure
846 2064 895 2096 vel
935 2064 974 2096 ab
1014 2063 1162 2105 homine,

425 2118 533 2161 quavis
559 2117 726 2150 occasione
754 2118 803 2150 vel
828 2119 923 2150 causa
948 2117 1030 2158 latis,
1049 2117 1075 2150 si
1094 2118 1165 2160 qui-

423 2173 483 2204 bus
517 2171 762 2213 quomodolibet
794 2171 969 2204 innodatae
1006 2170 1161 2212 existunt,

423 2225 463 2258 ad
489 2224 638 2258 ellectum
664 2224 883 2267 praesentium
906 2225 1069 2257 dumtaxat
1087 2234 1165 2257 con-

423 2278 634 2321 sequendum,
661 2278 776 2310 harum
802 2277 895 2311 serie.
906 2277 1113 2310 absolventes
1134 2283 1164 2310 et

424 2333 587 2365 absolutas
619 2331 687 2364 sore
711 2336 891 2371 censentes,
916 2330 1164 2374 supplicationi-

421 2386 482 2418 bus
520 2395 632 2417 eorum
670 2383 801 2416 nomine
838 2384 931 2417 nobis
968 2393 1066 2426 super
1102 2383 1164 2416 boc

424 2438 595 2472 humiliter
620 2437 777 2480 porrectis
804 2436 962 2476 inclinati,
994 2441 1029 2468 ut
1062 2447 1164 2479 quan-

425 2492 604 2534 documque
631 2495 844 2522 memoratum
871 2490 985 2522 festum
1011 2489 1041 2522 S.
1065 2489 1186 2529 Solio-l

423 2545 554 2578 lastieae
582 2554 619 2576 ex
646 2545 740 2576 causa
766 2544 975 2586 praenarrata
999 2542 1038 2575 ad
1065 2542 1163 2576 alium

1216 200 1370 224 nonmrn

1213 249 1299 289 dicti,
1327 249 1381 292 qui
1407 249 1545 293 aliquam
1573 261 1609 283 ex
1636 251 1780 285 ecclesiis
1804 253 1952 296 supradi-

1212 306 1279 335 ctae
1297 301 1564 346 Congregationis
1578 304 1829 345 Bursseldensis,
1847 315 1884 338 eo
1899 305 1950 339 die

1212 355 1249 387 ad
1271 366 1367 398 quem
1390 357 1557 390 translatio
1575 357 1768 391 huiusmodi
1788 358 1868 391 sacta
1885 358 1952 392 sue-

1212 408 1261 448 rit,
1289 409 1401 443 devote
1428 410 1550 453 pariter
1584 410 1795 453 visitaverint,
1829 416 1953 445 cetera-

1212 472 1273 504 que
1290 463 1399 496 omnia
1417 463 1448 495 in
1465 463 1582 497 litteris
1599 464 1776 508 praedictis
1794 465 1952 508 praescri-

1211 520 1265 557 pta
1297 515 1567 560 adimpleverint,
1597 517 1775 561 plenariam
1805 518 1950 551 omnium

1210 574 1423 612 peccatorum
1467 581 1601 604 suorum
1646 571 1880 615 indulgentiam
1921 575 1953 605 et

1212 621 1448 663 remissionem,
1468 635 1485 656 a
1506 625 1651 667 praefato
1674 624 1838 658 Clemente
1857 636 1952 670 prae-

1211 675 1384 709 decessore
1403 676 1483 709 sicut
1508 677 1728 720 praemittitur
1746 688 1949 722 concessam,

1211 734 1463 772 consequantur,
1481 730 1513 763 in
1535 731 1683 764 omnibus
1703 736 1735 764 et
1753 742 1811 775 per
1832 733 1951 774 omnia,

1212 781 1346 824 perinde
1372 793 1409 815 ac
1434 783 1457 815 si
1481 784 1660 826 praemissa
1688 785 1796 818 omnia
1821 785 1854 818 in
1879 787 1950 829 ipso

1212 836 1291 869 sesto
1316 846 1379 868 non
1407 838 1561 870 translato
1587 837 1863 881 adimplevissent,
1900 851 1952 873 au-

1211 888 1359 922 ctoritate
1374 890 1564 933 apostolica,
1583 897 1695 924 tenore
1716 893 1950 935 praesentium,

1211 941 1242 974 in
1259 948 1453 986 perpetuum
1467 944 1676 977 concedimus
1689 950 1721 978 et
1733 945 1949 989 indulgemus.

1254 996 1268 1038 g
1294 994 1325 1028 02.
1345 995 1415 1029 Non
1442 997 1659 1038 obstantibus,
1683 1002 1841 1040 quatenus
1867 1010 1949 1043 opus
1988 1009 2147 1032 Contrariorum

1211 1048 1268 1088 sit,
1294 1050 1404 1082 nostra
1436 1050 1474 1083 de
1506 1061 1572 1083 non
1599 1051 1818 1085 concedendis
1845 1037 2082 1086 indul-⁸¹“⁰³³²¹⁰'

1210 1101 1328 1143 gentiis
1360 1103 1399 1137 ad
1424 1103 1535 1144 instar,
1572 1104 1713 1149 aliisque
1748 1105 1953 1139 constitutio-

1211 1156 1305 1188 nibus
1324 1162 1354 1189 et
1383 1157 1648 1191 ordinationibus
1673 1159 1872 1202 apostoliciS‚
1899 1170 1952 1194 ce-

1211 1210 1353 1252 terisque
1376 1211 1546 1243 contrariis
1572 1211 1844 1256 quibuscumque.

1247 1262 1305 1305 ξῧ.
1319 1262 1473 1295 Volumus
1487 1269 1595 1296 autem
1611 1269 1645 1296 ut
1657 1266 1843 1298 earumdem
1860 1277 1951 1309 prae-

1209 1316 1349 1348 sentium
1371 1316 1554 1349 litterarum
1574 1318 1807 1361 tramsumptis,
1827 1319 1914 1352 etc.¹.

1252 1369 1367 1402 Datum
1393 1369 1523 1411 Romae,
1551 1371 1635 1413 apud
1665 1370 1696 1403 S.
1724 1371 1855 1405 Mariam
1886 1373 1952 1406 Ma-

1209 1422 1323 1463 iorem,
1356 1423 1414 1456 sub
1447 1425 1570 1457 annulo
1596 1423 1778 1465 piscatoris,
1804 1426 1855 1459 die
1877 1437 1950 1460 xxxl

1210 1475 1279 1509 iulii
1315 1485 1482 1517 nnccxvn‚
1517 1475 1726 1520 pontificatus
1761 1478 1863 1511 nostri
1898 1489 1952 1512 an-

1210 1540 1252 1563 no
1270 1540 1347 1564 xvii.

1244 1592 1304 1619 Dat.
1325 1591 1369 1620 die
1389 1592 1420 1620 31
1444 1592 1503 1619 iulii
1526 1593 1604 1627 1717,
1626 1592 1724 1628 pontif.
1745 1601 1817 1621 anno
1837 1599 1903 1621 xvu.

1961 205 2010 231 An.
2031 206 2144 234 &1717

2002 1276 2065 1296 fiaes
2090 1279 2147 1298 tran·

1962 1306 2098 1328 sumpturum.

1493 1735 1670 1770 CCXLVIII.

1212 1815 1405 1849 Conceditur
1429 1816 1641 1861 indulyenlia
1670 1817 1823 1860 plenaria
1847 1829 1953 1862 perpe-

1255 1874 1311 1902 tua
1336 1872 1370 1903 in
1395 1871 1473 1914 festo
1498 1871 1530 1903 S.
1561 1871 1754 1914 Raymundi
1781 1871 1819 1904 de
1842 1872 1952 1905 Pelia-

1252 1924 1317 1965 fort
1340 1927 1368 1956 et
1391 1924 1485 1956 Petri
1509 1923 1643 1956 Nolasci
1656 1935 1716 1967 pro
1733 1925 1873 1957 ecclesiis
1892 1925 1952 1959 Or-

1253 1976 1344 2009 dinis
1369 1977 1408 2010 B.
1435 1977 1479 2010 M.
1507 1977 1545 2010 de
1568 1976 1742 2010 Mercede&

1425 2057 1563 2085 Clemens
1583 2057 1662 2091 Papa
1683 2057 1738 2091 XI,

1334 2102 1370 2129 ad
1385 2104 1563 2136 perpetuam
1580 2102 1625 2129 rei
1645 2101 1828 2129 memoriam.

1988 2179 2108 2200 Exordium.

1252 2173 1419 2207 iniunctae
1444 2172 1540 2206 nobis
1566 2173 1719 2206 divinitus
1749 2173 1949 2216 apostolicae

1207 2226 1374 2259 servitutis
1402 2226 1486 2259 ratio
1513 2227 1666 2270 postulat,
1701 2231 1734 2258 ut
1759 2226 1949 2259 caelestium

1246 2344 1253 2367 1
1278 2340 1391 2377 Reliqua
1412 2346 1440 2368 ut
1461 2350 1521 2376 pag.
1544 2341 1595 2369 704
1614 2350 1631 2368 α
1652 2344 1688 2374 (Β.
1705 2341 1754 2375 Τ.).

1242 2385 1257 2411 -2
1278 2385 1306 2411 1η
1323 2385 1472 2412 Alexandri
1492 2385 1551 2412 VlIl
1572 2388 1658 2412 const.
1680 2385 1723 2412 ed.
1739 2392 1838 2418 mccxc,
1855 2385 1898 2413 die
1917 2386 1951 2413 ⁶28

1205 2429 1283 2461 iulii,
1307 2430 1403 2464 pontif.
1427 2437 1450 2463 1,
1473 2433 1544 2456 extat
1563 2429 1773 2457 communicatio
1795 2430 1951 2466 privilegio-

1207 2482 1266 2500 rum
1287 2478 1313 2500 et
1332 2474 1564 2508 indulgentiarum
1584 2474 1698 2501 aliorum
1719 2474 1902 2510 regularium3
1925 2478 1951 2502 et

1207 2518 1342 2544 Benedicti
1363 2518 1424 2544 Xlll
1445 2517 1552 2545 constit.
1575 2518 1618 2544 ed.
1649 2525 1818 2552 noccxxvm,
1844 2518 1887 2545 die
1918 2520 1950 2546 14

1205 2562 1273 2596 iulii,
1295 2561 1388 2597 pontif.
1409 2569 1437 2596 v,
1458 2562 1632 2589 confirmatur
1659 2562 1748 2590 cultus
1775 2563 1951 2592 immemora-

424 2599 508 2631 aiem
543 2597 762 2639 transferatur,
801 2595 1029 2632 christifideles
1069 2606 1164 2641 prae·
1204 2607 1267 2636 hilis
1286 2606 1314 2636 Β,
1336 2606 1477 2643 Serapioni
1497 2606 1627 2635 exhibito.
