2269 3203
98 198 148 225 An.
169 197 197 224 C.
216 198 281 224 1714

118 1259 228 1279 Decretum
237 1263 275 1284 pro

91 1286 226 1306 observantia
243 1291 275 1306 in-

91 1312 182 1334 tei-dicti.

915 196 1056 219 CLEMENS
1083 197 1113 219 XI
1140 197 1186 219 PP.

292 245 495 278 monasteriis
514 273 521 286 ,
549 245 788 285 conventibus,
815 244 961 287 collegiis
996 253 1032 276 ac

294 299 445 332 domibus
484 298 685 341 regularibus
725 298 816 340 regni
852 297 1030 340 supradicti

292 351 472 395 respective
498 351 794 390 commorantibus,
822 350 1029 383 interdictum

291 405 486 448 praelatum,
506 404 565 437 sub
587 403 701 446 poenis
724 414 782 446 per
807 412 914 435 sacros
936 413 1029 436 eano-

292 467 348 489 nes
374 462 405 489 ct
430 456 623 499 apostolicas
649 455 899 488 constitutiones
915 455 1028 495 ineos,

291 510 344 552 qui
371 520 463 542 secus
482 509 647 548 fecissent,
668 509 897 552 praescriptis,
917 514 1027 541 exacte

290 567 321 594 et
353 561 585 594 inviolabiliter
619 561 784 594 observari
822 566 972 593 curarent
998 567 1025 593 et

290 614 443 654 facerent,
465 624 525 646 nec
550 613 628 646 illud
653 613 764 656 quovis
785 613 888 653 titulo,
907 614 1026 653 colore,

290 666 441 709 ingenio,
466 667 560 699 causa
579 693 586 706 ‚
615 667 823 699 excusatione
849 677 905 699 seu
935 677 1029 709 prae-

291 725 376 751 textu
403 719 516 752 violari
540 718 688 751 sinerent
712 724 767 751 aut
792 719 1028 762 permitterent,

289 772 391 804 donec
416 782 433 804 a
457 771 552 804 nobis
579 772 626 804 vel
659 771 746 804 iussu
780 775 893 805 nostro
930 772 1028 804 inter-

288 824 408 856 dictum
435 823 540 867 ipsum
565 834 715 867 expresse
741 824 912 864 sublatum,
931 825 1027 857 abro-

287 881 463 920 gatumque
481 876 590 910 suisset
603 878 617 908 ‘J
630 877 799 916 Quomodo
816 876 878 909 iam
897 877 1025 920 publica

286 930 368 962 haec
400 935 511 962 nostra
544 935 639 973 atque
677 930 738 963 alia
764 930 905 973 plurima
941 930 1026 963 (licta

287 981 390 1025 iisque
416 988 577 1026 perpetuo
603 983 837 1026 respondentia
856 983 937 1015 sacta
955 993 1027 1015 eon-

287 1044 402 1077 gruere
429 1045 572 1078 unquam
598 1041 735 1079 possunt
753 1046 825 1068 eum
848 1035 906 1076 iis,
934 1046 1024 1079 quae,

286 1087 325 1120 ad
351 1087 536 1120 diuturnam
562 1099 598 1121 ac
624 1089 850 1122 detestabilem
886 1094 1026 1122 contem-

285 1145 417 1184 ptorum
432 1140 592 1174 Ecclesiae
607 1141 860 1174 inobedientiam
876 1147 906 1174 et
924 1142 1026 1185 pervi-

287 1194 408 1227 caciam
429 1194 609 1234 fovendam,
631 1200 753 1227 temere
773 1194 1026 1238 confinguntur?

330 1248 345 1291 g
369 1247 401 1279 4.
420 1247 505 1280 llaec
523 1247 670 1290 profecto
690 1247 798 1280 omnia
815 1248 945 1281 abunde
961 1249 1025 1281 sus-

285 1300 384 1334 ficere
402 1306 541 1344 possent
557 1310 593 1333 ac
610 1300 781 1341 deberent,
796 1306 831 1333 ut
844 1311 917 1333 vera
934 1312 1025 1334 mens

285 1364 322 1387 ac
345 1355 494 1387 voluntas
521 1359 631 1387 nostra
656 1353 808 1386 omnibns
835 1354 894 1386 liae
921 1354 952 1386 in
990 1365 1024 1387 re

284 1412 360 1441 nota
385 1407 477 1440 tieret
494 1434 501 1447 ‚
527 1407 689 1450 simulque
716 1412 845 1450 apertae
876 1419 912 1440 ae
949 1418 1024 1450 per-

284 1466 415 1505 spectae
442 1466 552 1494 essent
569 1461 701 1494 fallaces
720 1466 814 1501 artes,
831 1460 949 1504 quibus
966 1461 1023 1494 tilii

284 1514 380 1547 huius
405 1515 527 1547 saeculi
553 1514 703 1557 graviora
729 1525 858 1558 semper
889 1516 1024 1548 vulnera

283 1567 448 1601 Ecclesiae
474 1567 635 1610 infligere,
654 1567 880 1601 acerbioribus
894 1578 1024 1611 semper

283 1619 409 1653 iniuriis
436 1620 645 1663 apostolicam
674 1621 899 1654 auctoritatem
925 1621 1023 1663 impe-

285 1679 365 1715 tere,
386 1683 516 1706 necnon
537 1673 671 1714 animas,
689 1674 835 1717 pretioso
854 1674 1022 1707 salvatoris

283 1733 315 1760 et
340 1727 462 1760 domini
488 1727 590 1760 nostri
617 1726 688 1760 Iesu
714 1727 833 1760 Christi
863 1727 1022 1770 sanguine

283 1780 488 1823 redemptas,
522 1779 554 1812 in
581 1779 702 1812 maiora
726 1790 853 1823 semper
877 1780 1022 1823 pericula

283 1833 445 1866 coniicere
467 1834 626 1865 nituntur.
656 1832 828 1876 Cupientes
854 1833 1019 1866 nihilomi-

282 1897 342 1919 nus
357 1886 487 1929 (donec,
502 1886 608 1919 divina
626 1886 721 1919 nobis
735 1896 797 1929 ope
814 1885 1020 1929 suffragante,

282 1940 322 1972 ad
346 1939 490 1972 funditus
527 1939 753 1982 extirpandam
787 1944 834 1972 tot
864 1940 1022 1973 malorum

282 1992 423 2025 radicem
440 2018 448 2033 ‚
473 2002 603 2025 necnon
629 1992 667 2024 ad
694 1992 947 2025 ecclesiasticam
965 1992 1022 2025 im-

282 2045 471 2078 munitatem
500 2044 701 2088 Sanctaeque
732 2045 830 2078 liuius
860 2045 950 2078 Sedis
977 2045 1022 2078 di-

282 2098 438 2141 gnitatem
455 2098 494 2130 ab
513 2097 563 2138 iis,
584 2108 664 2141 quae
680 2097 834 2131 adversus
850 2103 1020 2141 utramque

282 2151 315 2183 in
333 2149 521 2193 supradicto
536 2160 637 2193 regno
654 2149 782 2183 Siciliae
797 2150 1020 2184 enormissime

282 2208 438 2236 attentata
469 2203 626 2243 suerunt,
663 2203 826 2236 cumulate
857 2203 1022 2236 vindican-

283 2257 355 2289 dam
373 2283 381 2297 ‚
406 2266 444 2289 ea
467 2256 604 2289 validius
630 2266 837 2299 exequamur,
865 2267 948 2300 quae
966 2266 1021 2299 pa-

283 2308 411 2342 storalis
425 2308 522 2341 officii
536 2308 640 2341 nostri
655 2309 739 2341 ratio
754 2310 911 2352 postulat,
926 2320 1022 2352 quae-

283 2371 346 2404 que
372 2361 509 2394 assiduis
534 2371 570 2394 ac
594 2361 793 2395 serventibus
820 2367 884 2395 tam
899 2362 1019 2396 nostris

283 2423 378 2456 quam
403 2413 516 2447 alienis
542 2415 693 2457 precibus
719 2415 888 2449 humiliter
905 2416 1020 2460 implo-

281 2471 385 2499 ratum
410 2467 558 2500 caelestis
584 2468 705 2510 gratiae
722 2470 831 2502 lumen
848 2471 1018 2513 ostendet)

281 2520 390 2553 omnia
415 2519 544 2552 interim
570 2525 601 2553 et
631 2531 853 2565 quaecumque
893 2523 1018 2556 tametsi

281 2572 390 2607 inania
415 2582 452 2605 ac
475 2581 607 2616 prorsus
632 2573 737 2608 sutilia
762 2586 876 2609 eorum
892 2576 1021 2610 subter-

369 2633 450 2664 Bull.
466 2633 551 2664 Rom.
571 2649 606 2656 —
628 2635 688 2664 Vol.
709 2636 784 2666 XXI.
929 2635 964 2666 80

1711 189 1774 221 63:³1

1077 244 1171 286 fugin,
1194 244 1247 287 qui
1264 245 1405 277 debitam
1421 247 1646 278 ecclesiasticis
1663 248 1727 280 imo
1743 258 1815 290 apo-

1076 296 1201 329 stolicis
1223 297 1384 330 mandatis
1406 298 1628 331 obedientiam
1647 306 1813 342 praestare

1076 355 1237 389 recusant,
1267 350 1396 392 penitus
1415 355 1445 383 et
1470 351 1604 383 omnino
1626 353 1814 394 praeclude-

1074 412 1127 441 re,
1155 406 1186 433 et
1212 403 1302 445 (quia
1328 402 1408 435 nihil
1441 403 1630 436 obedientia
1657 404 1813 447 prodesse

1074 453 1238 486 videretur
1266 455 1441 488 humilibus
1467 455 1492 488 si
1511 461 1719 499 contemptus
1737 467 1813 489 con-

1075 506 1253 539 tumacibus
1279 518 1343 540 non
1370 509 1511 547 obesset,
1537 520 1573 541 ac
1598 509 1685 541 iuxta
1711 520 1810 542 cano-

1074 559 1160 592 nicas
1185 560 1369 593 sanctiones
1397 561 1556 603 quaedam
1581 566 1657 593 sunt
1681 562 1812 604 culpae,

1073 611 1104 643 in
1131 612 1247 655 quibus
1273 614 1367 656 culpa
1392 619 1440 646 est
1458 614 1605 646 relaxare
1624 614 1813 656 vindictam)

1072 666 1309 698 contumacium
1325 666 1509 700 huiusmodi
1524 667 1691 700 audaciam
1706 673 1737 699 et
1754 667 1813 699 im-

1072 718 1258 760 pudentiam
1285 719 1437 752 severiori
1465 720 1812 753 insimulanimadver-

1072 770 1162 804 sione
1177 781 1386 814 compescere
1404 783 1441 804 ac
1462 773 1638 805 cohihere:
1663 773 1738 805 hinc
1765 779 1812 805 est

1072 824 1159 866 quod
1175 834 1243 864 nos,
1261 824 1346 857 illius
1371 825 1466 865 vices,
1483 825 1558 858 licet
1574 825 1738 865 immeriti,
1759 836 1812 868 ge-

1072 881 1184 909 rentes
1211 876 1242 909 in
1269 877 1378 917 terris,
1405 877 1459 921 qui
1486 877 1654 920 discipulis
1679 878 1744 910 suis
1765 878 1811 910 di-

1072 929 1132 961 xit:
1151 929 1215 969 Quc'
1239 940 1291 963 vos
1312 930 1419 971 audit,
1438 941 1488 963 me
1505 931 1618 963 audit:
1639 935 1667 963 et
1683 931 1743 974 qui
1760 941 1811 964 vos

1070 983 1220 1024 spernit,
1248 993 1298 1015 me
1322 983 1470 1026 spernit,
1499 994 1534 1016 ac
1560 983 1638 1016 alias
1664 983 1811 1017 addidit:

1070 1034 1107 1067 St
1129 1035 1307 1068 Ecclesiam
1332 1046 1397 1069 non
1417 1036 1569 1077 audierit,
1594 1037 1636 1069 sit
1654 1036 1712 1069 tibi
1729 1037 1811 1069 sicut

1070 1088 1218 1120 ethnicus
1243 1092 1271 1120 et
1298 1089 1521 1133 publicanus,
1556 1094 1741 1132 opportune
1778 1090 1810 1122 in

1070 1141 1256 1184 praemissis
1284 1141 1475 1184 providere,
1501 1152 1536 1174 ac
1562 1143 1702 1185 desuper
1735 1152 1811 1176 con-

1070 1204 1180 1227 cessae
1200 1194 1292 1227 nobis
1311 1205 1327 1227 a
1346 1194 1482 1228 Domino
1500 1195 1668 1238 potestatis
1690 1201 1807 1238 parteS,

1070 1253 1226 1291 quantum
1251 1248 1345 1281 nobis
1373 1258 1409 1281 ex
1435 1250 1498 1281 alto
1524 1249 1738 1290 conceditur,
1765 1250 1809 1282 in-

1070 1307 1241 1344 terponere
1261 1303 1420 1342 volentes,
1443 1308 1530 1335 motu
1550 1304 1691 1346 proprio,
1718 1315 1754 1336 ac
1772 1315 1808 1338 ex

1068 1356 1154 1386 certa
1185 1355 1320 1387 scientia
1344 1360 1377 1387 et
1410 1357 1535 1387 matura
1567 1356 1807 1389 deliberatione

1067 1407 1198 1446 nostris,
1214 1408 1320 1451 deque
1338 1407 1537 1451 apostolicae
1553 1409 1722 1451 potestatis
1740 1411 1808 1452 ple-

1068 1460 1223 1500 nitudine,
1251 1461 1403 1503 generale
1425 1461 1646 1501 interdictum,
1665 1461 1715 1494 cui
1742 1472 1808 1495 me-

1067 1518 1211 1546 moratae
1222 1513 1367 1546 civitates
1380 1524 1415 1546 ac
1428 1514 1594 1547 dioeceses
1606 1513 1806 1548 Cataniensis

1067 1572 1098 1598 et
1124 1566 1338 1609 Agrigentina
1363 1566 1450 1599 iussu
1476 1571 1587 1599 nostro
1621 1567 1660 1599 ab
1697 1577 1807 1600 earum

1067 1620 1273 1663 praesulibus
1299 1619 1490 1663 respective,
1511 1620 1593 1653 sicut
1612 1620 1807 1663 praemittit-

1067 1679 1141 1713 tur,
1171 1673 1337 1707 subiectae
1365 1674 1519 1714 suerunt,
1553 1674 1686 1707 omnino
1712 1679 1742 1707 et
1767 1675 1806 1707 ab

1066 1727 1216 1760 omnibus
1243 1727 1406 1770 (exceptis
1426 1727 1589 1760 dumtaxat
1604 1727 1807 1771 temporibus

1066 1785 1096 1813 et
1121 1780 1248 1813 casibus
1266 1791 1283 1813 a
1301 1780 1368 1813 inre
1383 1780 1568 1823 permissis)
1587 1780 1617 1812 in
1638 1781 1804 1824 quibusvis

1065 1833 1235 1873 ecclesiis,
1268 1833 1346 1865 locis
1378 1832 1463 1875 piis,
1497 1833 1645 1866 oratoriis
1665 1860 1672 1873 ‚
1710 1833 1806 1867 etiam

1064 1886 1198 1929 privatis
1214 1913 1221 1926 ‚
1246 1886 1407 1919 civitatum
1433 1892 1464 1919 et
1489 1886 1676 1919 dioecesum
1710 1897 1805 1930 prae-

1066 1939 1200 1972 tatarum
1217 1967 1224 1980 ,
1251 1941 1424 1982 praetensa
1449 1939 1544 1972 etiam
1571 1944 1716 1972 assertae
1741 1951 1805 1973 mo-

1065 1993 1219 2025 narchiae
1237 1992 1364 2025 Siculae
1383 1992 1573 2025 auctoritate
1588 1992 1728 2034 munitis,
1747 2004 1805 2026 seu

1065 2045 1142 2078 alias
1168 2056 1375 2088 quocumque
1401 2045 1581 2088 privilegio,
1597 2046 1805 2089 exemptione

1066 2103 1097 2131 et
1122 2098 1248 2131 indulto
1268 2126 1275 2139 ‚
1303 2098 1400 2131 etiam
1424 2098 1591 2141 praetensi
1616 2099 1805 2142 iurispatro-

1065 2156 1157 2183 natus
1183 2151 1282 2193 regii,
1310 2151 1433 2184 tametsi
1458 2152 1581 2194 pluries
1606 2156 1637 2184 et
1663 2152 1805 2194 quantis-

1065 2214 1204 2246 cumque
1240 2203 1362 2236 vicibus
1399 2204 1438 2237 ab
1474 2204 1535 2237 hac
1570 2204 1686 2237 Sancta
1721 2204 1804 2239 Sede

1064 2257 1247 2300 approbati,
1273 2256 1422 2297 suffultis,
1441 2263 1551 2291 exacte
1566 2263 1597 2291 et
1611 2258 1804 2292 inconcusse

1065 2309 1304 2343 observandum
1326 2320 1410 2351 esse,
1430 2314 1461 2343 et
1481 2310 1519 2342 ab
1533 2310 1628 2344 initio
1643 2310 1750 2352 fuisse,
1768 2322 1805 2345 ac

1064 2363 1096 2395 in
1123 2368 1288 2406 posterum
1306 2363 1394 2404 sore;
1421 2373 1482 2396 nec
1500 2364 1579 2397 illud
1597 2374 1613 2397 a
1631 2375 1803 2408 quoquam,

1064 2416 1129 2449 sive
1147 2415 1379 2459 cuiuscumque
1394 2416 1530 2459 periculi
1546 2422 1644 2457 metu,
1658 2418 1723 2450 sive
1738 2418 1802 2451 alio

1064 2469 1177 2512 quovis
1191 2473 1370 2512 praetextu,
1388 2469 1490 2509 titulo,
1507 2471 1601 2502 causa
1617 2470 1666 2502 vel
1682 2470 1801 2510 colore,

1063 2522 1174 2556 violari
1192 2533 1335 2566 unquam
1346 2523 1488 2566 potuisse
1501 2523 1550 2556 vel
1568 2532 1674 2566 posse,
1689 2527 1800 2555 tenore

1062 2575 1281 2619 praesentium
1308 2575 1513 2610 decernimus
1537 2580 1567 2609 et
1585 2574 1798 2609 declaramus,

1826 199 1876 226 An.
1895 198 1923 226 C.
1945 198 2012 226 1714
