<?xml version="1.0" encoding="UTF-8"?>
<!DOCTYPE html PUBLIC "-//W3C//DTD XHTML 1.0 Transitional//EN"
    "http://www.w3.org/TR/xhtml1/DTD/xhtml1-transitional.dtd">
<html xmlns="http://www.w3.org/1999/xhtml" xml:lang="en" lang="en">
 <head>
  <title>
</title>
<meta http-equiv="Content-Type" content="text/html;charset=utf-8" />
  <meta name='ocr-system' content='tesseract 3.04.00' />
  <meta name='ocr-capabilities' content='ocr_page ocr_carea ocr_par ocr_line ocrx_word'/>
</head>
<body>
  <div class='ocr_page' id='page_1' title='image "./bullarumdiplomat21cath_0777.png"; bbox 0 0 2269 3203; ppageno 0'>
   <div class='ocr_carea' id='block_1_1' title="bbox 37 212 988 1629">
    <p class='ocr_par' dir='ltr' id='par_1_1' title="bbox 51 212 988 731">
     <span class='ocr_line' id='line_1_1' title="bbox 51 212 236 242; baseline 0.005 -1"><span class='ocrx_word' id='word_1_1' title='bbox 51 213 101 241; x_wconf 79' lang='grc' dir='ltr'>Ᾱη.</span> <span class='ocrx_word' id='word_1_2' title='bbox 122 212 150 240; x_wconf 90' lang='lat' dir='ltr'>C.</span> <span class='ocrx_word' id='word_1_3' title='bbox 170 214 236 242; x_wconf 81' lang='lat'>¹715</span> 
     </span>
     <span class='ocr_line' id='line_1_2' title="bbox 246 263 988 307; baseline 0.001 -13"><span class='ocrx_word' id='word_1_4' title='bbox 246 273 365 306; x_wconf 76' lang='lat' dir='ltr'>sponsa</span> <span class='ocrx_word' id='word_1_5' title='bbox 384 265 595 307; x_wconf 78' lang='lat' dir='ltr'>praeinserta,</span> <span class='ocrx_word' id='word_1_6' title='bbox 615 264 788 307; x_wconf 79' lang='lat' dir='ltr'>omniaque</span> <span class='ocrx_word' id='word_1_7' title='bbox 809 268 839 296; x_wconf 85' lang='lat' dir='ltr'>et</span> <span class='ocrx_word' id='word_1_8' title='bbox 859 263 988 305; x_wconf 79' lang='lat' dir='ltr'>singula</span> 
     </span>
     <span class='ocr_line' id='line_1_3' title="bbox 250 315 987 359; baseline 0 -11"><span class='ocrx_word' id='word_1_9' title='bbox 250 315 344 349; x_wconf 86' lang='lat' dir='ltr'>ineis</span> <span class='ocrx_word' id='word_1_10' title='bbox 357 322 523 357; x_wconf 81' lang='lat' dir='ltr'>contenta,</span> <span class='ocrx_word' id='word_1_11' title='bbox 542 323 663 357; x_wconf 74' lang='lat' dir='ltr'>exacte,</span> <span class='ocrx_word' id='word_1_12' title='bbox 677 316 987 359; x_wconf 64' lang='lat' dir='ltr'>integi·e„absolt1te‚</span> 
     </span>
     <span class='ocr_line' id='line_1_4' title="bbox 247 368 987 408; baseline 0.001 -8"><span class='ocrx_word' id='word_1_13' title='bbox 247 368 478 402; x_wconf 87' lang='lat' dir='ltr'>inviolabiliter</span> <span class='ocrx_word' id='word_1_14' title='bbox 510 375 541 402; x_wconf 86' lang='lat' dir='ltr'>et</span> <span class='ocrx_word' id='word_1_15' title='bbox 573 369 766 402; x_wconf 84' lang='lat' dir='ltr'>inconcusse</span> <span class='ocrx_word' id='word_1_16' title='bbox 801 369 987 408; x_wconf 72' lang='lat' dir='ltr'>observent,</span> 
     </span>
     <span class='ocr_line' id='line_1_5' title="bbox 247 422 983 466; baseline 0.001 -13"><span class='ocrx_word' id='word_1_17' title='bbox 247 433 284 454; x_wconf 78' lang='lat' dir='ltr'>ae</span> <span class='ocrx_word' id='word_1_18' title='bbox 309 423 348 454; x_wconf 85' lang='lat' dir='ltr'>ab</span> <span class='ocrx_word' id='word_1_19' title='bbox 375 423 432 462; x_wconf 82' lang='lat' dir='ltr'>eis,</span> <span class='ocrx_word' id='word_1_20' title='bbox 466 433 604 466; x_wconf 80' lang='lat' dir='ltr'>quorun]</span> <span class='ocrx_word' id='word_1_21' title='bbox 641 433 717 455; x_wconf 86' lang='lat' dir='ltr'>cura</span> <span class='ocrx_word' id='word_1_22' title='bbox 743 423 781 455; x_wconf 89' lang='lat' dir='ltr'>ad</span> <span class='ocrx_word' id='word_1_23' title='bbox 809 422 880 455; x_wconf 85' lang='lat' dir='ltr'>illos</span> <span class='ocrx_word' id='word_1_24' title='bbox 907 432 983 465; x_wconf 88' lang='lat' dir='ltr'>spe-</span> 
     </span>
     <span class='ocr_line' id='line_1_6' title="bbox 244 475 985 518; baseline 0.001 -12"><span class='ocrx_word' id='word_1_25' title='bbox 244 480 323 514; x_wconf 81' lang='lat' dir='ltr'>ctat,</span> <span class='ocrx_word' id='word_1_26' title='bbox 357 475 508 509; x_wconf 84' lang='lat' dir='ltr'>similiter</span> <span class='ocrx_word' id='word_1_27' title='bbox 539 476 723 514; x_wconf 85' lang='lat' dir='ltr'>observari,</span> <span class='ocrx_word' id='word_1_28' title='bbox 758 481 916 518; x_wconf 86' lang='lat' dir='ltr'>quantum</span> <span class='ocrx_word' id='word_1_29' title='bbox 953 475 985 507; x_wconf 87' lang='lat' dir='ltr'>in</span> 
     </span>
     <span class='ocr_line' id='line_1_7' title="bbox 246 528 985 571; baseline 0.004 -13"><span class='ocrx_word' id='word_1_30' title='bbox 246 528 322 570; x_wconf 75' lang='lat' dir='ltr'>ipsis</span> <span class='ocrx_word' id='word_1_31' title='bbox 348 534 408 569; x_wconf 84' lang='lat' dir='ltr'>est,</span> <span class='ocrx_word' id='word_1_32' title='bbox 433 535 549 562; x_wconf 87' lang='lat' dir='ltr'>curent</span> <span class='ocrx_word' id='word_1_33' title='bbox 574 534 605 561; x_wconf 88' lang='lat' dir='ltr'>et</span> <span class='ocrx_word' id='word_1_34' title='bbox 631 528 759 561; x_wconf 77' lang='lat' dir='ltr'>saciant.</span> <span class='ocrx_word' id='word_1_35' title='bbox 776 528 888 571; x_wconf 79' lang='lat' dir='ltr'>Neque</span> <span class='ocrx_word' id='word_1_36' title='bbox 911 529 985 569; x_wconf 87' lang='lat' dir='ltr'>illis,</span> 
     </span>
     <span class='ocr_line' id='line_1_8' title="bbox 245 581 984 625; baseline 0.004 -13"><span class='ocrx_word' id='word_1_37' title='bbox 245 581 311 614; x_wconf 74' lang='lat' dir='ltr'>sive</span> <span class='ocrx_word' id='word_1_38' title='bbox 345 581 411 615; x_wconf 93' lang='lat' dir='ltr'>ullo</span> <span class='ocrx_word' id='word_1_39' title='bbox 446 593 482 615; x_wconf 80' lang='lat' dir='ltr'>ex</span> <span class='ocrx_word' id='word_1_40' title='bbox 519 581 670 625; x_wconf 88' lang='lat' dir='ltr'>superius</span> <span class='ocrx_word' id='word_1_41' title='bbox 705 582 880 624; x_wconf 76' lang='lat' dir='ltr'>expressis,</span> <span class='ocrx_word' id='word_1_42' title='bbox 920 582 984 615; x_wconf 83' lang='lat' dir='ltr'>sive</span> 
     </span>
     <span class='ocr_line' id='line_1_9' title="bbox 243 634 986 677; baseline 0.003 -12"><span class='ocrx_word' id='word_1_43' title='bbox 243 634 306 666; x_wconf 87' lang='lat' dir='ltr'>alio</span> <span class='ocrx_word' id='word_1_44' title='bbox 332 634 446 677; x_wconf 87' lang='lat' dir='ltr'>quovis</span> <span class='ocrx_word' id='word_1_45' title='bbox 472 634 578 674; x_wconf 90' lang='lat' dir='ltr'>titulo,</span> <span class='ocrx_word' id='word_1_46' title='bbox 606 636 712 673; x_wconf 77' lang='lat' dir='ltr'>causa,</span> <span class='ocrx_word' id='word_1_47' title='bbox 730 634 915 674; x_wconf 72' lang='lat' dir='ltr'>occasione,</span> <span class='ocrx_word' id='word_1_48' title='bbox 934 646 986 668; x_wconf 84' lang='lat' dir='ltr'>eo-</span> 
     </span>
     <span class='ocr_line' id='line_1_10' title="bbox 246 687 984 731; baseline 0.001 -12"><span class='ocrx_word' id='word_1_49' title='bbox 246 687 313 719; x_wconf 79' lang='lat' dir='ltr'>lore</span> <span class='ocrx_word' id='word_1_50' title='bbox 341 688 389 719; x_wconf 87' lang='lat' dir='ltr'>vel</span> <span class='ocrx_word' id='word_1_51' title='bbox 415 692 593 730; x_wconf 78' lang='lat' dir='ltr'>praetextu,</span> <span class='ocrx_word' id='word_1_52' title='bbox 608 687 834 720; x_wconf 82' lang='lat' dir='ltr'>contravenire</span> <span class='ocrx_word' id='word_1_53' title='bbox 854 698 984 731; x_wconf 85' lang='lat' dir='ltr'>quoquo</span> 
     </span>
    </p>

    <p class='ocr_par' dir='ltr' id='par_1_2' title="bbox 37 739 831 783">
     <span class='ocr_line' id='line_1_11' title="bbox 37 739 831 783; baseline 0.003 -13"><span class='ocrx_word' id='word_1_54' title='bbox 37 757 45 770; x_wconf 58' lang='grc' dir='ltr'>ι</span> <span class='ocrx_word' id='word_1_55' title='bbox 244 739 342 772; x_wconf 88' lang='lat' dir='ltr'>modo</span> <span class='ocrx_word' id='word_1_56' title='bbox 368 740 509 772; x_wconf 87' lang='lat' dir='ltr'>audeant</span> <span class='ocrx_word' id='word_1_57' title='bbox 533 741 583 772; x_wconf 87' lang='lat' dir='ltr'>vel</span> <span class='ocrx_word' id='word_1_58' title='bbox 609 745 831 783; x_wconf 86' lang='lat' dir='ltr'>praesumant.</span> 
     </span>
    </p>

    <p class='ocr_par' dir='ltr' id='par_1_3' title="bbox 45 792 984 1629">
     <span class='ocr_line' id='line_1_12' title="bbox 104 792 984 834; baseline 0.001 -10"><span class='ocrx_word' id='word_1_59' title='bbox 104 803 231 834; x_wconf 53' lang='lat' dir='ltr'>insufflat</span> <span class='ocrx_word' id='word_1_60' title='bbox 288 792 302 834; x_wconf 66' lang='lat' dir='ltr'>g</span> <span class='ocrx_word' id='word_1_61' title='bbox 327 792 358 824; x_wconf 75' lang='lat' dir='ltr'>ss.</span> <span class='ocrx_word' id='word_1_62' title='bbox 386 792 578 833; x_wconf 87' lang='lat' dir='ltr'>Praeterea,</span> <span class='ocrx_word' id='word_1_63' title='bbox 603 798 704 833; x_wconf 86' lang='lat' dir='ltr'>motu,</span> <span class='ocrx_word' id='word_1_64' title='bbox 733 792 879 832; x_wconf 78' lang='lat' dir='ltr'>scientia,</span> <span class='ocrx_word' id='word_1_65' title='bbox 906 792 984 825; x_wconf 82' lang='lat' dir='ltr'>deli-</span> 
     </span>
     <span class='ocr_line' id='line_1_13' title="bbox 46 833 983 890; baseline 0.001 -13"><span class='ocrx_word' id='word_1_66' title='bbox 46 833 414 886; x_wconf 50' lang='lat' dir='ltr'>Rfsstitilfii&#39;²s¹ti¹1&#39;{ssiheratione</span> <span class='ocrx_word' id='word_1_67' title='bbox 440 851 470 878; x_wconf 90' lang='lat' dir='ltr'>et</span> <span class='ocrx_word' id='word_1_68' title='bbox 502 847 673 889; x_wconf 87' lang='lat' dir='ltr'>potestatis</span> <span class='ocrx_word' id='word_1_69' title='bbox 697 846 902 890; x_wconf 88' lang='lat' dir='ltr'>plenitudine</span> <span class='ocrx_word' id='word_1_70' title='bbox 927 857 983 890; x_wconf 87' lang='lat' dir='ltr'>pa-</span> 
     </span>
     <span class='ocr_line' id='line_1_14' title="bbox 46 883 982 939; baseline 0.002 -9"><span class='ocrx_word' id='word_1_71' title='bbox 46 883 232 939; x_wconf 47' lang='grc' dir='ltr'>ξὲῗὲἶὲῗᾞθῖῗέἷὲ</span> <span class='ocrx_word' id='word_1_72' title='bbox 243 898 352 938; x_wconf 87' lang='lat' dir='ltr'>ribus,</span> <span class='ocrx_word' id='word_1_73' title='bbox 382 899 496 932; x_wconf 86' lang='lat' dir='ltr'>harum</span> <span class='ocrx_word' id='word_1_74' title='bbox 530 899 612 931; x_wconf 76' lang='lat' dir='ltr'>serie</span> <span class='ocrx_word' id='word_1_75' title='bbox 649 898 816 932; x_wconf 82' lang='lat' dir='ltr'>statuimus</span> <span class='ocrx_word' id='word_1_76' title='bbox 852 905 884 932; x_wconf 89' lang='lat' dir='ltr'>et</span> <span class='ocrx_word' id='word_1_77' title='bbox 923 900 982 932; x_wconf 84' lang='lat' dir='ltr'>sub</span> 
     </span>
     <span class='ocr_line' id='line_1_15' title="bbox 45 942 981 985; baseline 0.002 -3"><span class='ocrx_word' id='word_1_78' title='bbox 45 942 368 984; x_wconf 49' lang='lat' dir='ltr'>382251P¹⁵⁵¹⁰¹¹⁰⁵0isdem</span> <span class='ocrx_word' id='word_1_79' title='bbox 412 951 761 985; x_wconf 79' lang='lat' dir='ltr'>exconnnunicationIs</span> <span class='ocrx_word' id='word_1_80' title='bbox 800 957 981 984; x_wconf 74' lang='lat' dir='ltr'>reservatae</span> 
     </span>
     <span class='ocr_line' id='line_1_16' title="bbox 242 1003 981 1047; baseline 0.001 -11"><span class='ocrx_word' id='word_1_81' title='bbox 242 1013 277 1036; x_wconf 87' lang='lat' dir='ltr'>ae</span> <span class='ocrx_word' id='word_1_82' title='bbox 302 1003 495 1047; x_wconf 70' lang='lat' dir='ltr'>privationis</span> <span class='ocrx_word' id='word_1_83' title='bbox 521 1003 608 1037; x_wconf 86' lang='lat' dir='ltr'>vocis</span> <span class='ocrx_word' id='word_1_84' title='bbox 633 1006 754 1037; x_wconf 75' lang='lat' dir='ltr'>activae</span> <span class='ocrx_word' id='word_1_85' title='bbox 781 1009 812 1037; x_wconf 89' lang='lat' dir='ltr'>et</span> <span class='ocrx_word' id='word_1_86' title='bbox 836 1003 981 1047; x_wconf 83' lang='lat' dir='ltr'>passivae</span> 
     </span>
     <span class='ocr_line' id='line_1_17' title="bbox 242 1056 979 1099; baseline -0.003 -9"><span class='ocrx_word' id='word_1_87' title='bbox 242 1056 359 1099; x_wconf 84' lang='lat' dir='ltr'>poenis</span> <span class='ocrx_word' id='word_1_88' title='bbox 384 1057 584 1098; x_wconf 76' lang='lat' dir='ltr'>ordinamus,</span> <span class='ocrx_word' id='word_1_89' title='bbox 609 1063 643 1089; x_wconf 90' lang='lat' dir='ltr'>ut</span> <span class='ocrx_word' id='word_1_90' title='bbox 669 1067 780 1089; x_wconf 86' lang='lat' dir='ltr'>omnes</span> <span class='ocrx_word' id='word_1_91' title='bbox 806 1062 837 1089; x_wconf 88' lang='lat' dir='ltr'>et</span> <span class='ocrx_word' id='word_1_92' title='bbox 861 1056 979 1098; x_wconf 85' lang='lat' dir='ltr'>singuli</span> 
     </span>
     <span class='ocr_line' id='line_1_18' title="bbox 241 1109 982 1153; baseline -0.001 -11"><span class='ocrx_word' id='word_1_93' title='bbox 241 1109 462 1150; x_wconf 79' lang='lat' dir='ltr'>ecclesiastici,</span> <span class='ocrx_word' id='word_1_94' title='bbox 478 1116 540 1142; x_wconf 87' lang='lat' dir='ltr'>tam</span> <span class='ocrx_word' id='word_1_95' title='bbox 563 1111 757 1149; x_wconf 72' lang='lat' dir='ltr'>saeculares,</span> <span class='ocrx_word' id='word_1_96' title='bbox 775 1120 870 1153; x_wconf 83' lang='lat' dir='ltr'>quam</span> <span class='ocrx_word' id='word_1_97' title='bbox 887 1120 982 1152; x_wconf 86' lang='lat' dir='ltr'>prae·</span> 
     </span>
     <span class='ocr_line' id='line_1_19' title="bbox 240 1161 981 1205; baseline 0 -12"><span class='ocrx_word' id='word_1_98' title='bbox 240 1161 401 1194; x_wconf 86' lang='lat' dir='ltr'>dictorum</span> <span class='ocrx_word' id='word_1_99' title='bbox 426 1162 592 1202; x_wconf 89' lang='lat' dir='ltr'>Ordinum,</span> <span class='ocrx_word' id='word_1_100' title='bbox 611 1164 914 1205; x_wconf 69' lang='lat' dir='ltr'>congregationum,</span> <span class='ocrx_word' id='word_1_101' title='bbox 937 1161 981 1193; x_wconf 91' lang='lat' dir='ltr'>in-</span> 
     </span>
     <span class='ocr_line' id='line_1_20' title="bbox 240 1215 980 1254; baseline 0.001 -9"><span class='ocrx_word' id='word_1_102' title='bbox 240 1215 427 1247; x_wconf 88' lang='lat' dir='ltr'>stitutorum</span> <span class='ocrx_word' id='word_1_103' title='bbox 465 1220 496 1247; x_wconf 91' lang='lat' dir='ltr'>et</span> <span class='ocrx_word' id='word_1_104' title='bbox 533 1215 742 1254; x_wconf 76' lang='lat' dir='ltr'>societatum,</span> <span class='ocrx_word' id='word_1_105' title='bbox 771 1215 867 1248; x_wconf 87' lang='lat' dir='ltr'>etiam</span> <span class='ocrx_word' id='word_1_106' title='bbox 893 1215 980 1254; x_wconf 83' lang='lat' dir='ltr'>lesu,</span> 
     </span>
     <span class='ocr_line' id='line_1_21' title="bbox 240 1267 980 1312; baseline 0.003 -14"><span class='ocrx_word' id='word_1_107' title='bbox 240 1268 425 1310; x_wconf 79' lang='lat' dir='ltr'>regulares,</span> <span class='ocrx_word' id='word_1_108' title='bbox 452 1268 491 1300; x_wconf 86' lang='lat' dir='ltr'>ad</span> <span class='ocrx_word' id='word_1_109' title='bbox 516 1267 607 1301; x_wconf 86' lang='lat' dir='ltr'>Sinas</span> <span class='ocrx_word' id='word_1_110' title='bbox 635 1268 735 1301; x_wconf 87' lang='lat' dir='ltr'>aliave</span> <span class='ocrx_word' id='word_1_111' title='bbox 760 1269 905 1312; x_wconf 81' lang='lat' dir='ltr'>praefata</span> <span class='ocrx_word' id='word_1_112' title='bbox 931 1279 980 1301; x_wconf 87' lang='lat' dir='ltr'>re-</span> 
     </span>
     <span class='ocr_line' id='line_1_22' title="bbox 238 1321 979 1364; baseline 0.001 -11"><span class='ocrx_word' id='word_1_113' title='bbox 238 1330 301 1363; x_wconf 82' lang='lat' dir='ltr'>gna</span> <span class='ocrx_word' id='word_1_114' title='bbox 327 1325 357 1353; x_wconf 89' lang='lat' dir='ltr'>et</span> <span class='ocrx_word' id='word_1_115' title='bbox 389 1321 571 1364; x_wconf 84' lang='lat' dir='ltr'>provincias</span> <span class='ocrx_word' id='word_1_116' title='bbox 603 1322 668 1354; x_wconf 88' lang='lat' dir='ltr'>sive</span> <span class='ocrx_word' id='word_1_117' title='bbox 700 1321 739 1354; x_wconf 87' lang='lat' dir='ltr'>ab</span> <span class='ocrx_word' id='word_1_118' title='bbox 774 1322 833 1354; x_wconf 86' lang='lat' dir='ltr'>hac</span> <span class='ocrx_word' id='word_1_119' title='bbox 862 1322 979 1354; x_wconf 78' lang='lat' dir='ltr'>Sancta</span> 
     </span>
     <span class='ocr_line' id='line_1_23' title="bbox 237 1373 977 1419; baseline 0.001 -13"><span class='ocrx_word' id='word_1_120' title='bbox 237 1373 320 1407; x_wconf 90' lang='lat' dir='ltr'>Sede</span> <span class='ocrx_word' id='word_1_121' title='bbox 347 1373 413 1407; x_wconf 89' lang='lat' dir='ltr'>sive</span> <span class='ocrx_word' id='word_1_122' title='bbox 437 1374 533 1407; x_wconf 83' lang='lat' dir='ltr'>etiam</span> <span class='ocrx_word' id='word_1_123' title='bbox 558 1375 597 1407; x_wconf 89' lang='lat' dir='ltr'>ab</span> <span class='ocrx_word' id='word_1_124' title='bbox 620 1385 729 1408; x_wconf 86' lang='lat' dir='ltr'>eorum</span> <span class='ocrx_word' id='word_1_125' title='bbox 755 1375 977 1419; x_wconf 83' lang='lat' dir='ltr'>superioribus</span> 
     </span>
     <span class='ocr_line' id='line_1_24' title="bbox 237 1428 976 1473; baseline 0.003 -13"><span class='ocrx_word' id='word_1_126' title='bbox 237 1428 348 1470; x_wconf 86' lang='lat' dir='ltr'>missi,</span> <span class='ocrx_word' id='word_1_127' title='bbox 375 1433 406 1462; x_wconf 89' lang='lat' dir='ltr'>et</span> <span class='ocrx_word' id='word_1_128' title='bbox 431 1429 704 1473; x_wconf 79' lang='lat' dir='ltr'>quandocumque</span> <span class='ocrx_word' id='word_1_129' title='bbox 742 1429 773 1462; x_wconf 90' lang='lat' dir='ltr'>in</span> <span class='ocrx_word' id='word_1_130' title='bbox 810 1435 976 1473; x_wconf 83' lang='lat' dir='ltr'>posterum</span> 
     </span>
     <span class='ocr_line' id='line_1_25' title="bbox 237 1481 978 1523; baseline 0.003 -10"><span class='ocrx_word' id='word_1_131' title='bbox 237 1481 398 1523; x_wconf 86' lang='lat' dir='ltr'>mittendi,</span> <span class='ocrx_word' id='word_1_132' title='bbox 424 1481 563 1515; x_wconf 84' lang='lat' dir='ltr'>cuiusvis</span> <span class='ocrx_word' id='word_1_133' title='bbox 591 1483 721 1516; x_wconf 83' lang='lat' dir='ltr'>tandem</span> <span class='ocrx_word' id='word_1_134' title='bbox 748 1483 830 1516; x_wconf 91' lang='lat' dir='ltr'>tituli</span> <span class='ocrx_word' id='word_1_135' title='bbox 855 1489 909 1515; x_wconf 89' lang='lat' dir='ltr'>aut</span> <span class='ocrx_word' id='word_1_136' title='bbox 934 1483 978 1516; x_wconf 86' lang='lat' dir='ltr'>sa-</span> 
     </span>
     <span class='ocr_line' id='line_1_26' title="bbox 238 1535 977 1578; baseline 0.003 -11"><span class='ocrx_word' id='word_1_137' title='bbox 238 1535 367 1568; x_wconf 83' lang='lat' dir='ltr'>eultatis</span> <span class='ocrx_word' id='word_1_138' title='bbox 393 1536 503 1578; x_wconf 80' lang='lat' dir='ltr'>rigore</span> <span class='ocrx_word' id='word_1_139' title='bbox 535 1535 603 1569; x_wconf 85' lang='lat' dir='ltr'>illie</span> <span class='ocrx_word' id='word_1_140' title='bbox 628 1536 770 1569; x_wconf 79' lang='lat' dir='ltr'>existant</span> <span class='ocrx_word' id='word_1_141' title='bbox 800 1537 846 1570; x_wconf 87' lang='lat' dir='ltr'>vel</span> <span class='ocrx_word' id='word_1_142' title='bbox 873 1537 905 1570; x_wconf 92' lang='lat' dir='ltr'>in</span> <span class='ocrx_word' id='word_1_143' title='bbox 932 1538 977 1569; x_wconf 86' lang='lat' dir='ltr'>su-</span> 
     </span>
     <span class='ocr_line' id='line_1_27' title="bbox 240 1589 976 1629; baseline 0.003 -8"><span class='ocrx_word' id='word_1_144' title='bbox 240 1595 346 1622; x_wconf 89' lang='lat' dir='ltr'>turum</span> <span class='ocrx_word' id='word_1_145' title='bbox 372 1589 555 1629; x_wconf 78' lang='lat' dir='ltr'>extiterint,</span> <span class='ocrx_word' id='word_1_146' title='bbox 583 1589 672 1622; x_wconf 82' lang='lat' dir='ltr'>missi</span> <span class='ocrx_word' id='word_1_147' title='bbox 707 1590 842 1629; x_wconf 84' lang='lat' dir='ltr'>scilieet,</span> <span class='ocrx_word' id='word_1_148' title='bbox 869 1590 976 1623; x_wconf 83' lang='lat' dir='ltr'>statim</span> 
     </span>
    </p>
   </div>
   <div class='ocr_carea' id='block_1_2' title="bbox 237 1640 999 1685">
    <p class='ocr_par' dir='ltr' id='par_1_4' title="bbox 237 1640 999 1685">
     <span class='ocr_line' id='line_1_28' title="bbox 237 1640 999 1685; baseline 0 -11"><span class='ocrx_word' id='word_1_149' title='bbox 237 1653 274 1674; x_wconf 86' lang='lat' dir='ltr'>ae</span> <span class='ocrx_word' id='word_1_150' title='bbox 306 1648 494 1685; x_wconf 82' lang='lat' dir='ltr'>praesentes</span> <span class='ocrx_word' id='word_1_151' title='bbox 525 1642 651 1675; x_wconf 84' lang='lat' dir='ltr'>litterae</span> <span class='ocrx_word' id='word_1_152' title='bbox 681 1644 726 1676; x_wconf 77' lang='lat' dir='ltr'>eIs</span> <span class='ocrx_word' id='word_1_153' title='bbox 758 1640 999 1685; x_wconf 62' lang='lat' dir='ltr'>innotuei·i11t‚i</span> 
     </span>
    </p>
   </div>
   <div class='ocr_carea' id='block_1_3' title="bbox 236 1695 976 1845">
    <p class='ocr_par' dir='ltr' id='par_1_5' title="bbox 236 1695 976 1845">
     <span class='ocr_line' id='line_1_29' title="bbox 236 1695 974 1740; baseline 0.004 -13"><span class='ocrx_word' id='word_1_154' title='bbox 236 1695 387 1728; x_wconf 87' lang='lat' dir='ltr'>mittendi</span> <span class='ocrx_word' id='word_1_155' title='bbox 405 1705 491 1734; x_wconf 88' lang='lat' dir='ltr'>vero,</span> <span class='ocrx_word' id='word_1_156' title='bbox 511 1701 684 1739; x_wconf 86' lang='lat' dir='ltr'>antequam</span> <span class='ocrx_word' id='word_1_157' title='bbox 702 1695 823 1730; x_wconf 84' lang='lat' dir='ltr'>ibidem</span> <span class='ocrx_word' id='word_1_158' title='bbox 843 1697 974 1740; x_wconf 86' lang='lat' dir='ltr'>aliquod</span> 
     </span>
     <span class='ocr_line' id='line_1_30' title="bbox 236 1748 974 1793; baseline 0.004 -13"><span class='ocrx_word' id='word_1_159' title='bbox 236 1748 433 1781; x_wconf 85' lang='lat' dir='ltr'>missionarii</span> <span class='ocrx_word' id='word_1_160' title='bbox 459 1759 584 1790; x_wconf 55' lang='lat' dir='ltr'>‚munus</span> <span class='ocrx_word' id='word_1_161' title='bbox 618 1759 771 1782; x_wconf 83' lang='lat' dir='ltr'>exercere</span> <span class='ocrx_word' id='word_1_162' title='bbox 804 1750 974 1793; x_wconf 85' lang='lat' dir='ltr'>incipiant,</span> 
     </span>
     <span class='ocr_line' id='line_1_31' title="bbox 237 1802 976 1845; baseline 0.004 -11"><span class='ocrx_word' id='word_1_163' title='bbox 237 1803 454 1835; x_wconf 84' lang='lat' dir='ltr'>iuramentum</span> <span class='ocrx_word' id='word_1_164' title='bbox 481 1802 521 1835; x_wconf 87' lang='lat' dir='ltr'>de</span> <span class='ocrx_word' id='word_1_165' title='bbox 547 1802 696 1842; x_wconf 77' lang='lat' dir='ltr'>fideliter,</span> <span class='ocrx_word' id='word_1_166' title='bbox 723 1803 848 1845; x_wconf 80' lang='lat' dir='ltr'>integre</span> <span class='ocrx_word' id='word_1_167' title='bbox 875 1815 911 1837; x_wconf 85' lang='lat' dir='ltr'>ae</span> <span class='ocrx_word' id='word_1_168' title='bbox 929 1805 976 1837; x_wconf 91' lang='lat' dir='ltr'>iu-</span> 
     </span>
    </p>
   </div>
   <div class='ocr_carea' id='block_1_4' title="bbox 236 1855 999 1952">
    <p class='ocr_par' dir='ltr' id='par_1_6' title="bbox 236 1846 999 1952">
     <span class='ocr_line' id='line_1_32' title="bbox 236 1855 976 1901; baseline 0.003 -13"><span class='ocrx_word' id='word_1_169' title='bbox 236 1855 435 1888; x_wconf 71' lang='lat' dir='ltr'>violabiliter</span> <span class='ocrx_word' id='word_1_170' title='bbox 460 1856 665 1888; x_wconf 87' lang='lat' dir='ltr'>observando</span> <span class='ocrx_word' id='word_1_171' title='bbox 701 1857 860 1890; x_wconf 84' lang='lat' dir='ltr'>eiusmodi</span> <span class='ocrx_word' id='word_1_172' title='bbox 885 1869 976 1901; x_wconf 87' lang='lat' dir='ltr'>prae-</span> 
     </span>
     <span class='ocr_line' id='line_1_33' title="bbox 237 1906 999 1952; baseline 0.003 -11"><span class='ocrx_word' id='word_1_173' title='bbox 237 1913 333 1952; x_wconf 87' lang='lat' dir='ltr'>cepto</span> <span class='ocrx_word' id='word_1_174' title='bbox 358 1919 394 1941; x_wconf 85' lang='lat' dir='ltr'>ae</span> <span class='ocrx_word' id='word_1_175' title='bbox 420 1909 572 1942; x_wconf 80' lang='lat' dir='ltr'>mandato</span> <span class='ocrx_word' id='word_1_176' title='bbox 597 1915 720 1949; x_wconf 89' lang='lat' dir='ltr'>nostro,</span> <span class='ocrx_word' id='word_1_177' title='bbox 743 1910 830 1942; x_wconf 77' lang='lat' dir='ltr'>iuxta</span> <span class='ocrx_word' id='word_1_178' title='bbox 857 1910 976 1943; x_wconf 80' lang='lat' dir='ltr'>formu·</span> <span class='ocrx_word' id='word_1_179' title='bbox 997 1906 999 1943; x_wconf 67' lang='grc' dir='ltr'><em>ἕ</em></span> 
     </span>
    </p>
   </div>
   <div class='ocr_carea' id='block_1_5' title="bbox 237 1962 976 2005">
    <p class='ocr_par' dir='ltr' id='par_1_7' title="bbox 237 1962 976 2005">
     <span class='ocr_line' id='line_1_34' title="bbox 237 1962 976 2005; baseline 0.003 -10"><span class='ocrx_word' id='word_1_180' title='bbox 237 1963 299 1995; x_wconf 90' lang='lat' dir='ltr'>lam</span> <span class='ocrx_word' id='word_1_181' title='bbox 320 1962 351 1994; x_wconf 89' lang='lat' dir='ltr'>in</span> <span class='ocrx_word' id='word_1_182' title='bbox 373 1962 596 2005; x_wconf 83' lang='lat' dir='ltr'>praesentium</span> <span class='ocrx_word' id='word_1_183' title='bbox 614 1963 794 1996; x_wconf 86' lang='lat' dir='ltr'>litterarum</span> <span class='ocrx_word' id='word_1_184' title='bbox 815 1965 902 1997; x_wconf 82' lang='lat' dir='ltr'>calce</span> <span class='ocrx_word' id='word_1_185' title='bbox 920 1975 976 1997; x_wconf 86' lang='lat' dir='ltr'>an-</span> 
     </span>
    </p>
   </div>
   <div class='ocr_carea' id='block_1_6' title="bbox 235 2015 1778 2221">
    <p class='ocr_par' dir='ltr' id='par_1_8' title="bbox 235 2015 1778 2221">
     <span class='ocr_line' id='line_1_35' title="bbox 235 2015 998 2056; baseline 0.005 -9"><span class='ocrx_word' id='word_1_186' title='bbox 235 2016 423 2056; x_wconf 86' lang='lat' dir='ltr'>notandam,</span> <span class='ocrx_word' id='word_1_187' title='bbox 450 2016 482 2048; x_wconf 89' lang='lat' dir='ltr'>in</span> <span class='ocrx_word' id='word_1_188' title='bbox 515 2015 662 2049; x_wconf 85' lang='lat' dir='ltr'>manibus</span> <span class='ocrx_word' id='word_1_189' title='bbox 692 2017 906 2050; x_wconf 83' lang='lat' dir='ltr'>commissarii</span> <span class='ocrx_word' id='word_1_190' title='bbox 944 2024 998 2051; x_wconf 55' lang='lat' dir='ltr'>et*</span> 
     </span>
     <span class='ocr_line' id='line_1_36' title="bbox 236 2064 998 2114; baseline 0.003 -13"><span class='ocrx_word' id='word_1_191' title='bbox 236 2068 411 2102; x_wconf 81' lang='lat' dir='ltr'>visitatoris</span> <span class='ocrx_word' id='word_1_192' title='bbox 442 2069 612 2112; x_wconf 80' lang='lat' dir='ltr'>apostolici</span> <span class='ocrx_word' id='word_1_193' title='bbox 645 2069 675 2102; x_wconf 91' lang='lat' dir='ltr'>in</span> <span class='ocrx_word' id='word_1_194' title='bbox 702 2070 847 2112; x_wconf 74' lang='lat' dir='ltr'>praefato</span> <span class='ocrx_word' id='word_1_195' title='bbox 874 2064 998 2114; x_wconf 78' lang='lat' dir='ltr'>impe-{</span> 
     </span>
     <span class='ocr_line' id='line_1_37' title="bbox 996 2118 1778 2168; baseline 0 -11"><span class='ocrx_word' id='word_1_196' title='bbox 996 2118 998 2133; x_wconf 61' lang='lat'>³</span> <span class='ocrx_word' id='word_1_197' title='bbox 1020 2130 1166 2168; x_wconf 85' lang='lat' dir='ltr'>tempore</span> <span class='ocrx_word' id='word_1_198' title='bbox 1193 2123 1395 2164; x_wconf 78' lang='lat' dir='ltr'>existentem,</span> <span class='ocrx_word' id='word_1_199' title='bbox 1428 2123 1598 2167; x_wconf 85' lang='lat' dir='ltr'>episcopos</span> <span class='ocrx_word' id='word_1_200' title='bbox 1624 2129 1656 2157; x_wconf 87' lang='lat' dir='ltr'>et</span> <span class='ocrx_word' id='word_1_201' title='bbox 1680 2125 1778 2161; x_wconf 59' lang='lat' dir='ltr'>vica,</span> 
     </span>
     <span class='ocr_line' id='line_1_38' title="bbox 996 2177 1757 2221; baseline 0.003 -12"><span class='ocrx_word' id='word_1_202' title='bbox 996 2187 997 2196; x_wconf 62' lang='lat'>¹</span> <span class='ocrx_word' id='word_1_203' title='bbox 1018 2178 1083 2211; x_wconf 88' lang='lat' dir='ltr'>rios</span> <span class='ocrx_word' id='word_1_204' title='bbox 1108 2177 1301 2221; x_wconf 77' lang='lat' dir='ltr'>apostolicos</span> <span class='ocrx_word' id='word_1_205' title='bbox 1326 2177 1367 2210; x_wconf 83' lang='lat' dir='ltr'>ad</span> <span class='ocrx_word' id='word_1_206' title='bbox 1392 2177 1573 2220; x_wconf 76' lang='lat' dir='ltr'>praefatam</span> <span class='ocrx_word' id='word_1_207' title='bbox 1610 2177 1757 2221; x_wconf 85' lang='lat' dir='ltr'>Congre-</span> 
     </span>
    </p>
   </div>
   <div class='ocr_carea' id='block_1_7' title="bbox 235 2121 976 2648">
    <p class='ocr_par' dir='ltr' id='par_1_9' title="bbox 235 2121 976 2648">
     <span class='ocr_line' id='line_1_39' title="bbox 235 2121 974 2165; baseline 0.005 -12"><span class='ocrx_word' id='word_1_208' title='bbox 235 2121 282 2155; x_wconf 91' lang='lat' dir='ltr'>rio</span> <span class='ocrx_word' id='word_1_209' title='bbox 306 2121 454 2154; x_wconf 84' lang='lat' dir='ltr'>Sinarurn</span> <span class='ocrx_word' id='word_1_210' title='bbox 475 2132 535 2165; x_wconf 90' lang='lat' dir='ltr'>pro</span> <span class='ocrx_word' id='word_1_211' title='bbox 557 2127 703 2165; x_wconf 86' lang='lat' dir='ltr'>tempore</span> <span class='ocrx_word' id='word_1_212' title='bbox 729 2122 906 2163; x_wconf 78' lang='lat' dir='ltr'>existentis,</span> <span class='ocrx_word' id='word_1_213' title='bbox 925 2125 974 2157; x_wconf 89' lang='lat' dir='ltr'>vel</span> 
     </span>
     <span class='ocr_line' id='line_1_40' title="bbox 235 2175 976 2219; baseline 0.004 -11"><span class='ocrx_word' id='word_1_214' title='bbox 235 2176 367 2209; x_wconf 82' lang='lat' dir='ltr'>alterius</span> <span class='ocrx_word' id='word_1_215' title='bbox 392 2175 431 2208; x_wconf 88' lang='lat' dir='ltr'>ab</span> <span class='ocrx_word' id='word_1_216' title='bbox 456 2175 512 2208; x_wconf 90' lang='lat' dir='ltr'>illo</span> <span class='ocrx_word' id='word_1_217' title='bbox 545 2176 704 2219; x_wconf 85' lang='lat' dir='ltr'>deputati,</span> <span class='ocrx_word' id='word_1_218' title='bbox 732 2176 809 2217; x_wconf 85' lang='lat' dir='ltr'>sive,</span> <span class='ocrx_word' id='word_1_219' title='bbox 837 2188 875 2210; x_wconf 87' lang='lat' dir='ltr'>eo</span> <span class='ocrx_word' id='word_1_220' title='bbox 902 2178 976 2211; x_wconf 81' lang='lat' dir='ltr'>deti-</span> 
     </span>
     <span class='ocr_line' id='line_1_41' title="bbox 236 2229 974 2273; baseline 0.004 -12"><span class='ocrx_word' id='word_1_221' title='bbox 236 2229 359 2269; x_wconf 86' lang='lat' dir='ltr'>ciente,</span> <span class='ocrx_word' id='word_1_222' title='bbox 400 2229 432 2262; x_wconf 92' lang='lat' dir='ltr'>in</span> <span class='ocrx_word' id='word_1_223' title='bbox 473 2229 622 2262; x_wconf 82' lang='lat' dir='ltr'>manibus</span> <span class='ocrx_word' id='word_1_224' title='bbox 660 2230 889 2273; x_wconf 88' lang='lat' dir='ltr'>episcoporum</span> <span class='ocrx_word' id='word_1_225' title='bbox 926 2233 974 2265; x_wconf 91' lang='lat' dir='ltr'>vel</span> 
     </span>
     <span class='ocr_line' id='line_1_42' title="bbox 236 2282 974 2328; baseline 0.004 -14"><span class='ocrx_word' id='word_1_226' title='bbox 236 2282 426 2316; x_wconf 81' lang='lat' dir='ltr'>vicariorum</span> <span class='ocrx_word' id='word_1_227' title='bbox 446 2283 703 2326; x_wconf 83' lang='lat' dir='ltr'>apostolicorum</span> <span class='ocrx_word' id='word_1_228' title='bbox 724 2284 881 2316; x_wconf 87' lang='lat' dir='ltr'>dictarum</span> <span class='ocrx_word' id='word_1_229' title='bbox 903 2295 974 2328; x_wconf 89' lang='lat' dir='ltr'>par-</span> 
     </span>
     <span class='ocr_line' id='line_1_43' title="bbox 238 2335 973 2380; baseline 0.007 -13"><span class='ocrx_word' id='word_1_230' title='bbox 238 2335 327 2375; x_wconf 88' lang='lat' dir='ltr'>tium,</span> <span class='ocrx_word' id='word_1_231' title='bbox 351 2336 383 2368; x_wconf 89' lang='lat' dir='ltr'>in</span> <span class='ocrx_word' id='word_1_232' title='bbox 397 2347 536 2379; x_wconf 87' lang='lat' dir='ltr'>quorum</span> <span class='ocrx_word' id='word_1_233' title='bbox 554 2337 733 2380; x_wconf 83' lang='lat' dir='ltr'>respective</span> <span class='ocrx_word' id='word_1_234' title='bbox 752 2337 973 2373; x_wconf 86' lang='lat' dir='ltr'>iurisdictione</span> 
     </span>
     <span class='ocr_line' id='line_1_44' title="bbox 237 2391 974 2432; baseline 0.005 -12"><span class='ocrx_word' id='word_1_235' title='bbox 237 2395 481 2422; x_wconf 82' lang='lat' dir='ltr'>commorantur</span> <span class='ocrx_word' id='word_1_236' title='bbox 515 2391 563 2423; x_wconf 88' lang='lat' dir='ltr'>vel</span> <span class='ocrx_word' id='word_1_237' title='bbox 589 2391 888 2432; x_wconf 82' lang='lat' dir='ltr'>commorabuntur,</span> <span class='ocrx_word' id='word_1_238' title='bbox 921 2398 974 2425; x_wconf 82' lang='lat' dir='ltr'>aut</span> 
     </span>
     <span class='ocr_line' id='line_1_45' title="bbox 237 2441 974 2487; baseline 0.007 -14"><span class='ocrx_word' id='word_1_239' title='bbox 237 2441 376 2474; x_wconf 88' lang='lat' dir='ltr'>aliorum</span> <span class='ocrx_word' id='word_1_240' title='bbox 400 2441 439 2473; x_wconf 86' lang='lat' dir='ltr'>ab</span> <span class='ocrx_word' id='word_1_241' title='bbox 465 2442 510 2474; x_wconf 89' lang='lat' dir='ltr'>eis</span> <span class='ocrx_word' id='word_1_242' title='bbox 535 2443 777 2486; x_wconf 84' lang='lat' dir='ltr'>deputatorum,</span> <span class='ocrx_word' id='word_1_243' title='bbox 807 2446 974 2487; x_wconf 78' lang='lat' dir='ltr'>regulares</span> 
     </span>
     <span class='ocr_line' id='line_1_46' title="bbox 236 2494 973 2541; baseline 0.005 -14"><span class='ocrx_word' id='word_1_244' title='bbox 236 2504 311 2527; x_wconf 86' lang='lat' dir='ltr'>vero</span> <span class='ocrx_word' id='word_1_245' title='bbox 347 2494 380 2525; x_wconf 92' lang='lat' dir='ltr'>in</span> <span class='ocrx_word' id='word_1_246' title='bbox 416 2494 563 2527; x_wconf 79' lang='lat' dir='ltr'>manibus</span> <span class='ocrx_word' id='word_1_247' title='bbox 597 2496 732 2539; x_wconf 85' lang='lat' dir='ltr'>insuper</span> <span class='ocrx_word' id='word_1_248' title='bbox 768 2497 973 2541; x_wconf 84' lang='lat' dir='ltr'>superiorum</span> 
     </span>
     <span class='ocr_line' id='line_1_47' title="bbox 237 2545 972 2594; baseline 0.004 -13"><span class='ocrx_word' id='word_1_249' title='bbox 237 2557 312 2581; x_wconf 87' lang='lat' dir='ltr'>suae</span> <span class='ocrx_word' id='word_1_250' title='bbox 338 2545 507 2590; x_wconf 84' lang='lat' dir='ltr'>religionis</span> <span class='ocrx_word' id='word_1_251' title='bbox 531 2547 579 2580; x_wconf 89' lang='lat' dir='ltr'>vel</span> <span class='ocrx_word' id='word_1_252' title='bbox 598 2548 636 2581; x_wconf 82' lang='lat' dir='ltr'>ab</span> <span class='ocrx_word' id='word_1_253' title='bbox 654 2549 716 2582; x_wconf 90' lang='lat' dir='ltr'>illis</span> <span class='ocrx_word' id='word_1_254' title='bbox 741 2550 972 2594; x_wconf 86' lang='lat' dir='ltr'>deputatorum</span> 
     </span>
     <span class='ocr_line' id='line_1_48' title="bbox 236 2599 972 2648; baseline 0.008 -15"><span class='ocrx_word' id='word_1_255' title='bbox 236 2601 269 2636; x_wconf 86' lang='lat' dir='ltr'>in</span> <span class='ocrx_word' id='word_1_256' title='bbox 295 2599 418 2634; x_wconf 88' lang='lat' dir='ltr'>eisdem</span> <span class='ocrx_word' id='word_1_257' title='bbox 443 2600 588 2644; x_wconf 85' lang='lat' dir='ltr'>partibus</span> <span class='ocrx_word' id='word_1_258' title='bbox 621 2602 842 2647; x_wconf 82' lang='lat' dir='ltr'>existentium,</span> <span class='ocrx_word' id='word_1_259' title='bbox 877 2615 972 2648; x_wconf 85' lang='lat' dir='ltr'>prae-</span> 
     </span>
    </p>
   </div>
   <div class='ocr_carea' id='block_1_8' title="bbox 322 2663 916 2696">
    <p class='ocr_par' dir='ltr' id='par_1_10' title="bbox 322 2663 916 2696">
     <span class='ocr_line' id='line_1_49' title="bbox 322 2663 916 2696; baseline 0.003 -4"><span class='ocrx_word' id='word_1_260' title='bbox 322 2663 403 2692; x_wconf 83' lang='lat' dir='ltr'>Butt.</span> <span class='ocrx_word' id='word_1_261' title='bbox 423 2663 509 2693; x_wconf 83' lang='lat' dir='ltr'>Rom.</span> <span class='ocrx_word' id='word_1_262' title='bbox 527 2679 560 2684; x_wconf 97' lang='lat'><strong>—</strong></span> <span class='ocrx_word' id='word_1_263' title='bbox 579 2664 638 2692; x_wconf 72' lang='lat' dir='ltr'>Vol.</span> <span class='ocrx_word' id='word_1_264' title='bbox 663 2665 738 2696; x_wconf 78' lang='lat' dir='ltr'><strong><em>XXI.</em></strong></span> <span class='ocrx_word' id='word_1_265' title='bbox 883 2666 916 2694; x_wconf 86' lang='lat'>85</span> 
     </span>
    </p>
   </div>
   <div class='ocr_carea' id='block_1_9' title="bbox 885 214 1157 238">
    <p class='ocr_par' dir='ltr' id='par_1_11' title="bbox 885 214 1157 238">
     <span class='ocr_line' id='line_1_50' title="bbox 885 214 1157 238; baseline 0 0"><span class='ocrx_word' id='word_1_266' title='bbox 885 214 1026 238; x_wconf 73' lang='lat' dir='ltr'>CLEMENS</span> <span class='ocrx_word' id='word_1_267' title='bbox 1052 214 1083 238; x_wconf 81' lang='grc' dir='ltr'>Χ]</span> <span class='ocrx_word' id='word_1_268' title='bbox 1109 215 1157 238; x_wconf 71' lang='grc' dir='ltr'>ΙΨ.</span> 
     </span>
    </p>
   </div>
   <div class='ocr_carea' id='block_1_10' title="bbox 994 266 1013 2370">
    <p class='ocr_par' dir='ltr' id='par_1_12' title="bbox 994 266 1013 2370">
     <span class='ocr_line' id='line_1_51' title="bbox 994 266 1013 2370; baseline 0 0"><span class='ocrx_word' id='word_1_269' title='bbox 994 266 1013 2370; x_wconf 95' lang='lat' dir='ltr'> </span> 
     </span>
    </p>
   </div>
   <div class='ocr_carea' id='block_1_11' title="bbox 1019 211 1967 1635">
    <p class='ocr_par' dir='ltr' id='par_1_13' title="bbox 1021 211 1967 1527">
     <span class='ocr_line' id='line_1_52' title="bbox 1673 211 1967 249; baseline 0.031 -9"><span class='ocrx_word' id='word_1_270' title='bbox 1673 211 1737 243; x_wconf 62' lang='lat'>6753</span> <span class='ocrx_word' id='word_1_271' title='bbox 1784 221 1831 247; x_wconf 76' lang='grc' dir='ltr'>Λιι.</span> <span class='ocrx_word' id='word_1_272' title='bbox 1853 221 1880 247; x_wconf 75' lang='lat' dir='ltr'>e.</span> <span class='ocrx_word' id='word_1_273' title='bbox 1901 221 1967 249; x_wconf 77' lang='lat'>1715</span> 
     </span>
     <span class='ocr_line' id='line_1_53' title="bbox 1031 264 1771 307; baseline 0.009 -14"><span class='ocrx_word' id='word_1_274' title='bbox 1031 268 1115 296; x_wconf 83' lang='lat' dir='ltr'>stare</span> <span class='ocrx_word' id='word_1_275' title='bbox 1132 264 1265 297; x_wconf 88' lang='lat' dir='ltr'>omnino</span> <span class='ocrx_word' id='word_1_276' title='bbox 1278 264 1417 297; x_wconf 81' lang='lat' dir='ltr'>debeant</span> <span class='ocrx_word' id='word_1_277' title='bbox 1435 276 1469 297; x_wconf 78' lang='lat' dir='ltr'>ac</span> <span class='ocrx_word' id='word_1_278' title='bbox 1489 271 1667 304; x_wconf 65' lang='lat' dir='ltr'>teneantur,</span> <span class='ocrx_word' id='word_1_279' title='bbox 1683 268 1771 307; x_wconf 88' lang='lat' dir='ltr'>itaut,</span> 
     </span>
     <span class='ocr_line' id='line_1_54' title="bbox 1031 317 1771 359; baseline 0.007 -11"><span class='ocrx_word' id='word_1_280' title='bbox 1031 321 1104 349; x_wconf 87' lang='lat' dir='ltr'>ante</span> <span class='ocrx_word' id='word_1_281' title='bbox 1124 317 1377 359; x_wconf 78' lang='lat' dir='ltr'>praestatIOncm</span> <span class='ocrx_word' id='word_1_282' title='bbox 1395 317 1564 352; x_wconf 83' lang='lat' dir='ltr'>iuramenti</span> <span class='ocrx_word' id='word_1_283' title='bbox 1584 319 1771 353; x_wconf 61' lang='lat' dir='ltr'>huiusmodi</span> 
     </span>
     <span class='ocr_line' id='line_1_55' title="bbox 1031 369 1771 413; baseline 0.004 -12"><span class='ocrx_word' id='word_1_284' title='bbox 1031 375 1061 401; x_wconf 91' lang='lat' dir='ltr'>et</span> <span class='ocrx_word' id='word_1_285' title='bbox 1075 369 1349 413; x_wconf 83' lang='lat' dir='ltr'>subscriptionem</span> <span class='ocrx_word' id='word_1_286' title='bbox 1371 370 1432 403; x_wconf 88' lang='lat' dir='ltr'>sub</span> <span class='ocrx_word' id='word_1_287' title='bbox 1453 371 1564 404; x_wconf 80' lang='lat' dir='ltr'>eadem</span> <span class='ocrx_word' id='word_1_288' title='bbox 1583 371 1718 405; x_wconf 75' lang='lat' dir='ltr'>formula</span> <span class='ocrx_word' id='word_1_289' title='bbox 1733 373 1771 404; x_wconf 74' lang='lat' dir='ltr'>ab</span> 
     </span>
     <span class='ocr_line' id='line_1_56' title="bbox 1031 422 1772 468; baseline 0.005 -15"><span class='ocrx_word' id='word_1_290' title='bbox 1031 431 1241 466; x_wconf 86' lang='lat' dir='ltr'>unoquoque,</span> <span class='ocrx_word' id='word_1_291' title='bbox 1257 422 1310 465; x_wconf 85' lang='lat' dir='ltr'>qui</span> <span class='ocrx_word' id='word_1_292' title='bbox 1329 422 1547 456; x_wconf 84' lang='lat' dir='ltr'>iuramentum</span> <span class='ocrx_word' id='word_1_293' title='bbox 1560 424 1666 467; x_wconf 86' lang='lat' dir='ltr'>ipsum</span> <span class='ocrx_word' id='word_1_294' title='bbox 1684 436 1772 468; x_wconf 82' lang='lat' dir='ltr'>prac-</span> 
     </span>
     <span class='ocr_line' id='line_1_57' title="bbox 1028 474 1770 519; baseline 0.007 -14"><span class='ocrx_word' id='word_1_295' title='bbox 1028 474 1160 515; x_wconf 63' lang='lat' dir='ltr'>¹stiterit,</span> <span class='ocrx_word' id='word_1_296' title='bbox 1185 476 1318 519; x_wconf 75' lang='lat' dir='ltr'>propria</span> <span class='ocrx_word' id='word_1_297' title='bbox 1351 486 1446 509; x_wconf 87' lang='lat' dir='ltr'>manu</span> <span class='ocrx_word' id='word_1_298' title='bbox 1484 477 1674 517; x_wconf 79' lang='lat' dir='ltr'>faciendam,</span> <span class='ocrx_word' id='word_1_299' title='bbox 1701 479 1770 511; x_wconf 88' lang='lat' dir='ltr'>nul-</span> 
     </span>
     <span class='ocr_line' id='line_1_58' title="bbox 1029 528 1771 564; baseline 0.005 -5"><span class='ocrx_word' id='word_1_300' title='bbox 1029 528 1094 560; x_wconf 90' lang='lat' dir='ltr'>lum</span> <span class='ocrx_word' id='word_1_301' title='bbox 1131 529 1328 562; x_wconf 81' lang='lat' dir='ltr'>missionarii</span> <span class='ocrx_word' id='word_1_302' title='bbox 1355 540 1470 562; x_wconf 81' lang='lat' dir='ltr'>munus</span> <span class='ocrx_word' id='word_1_303' title='bbox 1500 531 1692 564; x_wconf 86' lang='lat' dir='ltr'>continuare</span> <span class='ocrx_word' id='word_1_304' title='bbox 1718 537 1771 563; x_wconf 77' lang='lat' dir='ltr'>aut</span> 
     </span>
     <span class='ocr_line' id='line_1_59' title="bbox 1029 582 1768 627; baseline 0.004 -14"><span class='ocrx_word' id='word_1_305' title='bbox 1029 591 1206 621; x_wconf 80' lang='lat' dir='ltr'>exercere,</span> <span class='ocrx_word' id='word_1_306' title='bbox 1244 582 1307 615; x_wconf 91' lang='lat' dir='ltr'>imo</span> <span class='ocrx_word' id='word_1_307' title='bbox 1345 593 1405 615; x_wconf 82' lang='lat' dir='ltr'>nec</span> <span class='ocrx_word' id='word_1_308' title='bbox 1436 588 1599 626; x_wconf 85' lang='lat' dir='ltr'>tamquam</span> <span class='ocrx_word' id='word_1_309' title='bbox 1625 584 1768 627; x_wconf 82' lang='lat' dir='ltr'>deputati</span> 
     </span>
     <span class='ocr_line' id='line_1_60' title="bbox 1029 633 1766 677; baseline 0.005 -12"><span class='ocrx_word' id='word_1_310' title='bbox 1029 633 1068 665; x_wconf 87' lang='lat' dir='ltr'>ab</span> <span class='ocrx_word' id='word_1_311' title='bbox 1099 634 1261 677; x_wconf 86' lang='lat' dir='ltr'>episcopis</span> <span class='ocrx_word' id='word_1_312' title='bbox 1298 645 1358 668; x_wconf 83' lang='lat' dir='ltr'>seu</span> <span class='ocrx_word' id='word_1_313' title='bbox 1393 636 1571 668; x_wconf 84' lang='lat' dir='ltr'>Ordinariis</span> <span class='ocrx_word' id='word_1_314' title='bbox 1598 637 1766 677; x_wconf 80' lang='lat' dir='ltr'>locorum,</span> 
     </span>
     <span class='ocr_line' id='line_1_61' title="bbox 1028 687 1769 732; baseline 0.005 -14"><span class='ocrx_word' id='word_1_315' title='bbox 1028 692 1082 718; x_wconf 92' lang='lat' dir='ltr'>aut</span> <span class='ocrx_word' id='word_1_316' title='bbox 1108 692 1273 730; x_wconf 86' lang='lat' dir='ltr'>tamquam</span> <span class='ocrx_word' id='word_1_317' title='bbox 1300 687 1465 731; x_wconf 84' lang='lat' dir='ltr'>simplices</span> <span class='ocrx_word' id='word_1_318' title='bbox 1491 699 1567 722; x_wconf 81' lang='lat' dir='ltr'>suae</span> <span class='ocrx_word' id='word_1_319' title='bbox 1601 690 1769 732; x_wconf 75' lang='lat' dir='ltr'>religionis</span> 
     </span>
     <span class='ocr_line' id='line_1_62' title="bbox 1027 739 1769 783; baseline 0.004 -12"><span class='ocrx_word' id='word_1_320' title='bbox 1027 739 1224 783; x_wconf 67' lang='lat' dir='ltr'>presbytcri,</span> <span class='ocrx_word' id='word_1_321' title='bbox 1245 740 1311 773; x_wconf 84' lang='lat' dir='ltr'>sive</span> <span class='ocrx_word' id='word_1_322' title='bbox 1331 741 1395 774; x_wconf 84' lang='lat' dir='ltr'>alio</span> <span class='ocrx_word' id='word_1_323' title='bbox 1415 741 1529 783; x_wconf 87' lang='lat' dir='ltr'>quovis</span> <span class='ocrx_word' id='word_1_324' title='bbox 1548 742 1654 781; x_wconf 89' lang='lat' dir='ltr'>titulo,</span> <span class='ocrx_word' id='word_1_325' title='bbox 1675 744 1769 775; x_wconf 74' lang='lat' dir='ltr'>eausa</span> 
     </span>
     <span class='ocr_line' id='line_1_63' title="bbox 1027 793 1768 839; baseline 0.005 -15"><span class='ocrx_word' id='word_1_326' title='bbox 1027 802 1081 825; x_wconf 87' lang='lat' dir='ltr'>seu</span> <span class='ocrx_word' id='word_1_327' title='bbox 1107 793 1290 836; x_wconf 81' lang='lat' dir='ltr'>privilegio,</span> <span class='ocrx_word' id='word_1_328' title='bbox 1317 794 1356 826; x_wconf 87' lang='lat' dir='ltr'>de</span> <span class='ocrx_word' id='word_1_329' title='bbox 1383 795 1500 837; x_wconf 82' lang='lat' dir='ltr'>quibus</span> <span class='ocrx_word' id='word_1_330' title='bbox 1521 805 1682 837; x_wconf 79' lang='lat' dir='ltr'>expressa,</span> <span class='ocrx_word' id='word_1_331' title='bbox 1702 807 1768 839; x_wconf 79' lang='lat' dir='ltr'>spe-</span> 
     </span>
     <span class='ocr_line' id='line_1_64' title="bbox 1027 845 1767 889; baseline 0.005 -12"><span class='ocrx_word' id='word_1_332' title='bbox 1027 845 1117 878; x_wconf 83' lang='lat' dir='ltr'>cialis</span> <span class='ocrx_word' id='word_1_333' title='bbox 1158 852 1189 879; x_wconf 89' lang='lat' dir='ltr'>et</span> <span class='ocrx_word' id='word_1_334' title='bbox 1225 847 1457 889; x_wconf 76' lang='lat' dir='ltr'>specialissima</span> <span class='ocrx_word' id='word_1_335' title='bbox 1497 853 1581 880; x_wconf 82' lang='lat' dir='ltr'>esset</span> <span class='ocrx_word' id='word_1_336' title='bbox 1621 848 1767 881; x_wconf 75' lang='lat' dir='ltr'>facienda</span> 
     </span>
     <span class='ocr_line' id='line_1_65' title="bbox 1026 899 1767 938; baseline 0.004 -8"><span class='ocrx_word' id='word_1_337' title='bbox 1026 899 1158 938; x_wconf 81' lang='lat' dir='ltr'>incutio,</span> <span class='ocrx_word' id='word_1_338' title='bbox 1185 899 1445 932; x_wconf 78' lang='lat' dir='ltr'>christifidelium</span> <span class='ocrx_word' id='word_1_339' title='bbox 1471 900 1694 933; x_wconf 76' lang='lat' dir='ltr'>consessiones</span> <span class='ocrx_word' id='word_1_340' title='bbox 1713 912 1767 933; x_wconf 89' lang='lat' dir='ltr'>au-</span> 
     </span>
     <span class='ocr_line' id='line_1_66' title="bbox 1026 951 1767 996; baseline 0.004 -13"><span class='ocrx_word' id='word_1_341' title='bbox 1026 951 1106 991; x_wconf 87' lang='lat' dir='ltr'>dire,</span> <span class='ocrx_word' id='word_1_342' title='bbox 1123 952 1321 992; x_wconf 89' lang='lat' dir='ltr'>concionari,</span> <span class='ocrx_word' id='word_1_343' title='bbox 1338 958 1392 985; x_wconf 88' lang='lat' dir='ltr'>aut</span> <span class='ocrx_word' id='word_1_344' title='bbox 1409 958 1610 986; x_wconf 86' lang='lat' dir='ltr'>sacramenta</span> <span class='ocrx_word' id='word_1_345' title='bbox 1633 964 1767 996; x_wconf 85' lang='lat' dir='ltr'>quomo-</span> 
     </span>
     <span class='ocr_line' id='line_1_67' title="bbox 1026 1004 1763 1047; baseline 0.003 -10"><span class='ocrx_word' id='word_1_346' title='bbox 1026 1004 1149 1038; x_wconf 89' lang='lat' dir='ltr'>dolibet</span> <span class='ocrx_word' id='word_1_347' title='bbox 1174 1005 1401 1039; x_wconf 81' lang='lat' dir='ltr'>administrare</span> <span class='ocrx_word' id='word_1_348' title='bbox 1421 1007 1487 1039; x_wconf 92' lang='lat' dir='ltr'>ullo</span> <span class='ocrx_word' id='word_1_349' title='bbox 1506 1006 1601 1039; x_wconf 88' lang='lat' dir='ltr'>modo</span> <span class='ocrx_word' id='word_1_350' title='bbox 1624 1007 1763 1047; x_wconf 81' lang='lat' dir='ltr'>valeant,</span> 
     </span>
     <span class='ocr_line' id='line_1_68' title="bbox 1024 1057 1764 1101; baseline 0.003 -12"><span class='ocrx_word' id='word_1_351' title='bbox 1024 1057 1205 1101; x_wconf 80' lang='lat' dir='ltr'>nullisque¹</span> <span class='ocrx_word' id='word_1_352' title='bbox 1224 1059 1357 1092; x_wconf 86' lang='lat' dir='ltr'>omnino</span> <span class='ocrx_word' id='word_1_353' title='bbox 1380 1059 1602 1099; x_wconf 79' lang='lat' dir='ltr'>facultatibus,</span> <span class='ocrx_word' id='word_1_354' title='bbox 1623 1059 1688 1092; x_wconf 87' lang='lat' dir='ltr'>sive</span> <span class='ocrx_word' id='word_1_355' title='bbox 1705 1060 1764 1093; x_wconf 89' lang='lat' dir='ltr'>sibi</span> 
     </span>
     <span class='ocr_line' id='line_1_69' title="bbox 1024 1111 1763 1155; baseline 0.001 -12"><span class='ocrx_word' id='word_1_356' title='bbox 1024 1111 1201 1153; x_wconf 83' lang='lat' dir='ltr'>speciatim,</span> <span class='ocrx_word' id='word_1_357' title='bbox 1214 1111 1280 1144; x_wconf 90' lang='lat' dir='ltr'>sive</span> <span class='ocrx_word' id='word_1_358' title='bbox 1299 1112 1363 1144; x_wconf 84' lang='lat' dir='ltr'>suis</span> <span class='ocrx_word' id='word_1_359' title='bbox 1380 1111 1563 1155; x_wconf 82' lang='lat' dir='ltr'>respective</span> <span class='ocrx_word' id='word_1_360' title='bbox 1578 1112 1763 1151; x_wconf 85' lang='lat' dir='ltr'>Ordinibus,</span> 
     </span>
     <span class='ocr_line' id='line_1_70' title="bbox 1024 1165 1766 1206; baseline 0.001 -10"><span class='ocrx_word' id='word_1_361' title='bbox 1024 1165 1346 1206; x_wconf 79' lang='lat' dir='ltr'>congregationibus,</span> <span class='ocrx_word' id='word_1_362' title='bbox 1372 1165 1530 1197; x_wconf 86' lang='lat' dir='ltr'>institutis</span> <span class='ocrx_word' id='word_1_363' title='bbox 1556 1171 1587 1198; x_wconf 86' lang='lat' dir='ltr'>et</span> <span class='ocrx_word' id='word_1_364' title='bbox 1607 1165 1766 1198; x_wconf 81' lang='lat' dir='ltr'>societati-</span> 
     </span>
     <span class='ocr_line' id='line_1_71' title="bbox 1023 1217 1765 1259; baseline 0.004 -11"><span class='ocrx_word' id='word_1_365' title='bbox 1023 1217 1091 1256; x_wconf 88' lang='lat' dir='ltr'>bus,</span> <span class='ocrx_word' id='word_1_366' title='bbox 1119 1217 1216 1249; x_wconf 84' lang='lat' dir='ltr'>etiam</span> <span class='ocrx_word' id='word_1_367' title='bbox 1246 1217 1326 1256; x_wconf 89' lang='lat' dir='ltr'>Iesu,</span> <span class='ocrx_word' id='word_1_368' title='bbox 1354 1218 1539 1250; x_wconf 83' lang='lat' dir='ltr'>huiusmodi</span> <span class='ocrx_word' id='word_1_369' title='bbox 1566 1219 1765 1259; x_wconf 79' lang='lat' dir='ltr'>generaliter</span> 
     </span>
     <span class='ocr_line' id='line_1_72' title="bbox 1023 1270 1763 1315; baseline 0.003 -13"><span class='ocrx_word' id='word_1_370' title='bbox 1023 1281 1039 1302; x_wconf 88' lang='lat' dir='ltr'>a</span> <span class='ocrx_word' id='word_1_371' title='bbox 1072 1270 1154 1303; x_wconf 84' lang='lat' dir='ltr'>Sede</span> <span class='ocrx_word' id='word_1_372' title='bbox 1181 1271 1325 1314; x_wconf 77' lang='lat' dir='ltr'>praes-ata</span> <span class='ocrx_word' id='word_1_373' title='bbox 1351 1271 1516 1304; x_wconf 74' lang='lat' dir='ltr'>concessis</span> <span class='ocrx_word' id='word_1_374' title='bbox 1542 1271 1586 1304; x_wconf 88' lang='lat' dir='ltr'>uti</span> <span class='ocrx_word' id='word_1_375' title='bbox 1613 1273 1763 1315; x_wconf 82' lang='lat' dir='ltr'>possint,</span> 
     </span>
     <span class='ocr_line' id='line_1_73' title="bbox 1022 1323 1763 1368; baseline -0.001 -13"><span class='ocrx_word' id='word_1_376' title='bbox 1022 1323 1077 1356; x_wconf 86' lang='lat' dir='ltr'>sed</span> <span class='ocrx_word' id='word_1_377' title='bbox 1097 1324 1201 1367; x_wconf 83' lang='lat' dir='ltr'>quoad</span> <span class='ocrx_word' id='word_1_378' title='bbox 1221 1335 1291 1364; x_wconf 87' lang='lat' dir='ltr'>eos,</span> <span class='ocrx_word' id='word_1_379' title='bbox 1309 1330 1440 1367; x_wconf 85' lang='lat' dir='ltr'>praeter</span> <span class='ocrx_word' id='word_1_380' title='bbox 1458 1330 1489 1356; x_wconf 89' lang='lat' dir='ltr'>et</span> <span class='ocrx_word' id='word_1_381' title='bbox 1506 1325 1591 1357; x_wconf 86' lang='lat' dir='ltr'>ultra</span> <span class='ocrx_word' id='word_1_382' title='bbox 1609 1325 1763 1368; x_wconf 54' lang='lat' dir='ltr'>superius</span> 
     </span>
     <span class='ocr_line' id='line_1_74' title="bbox 1022 1378 1764 1420; baseline 0.001 -10"><span class='ocrx_word' id='word_1_383' title='bbox 1022 1387 1190 1420; x_wconf 77' lang='lat' dir='ltr'>expressas</span> <span class='ocrx_word' id='word_1_384' title='bbox 1209 1388 1342 1420; x_wconf 82' lang='lat' dir='ltr'>poenas,</span> <span class='ocrx_word' id='word_1_385' title='bbox 1366 1388 1477 1410; x_wconf 83' lang='lat' dir='ltr'>omnes</span> <span class='ocrx_word' id='word_1_386' title='bbox 1501 1382 1532 1410; x_wconf 85' lang='lat' dir='ltr'>et</span> <span class='ocrx_word' id='word_1_387' title='bbox 1557 1378 1703 1420; x_wconf 77' lang='lat' dir='ltr'>singulae</span> <span class='ocrx_word' id='word_1_388' title='bbox 1724 1380 1764 1411; x_wconf 86' lang='lat' dir='ltr'>sa-</span> 
     </span>
     <span class='ocr_line' id='line_1_75' title="bbox 1022 1431 1765 1474; baseline 0.004 -12"><span class='ocrx_word' id='word_1_389' title='bbox 1022 1431 1155 1463; x_wconf 84' lang='lat' dir='ltr'>eultates</span> <span class='ocrx_word' id='word_1_390' title='bbox 1175 1431 1360 1474; x_wconf 77' lang='lat' dir='ltr'>praedictae</span> <span class='ocrx_word' id='word_1_391' title='bbox 1380 1431 1512 1464; x_wconf 89' lang='lat' dir='ltr'>omnino</span> <span class='ocrx_word' id='word_1_392' title='bbox 1539 1437 1679 1472; x_wconf 76' lang='lat' dir='ltr'>cessent,</span> <span class='ocrx_word' id='word_1_393' title='bbox 1698 1433 1765 1465; x_wconf 90' lang='lat' dir='ltr'>nul-</span> 
     </span>
     <span class='ocr_line' id='line_1_76' title="bbox 1021 1484 1757 1527; baseline 0.003 -12"><span class='ocrx_word' id='word_1_394' title='bbox 1021 1484 1148 1527; x_wconf 84' lang='lat' dir='ltr'>liusque</span> <span class='ocrx_word' id='word_1_395' title='bbox 1173 1484 1300 1518; x_wconf 87' lang='lat' dir='ltr'>roboris</span> <span class='ocrx_word' id='word_1_396' title='bbox 1327 1484 1391 1517; x_wconf 88' lang='lat' dir='ltr'>sint</span> <span class='ocrx_word' id='word_1_397' title='bbox 1414 1490 1445 1517; x_wconf 90' lang='lat' dir='ltr'>et</span> <span class='ocrx_word' id='word_1_398' title='bbox 1463 1495 1531 1517; x_wconf 86' lang='lat' dir='ltr'>esse</span> <span class='ocrx_word' id='word_1_399' title='bbox 1551 1491 1757 1518; x_wconf 80' lang='lat' dir='ltr'>censeantur.</span> 
     </span>
    </p>

    <p class='ocr_par' dir='ltr' id='par_1_14' title="bbox 1019 1538 1958 1635">
     <span class='ocr_line' id='line_1_77' title="bbox 1064 1538 1958 1584; baseline -0.001 -13"><span class='ocrx_word' id='word_1_400' title='bbox 1064 1539 1078 1581; x_wconf 62' lang='grc' dir='ltr'>ἐ</span> <span class='ocrx_word' id='word_1_401' title='bbox 1104 1538 1134 1571; x_wconf 90' lang='grc'>7.</span> <span class='ocrx_word' id='word_1_402' title='bbox 1162 1538 1275 1572; x_wconf 86' lang='lat' dir='ltr'>Omnia</span> <span class='ocrx_word' id='word_1_403' title='bbox 1300 1544 1405 1572; x_wconf 88' lang='lat' dir='ltr'>autem</span> <span class='ocrx_word' id='word_1_404' title='bbox 1431 1539 1613 1571; x_wconf 86' lang='lat' dir='ltr'>iuramenta</span> <span class='ocrx_word' id='word_1_405' title='bbox 1639 1539 1753 1572; x_wconf 77' lang='lat' dir='ltr'>huius·</span> <span class='ocrx_word' id='word_1_406' title='bbox 1777 1549 1909 1584; x_wconf 62' lang='lat' dir='ltr'>.P&#39;&#39;“&#39;&#39;&#39;‚¹¹&#39;³.¹³</span> <span class='ocrx_word' id='word_1_407' title='bbox 1927 1550 1958 1570; x_wconf 73' lang='lat' dir='ltr'>m-</span> 
     </span>
     <span class='ocr_line' id='line_1_78' title="bbox 1019 1579 1957 1635; baseline 0.004 -13"><span class='ocrx_word' id='word_1_408' title='bbox 1019 1591 1107 1623; x_wconf 80' lang='lat' dir='ltr'>modi</span> <span class='ocrx_word' id='word_1_409' title='bbox 1127 1619 1134 1631; x_wconf 96' lang='lat'>,</span> <span class='ocrx_word' id='word_1_410' title='bbox 1173 1602 1231 1635; x_wconf 85' lang='lat' dir='ltr'>per</span> <span class='ocrx_word' id='word_1_411' title='bbox 1274 1602 1497 1635; x_wconf 83' lang='lat' dir='ltr'>quoscumque</span> <span class='ocrx_word' id='word_1_412' title='bbox 1537 1579 1957 1626; x_wconf 51' lang='lat' dir='ltr'>missionasiosisst&#39;iiini‘ssbssivisffci</span> 
     </span>
    </p>
   </div>
   <div class='ocr_carea' id='block_1_12' title="bbox 1021 1632 1958 1688">
    <p class='ocr_par' dir='ltr' id='par_1_15' title="bbox 1021 1632 1958 1688">
     <span class='ocr_line' id='line_1_79' title="bbox 1021 1632 1958 1688; baseline 0 -11"><span class='ocrx_word' id='word_1_413' title='bbox 1021 1650 1082 1677; x_wconf 84' lang='lat' dir='ltr'>tam</span> <span class='ocrx_word' id='word_1_414' title='bbox 1108 1646 1291 1678; x_wconf 77' lang='lat' dir='ltr'>saeculares</span> <span class='ocrx_word' id='word_1_415' title='bbox 1318 1656 1414 1688; x_wconf 84' lang='lat' dir='ltr'>quam</span> <span class='ocrx_word' id='word_1_416' title='bbox 1439 1646 1606 1688; x_wconf 81' lang='lat' dir='ltr'>regulares</span> <span class='ocrx_word' id='word_1_417' title='bbox 1632 1646 1665 1678; x_wconf 86' lang='lat' dir='ltr'>in</span> <span class='ocrx_word' id='word_1_418' title='bbox 1697 1632 1958 1679; x_wconf 54' lang='lat' dir='ltr'>me‚;t]‘,fg‚&#39;,{¹,}n¹s⁰⁰ggj</span> 
     </span>
    </p>
   </div>
   <div class='ocr_carea' id='block_1_13' title="bbox 1018 1681 1957 2060">
    <p class='ocr_par' dir='ltr' id='par_1_16' title="bbox 1018 1681 1957 2060">
     <span class='ocr_line' id='line_1_80' title="bbox 1020 1681 1957 1731; baseline 0 -1"><span class='ocrx_word' id='word_1_419' title='bbox 1020 1703 1219 1731; x_wconf 83' lang='lat' dir='ltr'>moratorum</span> <span class='ocrx_word' id='word_1_420' title='bbox 1248 1698 1314 1731; x_wconf 92' lang='lat' dir='ltr'>sive</span> <span class='ocrx_word' id='word_1_421' title='bbox 1347 1697 1562 1731; x_wconf 83' lang='lat' dir='ltr'>commissarii</span> <span class='ocrx_word' id='word_1_422' title='bbox 1589 1703 1619 1731; x_wconf 88' lang='lat' dir='ltr'>et</span> <span class='ocrx_word' id='word_1_423' title='bbox 1646 1681 1957 1731; x_wconf 44' lang='lat' dir='ltr'>visita-ssit&#39;ssiii&#39;sieh&#39;mn&#39;</span> 
     </span>
     <span class='ocr_line' id='line_1_81' title="bbox 1020 1750 1759 1794; baseline 0.001 -11"><span class='ocrx_word' id='word_1_424' title='bbox 1020 1751 1099 1783; x_wconf 89' lang='lat' dir='ltr'>toris</span> <span class='ocrx_word' id='word_1_425' title='bbox 1125 1750 1296 1794; x_wconf 85' lang='lat' dir='ltr'>apostolici</span> <span class='ocrx_word' id='word_1_426' title='bbox 1322 1761 1382 1794; x_wconf 83' lang='lat' dir='ltr'>pro</span> <span class='ocrx_word' id='word_1_427' title='bbox 1415 1756 1561 1794; x_wconf 84' lang='lat' dir='ltr'>tempore</span> <span class='ocrx_word' id='word_1_428' title='bbox 1595 1751 1759 1784; x_wconf 84' lang='lat' dir='ltr'>existentis</span> 
     </span>
     <span class='ocr_line' id='line_1_82' title="bbox 1019 1805 1758 1848; baseline 0.001 -11"><span class='ocrx_word' id='word_1_429' title='bbox 1019 1805 1084 1837; x_wconf 87' lang='lat' dir='ltr'>sive</span> <span class='ocrx_word' id='word_1_430' title='bbox 1110 1805 1341 1848; x_wconf 88' lang='lat' dir='ltr'>episcoporum</span> <span class='ocrx_word' id='word_1_431' title='bbox 1372 1811 1427 1838; x_wconf 82' lang='lat' dir='ltr'>aut</span> <span class='ocrx_word' id='word_1_432' title='bbox 1458 1805 1653 1838; x_wconf 88' lang='lat' dir='ltr'>vicariorum</span> <span class='ocrx_word' id='word_1_433' title='bbox 1685 1816 1758 1848; x_wconf 88' lang='lat' dir='ltr'>apo-</span> 
     </span>
     <span class='ocr_line' id='line_1_83' title="bbox 1019 1858 1760 1901; baseline 0 -11"><span class='ocrx_word' id='word_1_434' title='bbox 1019 1859 1209 1891; x_wconf 82' lang='lat' dir='ltr'>stolicorum</span> <span class='ocrx_word' id='word_1_435' title='bbox 1241 1859 1389 1891; x_wconf 87' lang='lat' dir='ltr'>manibus</span> <span class='ocrx_word' id='word_1_436' title='bbox 1424 1858 1506 1891; x_wconf 89' lang='lat' dir='ltr'>sicut</span> <span class='ocrx_word' id='word_1_437' title='bbox 1541 1858 1760 1901; x_wconf 84' lang='lat' dir='ltr'>praemittitur</span> 
     </span>
     <span class='ocr_line' id='line_1_84' title="bbox 1019 1911 1759 1954; baseline 0.001 -11"><span class='ocrx_word' id='word_1_438' title='bbox 1019 1912 1225 1953; x_wconf 76' lang='lat' dir='ltr'>praestanda,</span> <span class='ocrx_word' id='word_1_439' title='bbox 1241 1917 1413 1954; x_wconf 84' lang='lat' dir='ltr'>postquam</span> <span class='ocrx_word' id='word_1_440' title='bbox 1431 1911 1671 1953; x_wconf 78' lang='lat' dir='ltr'>subscriptione</span> <span class='ocrx_word' id='word_1_441' title='bbox 1691 1923 1759 1944; x_wconf 87' lang='lat' dir='ltr'>mu-</span> 
     </span>
     <span class='ocr_line' id='line_1_85' title="bbox 1019 1965 1755 2004; baseline 0.003 -8"><span class='ocrx_word' id='word_1_442' title='bbox 1019 1965 1084 1997; x_wconf 85' lang='lat' dir='ltr'>nita</span> <span class='ocrx_word' id='word_1_443' title='bbox 1109 1965 1228 1997; x_wconf 84' lang='lat' dir='ltr'>suerint</span> <span class='ocrx_word' id='word_1_444' title='bbox 1244 1991 1251 2004; x_wconf 89' lang='lat'>,</span> <span class='ocrx_word' id='word_1_445' title='bbox 1277 1965 1327 1997; x_wconf 87' lang='lat' dir='ltr'>vel</span> <span class='ocrx_word' id='word_1_446' title='bbox 1353 1965 1467 1997; x_wconf 83' lang='lat' dir='ltr'>saltem</span> <span class='ocrx_word' id='word_1_447' title='bbox 1494 1965 1680 1997; x_wconf 81' lang='lat' dir='ltr'>authentica</span> <span class='ocrx_word' id='word_1_448' title='bbox 1714 1966 1755 1998; x_wconf 89' lang='lat' dir='ltr'>il-</span> 
     </span>
     <span class='ocr_line' id='line_1_86' title="bbox 1018 2017 1760 2060; baseline 0.001 -10"><span class='ocrx_word' id='word_1_449' title='bbox 1018 2018 1122 2051; x_wconf 81' lang='lat' dir='ltr'>lorum</span> <span class='ocrx_word' id='word_1_450' title='bbox 1149 2019 1308 2060; x_wconf 83' lang='lat' dir='ltr'>exempla,</span> <span class='ocrx_word' id='word_1_451' title='bbox 1331 2028 1389 2060; x_wconf 91' lang='lat' dir='ltr'>per</span> <span class='ocrx_word' id='word_1_452' title='bbox 1415 2017 1547 2050; x_wconf 86' lang='lat' dir='ltr'>eosdem</span> <span class='ocrx_word' id='word_1_453' title='bbox 1573 2018 1760 2051; x_wconf 79' lang='lat' dir='ltr'>commissa-</span> 
     </span>
    </p>
   </div>
   <div class='ocr_carea' id='block_1_14' title="bbox 1018 2069 1758 2114">
    <p class='ocr_par' dir='ltr' id='par_1_17' title="bbox 1018 2069 1758 2114">
     <span class='ocr_line' id='line_1_87' title="bbox 1018 2069 1758 2114; baseline 0.001 -12"><span class='ocrx_word' id='word_1_454' title='bbox 1018 2071 1101 2103; x_wconf 88' lang='lat' dir='ltr'>rium</span> <span class='ocrx_word' id='word_1_455' title='bbox 1138 2076 1169 2103; x_wconf 90' lang='lat' dir='ltr'>et</span> <span class='ocrx_word' id='word_1_456' title='bbox 1205 2070 1406 2103; x_wconf 83' lang='lat' dir='ltr'>visitatorem</span> <span class='ocrx_word' id='word_1_457' title='bbox 1442 2069 1656 2113; x_wconf 87' lang='lat' dir='ltr'>apostolieum</span> <span class='ocrx_word' id='word_1_458' title='bbox 1700 2082 1758 2114; x_wconf 89' lang='lat' dir='ltr'>pro</span> 
     </span>
    </p>
   </div>
   <div class='ocr_carea' id='block_1_15' title="bbox 1016 2230 1761 2592">
    <p class='ocr_par' dir='ltr' id='par_1_18' title="bbox 1016 2230 1761 2592">
     <span class='ocr_line' id='line_1_88' title="bbox 1018 2230 1760 2274; baseline 0.001 -11"><span class='ocrx_word' id='word_1_459' title='bbox 1018 2231 1182 2274; x_wconf 84' lang='lat' dir='ltr'>gationem</span> <span class='ocrx_word' id='word_1_460' title='bbox 1208 2230 1433 2271; x_wconf 86' lang='lat' dir='ltr'>cardinalium,</span> <span class='ocrx_word' id='word_1_461' title='bbox 1451 2230 1669 2274; x_wconf 84' lang='lat' dir='ltr'>quantocitius</span> <span class='ocrx_word' id='word_1_462' title='bbox 1690 2231 1760 2265; x_wconf 82' lang='lat' dir='ltr'>fieri</span> 
     </span>
     <span class='ocr_line' id='line_1_89' title="bbox 1016 2284 1758 2328; baseline 0 -10"><span class='ocrx_word' id='word_1_463' title='bbox 1016 2284 1145 2328; x_wconf 87' lang='lat' dir='ltr'>poterit,</span> <span class='ocrx_word' id='word_1_464' title='bbox 1174 2285 1444 2317; x_wconf 86' lang='lat' dir='ltr'>transmittantur.</span> <span class='ocrx_word' id='word_1_465' title='bbox 1471 2284 1664 2327; x_wconf 86' lang='lat' dir='ltr'>Superiores</span> <span class='ocrx_word' id='word_1_466' title='bbox 1681 2296 1758 2318; x_wconf 87' lang='lat' dir='ltr'>vero</span> 
     </span>
     <span class='ocr_line' id='line_1_90' title="bbox 1017 2337 1761 2381; baseline 0 -10"><span class='ocrx_word' id='word_1_467' title='bbox 1017 2339 1185 2380; x_wconf 84' lang='lat' dir='ltr'>regulares</span> <span class='ocrx_word' id='word_1_468' title='bbox 1220 2337 1361 2370; x_wconf 81' lang='lat' dir='ltr'>cuiusvis</span> <span class='ocrx_word' id='word_1_469' title='bbox 1395 2337 1545 2376; x_wconf 76' lang='lat' dir='ltr'>Ordinis,</span> <span class='ocrx_word' id='word_1_470' title='bbox 1583 2348 1761 2381; x_wconf 79' lang='lat' dir='ltr'>congrega-</span> 
     </span>
     <span class='ocr_line' id='line_1_91' title="bbox 1017 2390 1757 2431; baseline 0 -7"><span class='ocrx_word' id='word_1_471' title='bbox 1017 2391 1123 2431; x_wconf 87' lang='lat' dir='ltr'>tionis,</span> <span class='ocrx_word' id='word_1_472' title='bbox 1148 2390 1288 2423; x_wconf 85' lang='lat' dir='ltr'>instituti</span> <span class='ocrx_word' id='word_1_473' title='bbox 1315 2396 1345 2423; x_wconf 89' lang='lat' dir='ltr'>et</span> <span class='ocrx_word' id='word_1_474' title='bbox 1365 2390 1538 2429; x_wconf 82' lang='lat' dir='ltr'>societatis,</span> <span class='ocrx_word' id='word_1_475' title='bbox 1556 2391 1653 2423; x_wconf 80' lang='lat' dir='ltr'>etiam</span> <span class='ocrx_word' id='word_1_476' title='bbox 1675 2391 1757 2431; x_wconf 85' lang='lat' dir='ltr'>Iesu,</span> 
     </span>
     <span class='ocr_line' id='line_1_92' title="bbox 1016 2443 1757 2486; baseline 0 -9"><span class='ocrx_word' id='word_1_477' title='bbox 1016 2444 1082 2477; x_wconf 86' lang='lat' dir='ltr'>illie</span> <span class='ocrx_word' id='word_1_478' title='bbox 1114 2454 1199 2476; x_wconf 87' lang='lat' dir='ltr'>nunc</span> <span class='ocrx_word' id='word_1_479' title='bbox 1231 2450 1263 2477; x_wconf 88' lang='lat' dir='ltr'>et</span> <span class='ocrx_word' id='word_1_480' title='bbox 1299 2454 1357 2486; x_wconf 87' lang='lat' dir='ltr'>pro</span> <span class='ocrx_word' id='word_1_481' title='bbox 1385 2449 1529 2486; x_wconf 85' lang='lat' dir='ltr'>tempore</span> <span class='ocrx_word' id='word_1_482' title='bbox 1556 2443 1757 2484; x_wconf 74' lang='lat' dir='ltr'>existentes,</span> 
     </span>
     <span class='ocr_line' id='line_1_93' title="bbox 1016 2496 1757 2540; baseline -0.001 -10"><span class='ocrx_word' id='word_1_483' title='bbox 1016 2499 1073 2530; x_wconf 89' lang='lat' dir='ltr'>sub</span> <span class='ocrx_word' id='word_1_484' title='bbox 1100 2497 1222 2530; x_wconf 83' lang='lat' dir='ltr'>eisdem</span> <span class='ocrx_word' id='word_1_485' title='bbox 1243 2496 1361 2540; x_wconf 84' lang='lat' dir='ltr'>poenis</span> <span class='ocrx_word' id='word_1_486' title='bbox 1380 2502 1553 2529; x_wconf 86' lang='lat' dir='ltr'>teneantur</span> <span class='ocrx_word' id='word_1_487' title='bbox 1570 2507 1635 2529; x_wconf 91' lang='lat' dir='ltr'>non</span> <span class='ocrx_word' id='word_1_488' title='bbox 1655 2499 1757 2530; x_wconf 87' lang='lat' dir='ltr'>solum</span> 
     </span>
     <span class='ocr_line' id='line_1_94' title="bbox 1016 2549 1755 2592; baseline -0.001 -9"><span class='ocrx_word' id='word_1_489' title='bbox 1016 2551 1102 2583; x_wconf 90' lang='lat' dir='ltr'>idem</span> <span class='ocrx_word' id='word_1_490' title='bbox 1125 2550 1343 2583; x_wconf 83' lang='lat' dir='ltr'>iuramentum</span> <span class='ocrx_word' id='word_1_491' title='bbox 1374 2549 1406 2582; x_wconf 89' lang='lat' dir='ltr'>in</span> <span class='ocrx_word' id='word_1_492' title='bbox 1437 2549 1658 2592; x_wconf 72' lang='lat' dir='ltr'>praefatorum</span> <span class='ocrx_word' id='word_1_493' title='bbox 1691 2549 1755 2582; x_wconf 88' lang='lat' dir='ltr'>sive</span> 
     </span>
    </p>
   </div>
   <div class='ocr_carea' id='block_1_16' title="bbox 1052 2611 1666 2648">
    <p class='ocr_par' dir='ltr' id='par_1_19' title="bbox 1052 2611 1666 2648">
     <span class='ocr_line' id='line_1_95' title="bbox 1052 2611 1666 2648; baseline -0.005 -8"><span class='ocrx_word' id='word_1_494' title='bbox 1052 2614 1062 2640; x_wconf 88' lang='lat'>1</span> <span class='ocrx_word' id='word_1_495' title='bbox 1085 2611 1157 2640; x_wconf 82' lang='lat' dir='ltr'>Edit.</span> <span class='ocrx_word' id='word_1_496' title='bbox 1178 2612 1262 2640; x_wconf 79' lang='lat' dir='ltr'>Maia.</span> <span class='ocrx_word' id='word_1_497' title='bbox 1283 2611 1350 2648; x_wconf 84' lang='lat' dir='ltr'>legit</span> <span class='ocrx_word' id='word_1_498' title='bbox 1370 2612 1539 2647; x_wconf 77' lang='lat' dir='ltr'>nulliusque</span> <span class='ocrx_word' id='word_1_499' title='bbox 1558 2612 1595 2646; x_wconf 78' lang='lat' dir='ltr'>(a.</span> <span class='ocrx_word' id='word_1_500' title='bbox 1617 2611 1666 2646; x_wconf 81' lang='grc' dir='ltr'>τ.).</span> 
     </span>
    </p>
   </div>
  </div>
 </body>
</html>
