2269 3203
484 192 547 223 4ssss

444 254 546 282 lantes
572 250 692 282 mentio
719 249 879 289 habenda,
906 254 960 281 aut
985 248 1093 291 aliqua
1117 247 1179 280 alia

443 300 603 344 exquisita
630 302 731 334 forma
756 302 795 334 ad
811 301 874 334 hoc
899 301 1057 334 servanda
1082 300 1177 339 foret,

444 360 573 387 tenores
591 353 779 386 huiusmodi
799 353 1029 396 praesentibus
1043 363 1101 395 pro
1116 353 1179 395 ple-

444 417 485 439 ne
508 411 540 439 et
565 406 766 439 sufficienter
792 405 954 447 expressis
986 415 1022 436 ac
1049 405 1088 437 de
1114 414 1181 436 ver-

444 459 486 491 bo
516 459 554 490 ad
581 459 714 490 verbum
743 456 872 489 insertis
904 457 1084 495 habenteS,
1117 456 1182 489 illis

444 510 522 542 alias
558 510 589 542 in
626 520 684 542 suo
716 509 834 541 robore
872 508 1115 550 permansuris,
1142 508 1182 540 ad

442 562 697 604 praemissorum
724 560 886 600 effectum,
903 561 961 592 hac
975 560 1044 592 vice
1060 560 1184 592 dumta-

443 621 505 655 xat,
530 614 718 657 specialiter
736 618 767 646 et
791 623 945 655 expresse
970 613 1183 655 derogamus,

447 677 483 699 ac
509 666 696 709 plenissime
719 671 751 698 et
769 665 969 707 amplissime
996 665 1185 707 derogatum

447 729 518 751 esse
536 720 701 768 volumius,
721 717 907 761 ceterisque
925 717 1097 751 contrariis
1116 718 1186 761 qui-

445 772 663 815 buscumque.

489 824 559 868 {5-
599 824 753 857 Volumus
786 828 894 856 autem
927 829 962 856 ut
998 824 1184 857 earumdem

446 877 668 921 praesentium
684 876 865 910 litterarum
884 877 1116 920 tramsumptis‚
1130 887 1187 910 seu

447 930 617 973 exemplis,
646 930 743 962 etiam
769 929 951 972 impressis,
971 940 1067 962 manu
1093 930 1188 963 alicu-

447 984 497 1016 ius
517 983 634 1017 notarii
659 982 782 1026 publici
804 983 1007 1025 subscriptis,
1026 987 1058 1015 et
1079 983 1188 1025 sigillo

447 1047 608 1080 personae
636 1037 667 1068 in
694 1035 915 1069 ecclesiastica
934 1036 1092 1078 dignitate
1115 1046 1190 1068 con-

447 1090 578 1123 stitutae
609 1089 764 1128 munitm,
792 1089 907 1121 eadem
942 1099 1077 1132 prorsus
1110 1088 1190 1121 fides

447 1142 643 1175 adhibeatur
669 1142 810 1184 ubique,
841 1152 925 1184 quae
958 1142 1190 1184 praesentibus

447 1194 528 1237 ipsis
554 1194 766 1227 adhiberetur
788 1194 812 1226 si
833 1194 941 1227 forent
958 1194 1122 1227 exhibitae
1139 1195 1189 1227 vel

448 1251 612 1280 ostensae.

491 1299 606 1332 Datum
632 1299 763 1338 Romae,
789 1300 874 1343 apud
907 1299 938 1333 S.
967 1299 1110 1340 Petrum,
1130 1300 1190 1333 sub

449 1353 570 1385 annulo
597 1352 794 1391 piscatoris,
820 1352 873 1385 die
905 1362 975 1386 xxiv
1005 1352 1189 1385 decembris

448 1414 583 1445 MDCCXI,
608 1403 817 1448 pontificatus
833 1405 935 1438 nostri
953 1415 1040 1437 anno
1060 1415 1115 1438 x11.

484 1465 546 1492 Dat.
564 1466 607 1493 die
623 1465 656 1492 24
671 1465 827 1493 decembris
847 1467 923 1498 1711,
937 1465 1035 1501 pontif.
1057 1475 1129 1493 anno
1142 1474 1188 1494 x11.

249 201 298 226 An.
320 202 336 226 C
372 201 431 227 1711

285 840 434 865 'fransumplo-

252 872 295 886 rum
311 866 371 886 tides.

752 1591 879 1623 CLXIII.

450 1661 671 1702 Confirmalur
704 1662 860 1693 concessio
885 1661 1016 1704 colleyic'
1047 1666 1075 1694 et
1100 1662 1192 1694 eccle-

492 1714 560 1746 siae
584 1714 624 1746 B.
651 1714 760 1755 Min
785 1713 947 1746 Montibus
972 1714 1011 1746 de
1037 1714 1120 1746 Urbe
1143 1715 1193 1756 fa-

492 1773 543 1798 cta
558 1766 755 1809 presbyteris
771 1767 1033 1809 conqreyalionis
1050 1766 1192 1799 Piorum

495 1819 738 1861 Operariorum,
758 1829 830 1851 cum
849 1820 1049 1862 exemptione
1073 1819 1113 1851 ab
1136 1819 1192 1852 Or-

493 1872 637 1905 dinariz's
651 1877 679 1905 ec
693 1872 889 1915 elai-qinom
902 1872 1155 1915 privileyiorum
1169 1872 1189 1905 ¹.

657 1943 791 1970 Clemens
812 1943 982 1977 episcopus,

639 1994 746 2014 servus
762 1994 919 2014 servorum
935 1987 997 2019 Dei,

564 2033 599 2057 ad
621 2033 799 2065 perpetuam
821 2032 867 2057 rei
887 2031 1071 2057 memoriam.

256 2103 442 2149 dwffiflussnssvffq
496 2092 672 2126 Salvatoris
688 2093 792 2125 nostri
806 2092 918 2133 vices²,
935 2093 1012 2126 licet
1025 2093 1191 2134 immeriti,

257 2162 309 2181 ginis
341 2155 421 2176 Mariae
437 2152 614 2189 .g01'ssIIICS,
634 2156 671 2179 Ca
692 2146 866 2189 pl‘aeCIPUG
896 2156 1010 2179 Curare
1035 2146 1191 2179 dEbssmUS

488 2227 497 2250 ‘l
523 2224 633 2250 Constit.
656 2224 720 2250 edit.
743 2231 838 2257 nnccx,
859 2224 902 2251 die
922 2225 937 2251 9
958 2225 1084 2258 ianuarii,
1101 2226 1192 2259 ponti-

451 2271 547 2295 ficatus
567 2277 592 2301 x,
613 2276 739 2294 concessa
755 2268 803 2295 fuit
822 2269 935 2295 facultas
955 2269 1105 2303 excipiendi
1126 2277 1192 2296 con-

451 2312 583 2338 fessiones
610 2313 669 2338 sine
702 2312 837 2338 Ordinarii
866 2312 994 2344 licentia,
1025 2316 1052 2339 et
1080 2312 1193 2339 Benedi-

452 2357 485 2382 cti
516 2355 572 2382 XIII
600 2356 707 2381 constit.
738 2355 803 2381 edit.
834 2362 964 2382 mcccxxv
978 2377 984 2388 ,
1005 2355 1048 2382 die
1067 2355 1084 2381 3
1104 2355 1190 2386 iunii,

452 2399 547 2434 pontif.
571 2405 597 2431 u,
619 2398 789 2425 interdicitur
817 2399 944 2425 omnibus
973 2398 1025 2425 sibi
1054 2407 1192 2425 assumere

452 2451 549 2470 nomen
570 2443 692 2470 Piorum
714 2443 933 2476 operariorum.

487 2487 503 2512 2
523 2486 749 2512 Constitutionem
770 2486 847 2512 istam
868 2485 1043 2513 emendamus
1063 2489 1191 2521 quantum

450 2538 604 2566 possumus,
620 2535 646 2557 at
661 2529 694 2557 ad
715 2529 960 2558 emendatissimam
981 2531 1095 2558 formam
1110 2530 1191 2559 redu-

451 2583 513 2602 cere
529 2575 640 2602 minime
660 2582 801 2609 speramus
821 2575 859 2609 (n.
876 2574 925 2609 T.).

1024 199 1203 223 BULLAIKIL'M
1229 199 1382 223 nOMANL'M

1965 201 2012 225 An.
2034 200 2062 226 C.
2086 200 2153 228 ¹7¹2

1222 246 1253 279 in
1281 247 1387 288 terris,
1407 258 1490 290 quae
1508 248 1594 280 idem
1615 248 1764 280 dominus
1785 253 1896 281 noster
1914 248 1958 281 le-
1970 262 2030 282 emus
2053 262 2154 283 ecciesia-

1223 310 1277 332 sus
1295 299 1441 333 Christus
1467 306 1557 333 curat
1575 300 1605 333 in
1624 300 1734 334 caelis.
1754 301 1832 334 Cum
1852 289 2155 345 itaq110113¹3¹1v54¹1¹2¹51>35.⁰'

1223 352 1306 395 ipse,
1325 364 1474 396 magnum
1493 359 1524 386 et
1542 353 1706 386 ineffabile
1727 354 1961 396 redemptionis

1224 410 1353 438 nostrae
1378 406 1567 449 mysterium
1594 405 1800 448 impleturus,
1815 417 1850 439 ex
1874 406 1961 439 omni

1225 459 1374 490 creatura
1398 458 1527 491 Mariam
1555 457 1717 499 Virginem
1754 458 1961 500 purissimam

1226 514 1322 552 atque
1339 510 1573 543 sanctissimam
1588 509 1648 542 sibi
1667 510 1858 552 genitricem
1873 521 1965 553 prae·

1227 562 1372 604 elegerit,
1398 566 1526 606 unaque
1553 573 1624 596 cum
1649 563 1813 596 uberrima
1838 564 1966 596 foecun-

1228 614 1326 647 ditate
1351 615 1546 657 virginitatis
1573 616 1682 648 florem
1709 615 1868 648 illibatum
1894 626 1965 659 per-

1228 672 1325 709 petuo
1352 668 1534 707 servaverit,
1554 673 1595 707 et,
1609 668 1729 711 Spiritu
1754 668 1871 701 Sancto
1897 679 1965 710 eam

1228 720 1464 761 obumbrante,
1497 726 1585 753 tanta
1619 721 1826 764 praefulserit
1862 721 1894 754 in
1931 723 1967 754 ed

1229 778 1411 806 sanctarum
1446 773 1702 817 pulchritudinis
1740 779 1773 806 et
1813 773 1966 806 virtutum

1230 826 1391 866 maiestas,
1410 832 1445 859 ut
1461 827 1509 859 sol
1536 832 1567 860 et
1591 828 1667 860 luna
1692 832 1824 870 totaque
1853 832 1968 860 natura

1231 889 1300 911 eain
1327 879 1480 912 mirantes
1506 880 1747 923 obstupuerint,
1766 890 1801 912 ac
1825 880 1968 913 infernus

1232 942 1360 974 quoque
1387 931 1639 972 contremuerit3
1664 932 1734 975 ipsa
1754 932 1895 975 quidem,
1914 932 1967 965 diu

1232 989 1403 1027 expectata
1424 985 1580 1028 patribus,
1603 985 1734 1018 tandem
1750 985 1885 1018 veniens
1904 995 1969 1028 gra·

1235 1036 1349 1068 tiarum
1375 1037 1551 1069 luminibus
1580 1042 1694 1070 ornata
1719 1047 1778 1070 nos
1803 1037 1971 1070 salutifera

1234 1090 1454 1123 foecunditate
1478 1092 1533 1123 sua
1560 1090 1709 1123 liberavit
1734 1101 1750 1122 a
1775 1090 1970 1133 captivitate,

1233 1148 1265 1175 et
1290 1144 1450 1186 serpentis
1477 1149 1574 1186 caput
1600 1144 1787 1186 triumphali
1807 1144 1891 1186 pede
1909 1144 1972 1176 eal-

1233 1206 1330 1235 cans,
1357 1196 1472 1228 amicta
1501 1197 1593 1235 sole,
1623 1197 1731 1229 lunam
1758 1196 1883 1229 habens
1910 1196 1970 1229 sub

1234 1248 1370 1291 pedibus
1386 1275 1393 1288 ,
1417 1248 1530 1281 victrix
1557 1249 1728 1282 duodecim
1753 1250 1873 1282 corona
1897 1250 1972 1282 stel-

1234 1302 1334 1333 larum
1360 1302 1399 1334 ab
1424 1306 1558 1334 aeterno
1584 1301 1672 1344 Rege
1697 1301 1766 1334 eius
1790 1300 1856 1334 filio
1881 1312 1972 1335 coro-

1235 1354 1314 1393 nari,
1331 1364 1366 1386 ac
1390 1364 1489 1397 super
1507 1355 1699 1396 angelorum
1714 1354 1834 1387 choros
1860 1354 1972 1397 regina

1234 1407 1315 1440 caeli
1334 1412 1365 1440 et
1387 1411 1491 1439 terrae
1510 1406 1662 1439 constitui
1681 1407 1873 1450 promeruit.
1892 1407 1972 1440 Dum

1237 1464 1323 1492 tanta
1356 1459 1545 1492 meritorum
1572 1458 1734 1501 insignia,
1760 1458 1876 1502 quibus
1903 1459 1973 1502 ipsa

1234 1512 1330 1555 Virgo
1354 1512 1409 1545 Dei
1436 1511 1574 1555 genitrix
1601 1511 1763 1554 gloriosa,
1786 1511 1916 1545 sedibus
1937 1511 1974 1545 il-

1235 1567 1299 1598 lata
1320 1566 1462 1609 sydereis
1477 1592 1484 1605 ,
1510 1565 1601 1608 quasi
1627 1566 1721 1598 stella
1746 1565 1885 1608 refulget
1907 1576 1974 1598 ma·

1235 1618 1350 1658 tutina,
1365 1618 1437 1661 piae
1452 1617 1723 1651 considerationis
1742 1618 1809 1651 acie
1826 1628 1975 1661 perscru-

1235 1676 1352 1711 tamur,
1380 1671 1524 1714 dignum,
1551 1670 1628 1714 quin
1654 1671 1762 1714 potius
1787 1676 1973 1713 reputamus

1236 1723 1391 1763 debitum,
1412 1728 1454 1763 ut,
1470 1723 1563 1755 sicuti
1586 1723 1786 1766 Redemptor
1803 1728 1915 1756 noster
1940 1728 1973 1756 et

1235 1776 1320 1809 Deus
1335 1777 1436 1819 ipsam
1457 1775 1705 1808 sacratissimam
1722 1776 1886 1818 Virginem
1901 1776 1974 1809 sub-

1235 1829 1358 1862 limavit
1386 1829 1418 1860 in
1444 1829 1550 1867 caelis,
1577 1828 1734 1861 honorari
1759 1838 1973 1871 procuremus

1235 1882 1267 1914 in
1294 1882 1409 1921 terri53
1428 1886 1460 1914 et
1485 1881 1515 1913 in
1542 1881 1687 1914 ecclesiis
1712 1891 1771 1914 suo
1792 1881 1924 1914 nomine
1943 1887 1974 1915 et

1235 1934 1356 1968 celebri
1383 1933 1614 1967 miraculorum
1634 1933 1726 1977 copia
1743 1934 1974 1977 ac'splendore

1235 1988 1415 2021 illustribus
1433 1987 1563 2020 assiduo
1585 1992 1693 2020 nostra
1708 1997 1767 2020 nos
1784 1987 1895 2030 pulsat
1911 1988 1975 2021 sol-

1235 2041 1377 2080 licitudo,
1403 2045 1438 2073 ut
1462 2050 1522 2083 per
1546 2039 1797 2072 ministrantium
1823 2039 1904 2073 vitae
1928 2040 1975 2072 in-

1237 2094 1419 2137 tegritatem
1443 2104 1637 2137 morumque
1662 2094 1847 2137 puritatem,
1873 2104 1975 2137 quan·

1236 2153 1301 2179 tum
1321 2147 1352 2179 in
1371 2147 1522 2180 humanis
1547 2147 1667 2179 viribus
1683 2152 1739 2186 est,
1758 2157 1816 2189 par
1833 2146 1888 2179 ille
1910 2145 1972 2178 sibi

1235 2199 1403 2242 religionis
1431 2199 1624 2232 exhibeatur
1648 2199 1680 2231 in
1705 2198 1827 2231 mundo
1853 2199 1970 2238 cultus,

1236 2253 1290 2296 qui
1308 2254 1346 2286 ab
1367 2254 1492 2296 angelis
1511 2263 1622 2285 eorum
1640 2252 1772 2294 reginae
1790 2251 1973 2284 ministran-

1237 2306 1320 2338 tibus
1346 2305 1520 2338 exhibetur
1552 2305 1583 2336 in
1617 2305 1717 2337 caelo.
1746 2304 1831 2337 Inter
1863 2304 2167 2356 huius-ecdefi’arafffissff

1235 2358 1322 2390 modi
1348 2358 1501 2390 ecclesias
1527 2357 1558 2389 in
1577 2358 1659 2389 alma
1677 2356 1761 2389 Urbe
1778 2358 1888 2402 nostra
1908 2357 1973 2390 exi·
1982 2361 2166 2408 [nio-''miiaae‘iii

1234 2415 1378 2447 stentes,
1412 2409 1499 2442 illam
1535 2409 1715 2441 clarescere
1751 2409 1971 2452 conspicimus
1982 2394 2094 2435 ffvgbtnss·
2146 2394 2151 2408 ι

1234 2461 1265 2493 S.
1293 2461 1407 2493 Mariae
1435 2462 1464 2493 in
1493 2461 1649 2494 Montibus
1674 2466 1911 2504 nuncupatam,
1937 2461 1970 2494 in

1235 2523 1298 2556 qua
1315 2513 1384 2546 eius
1401 2513 1620 2546 sacratissima
1641 2513 1748 2557 imago
1766 2513 1843 2547 olim
1861 2523 1896 2546 ex
1916 2514 1971 2546 hu-

1234 2565 1301 2599 mili
1326 2566 1398 2599 loco
1417 2565 1571 2599 divinitus
1590 2566 1715 2599 detecta
1739 2565 1970 2600 venerabiliter
