2269 3203
241 233 293 260 An.
311 232 340 258 C.
358 231 425 258 1702

268 454 425 473 Contrariorum
481 440 538 483 §4
554 440 624 473 Non
639 439 842 473 obstantibus
853 436 970 470 Urbani
986 435 1173 478 praedeces·
1192 427 1194 482 ζ

436 495 529 534 soris,
546 499 577 526 et
590 493 661 526 aliis
673 491 788 525 litteris
805 490 967 534 praefatis,
986 486 1171 528 ceterisque
1192 484 1194 512 ¹:

241 481 363 506 derogatio.

313 2468 375 2490 Fides
390 2470 446 2490 trau·

264 2498 399 2523 sumptorum.

434 292 528 315 secus
552 291 650 325 super
674 281 724 314 his
751 291 767 314 a
793 290 970 324 quoquam,
994 278 1103 322 quavis
1118 287 1171 310 au-

436 334 602 374 ctoritate,
629 333 770 366 scienter
795 333 845 365 vel
871 331 1069 374 ignoranter,
1096 337 1171 361 cou-

437 388 546 430 tigerit
569 386 732 420 attentari.

437 546 638 592 praemissis,
655 556 703 586 ac,
723 549 882 588 quatenus
902 551 982 585 opus
994 541 1044 579 sit,
1061 539 1171 572 nostra

437 607 468 635 et
480 599 699 634 Cancellariac
716 597 910 641 apostolicae
922 594 1032 637 regula
1047 592 1086 625 de
1101 592 1171 624 iure

436 653 581 698 quaesito
593 645 1172 691 nontollend0,aliisqueconstitutio-

436 707 532 740 nibus
558 711 589 738 et
613 702 870 737 ordinationibus
888 699 1173 744 apostolicis,uec-

438 770 502 793 non
521 756 788 801 Congregationis
807 754 980 798 Hispaniae
1001 751 1173 786 etOrdinis

438 812 704 856 praedictorum,
733 809 842 842 aliisve
868 806 1052 850 quibusvis,
1077 805 1172 838 etiam

438 867 629 904 iuramento,
645 861 887 896 confirmatione
908 859 1099 903 apostolica,
1124 859 1174 891 vel

438 919 550 962 quavis
578 916 726 949 firmitate
751 915 813 947 alia
838 913 1020 953 roboratis,
1049 911 1173 945 statutis

439 977 470 1004 et
505 968 807 1008 consuetudinibus,
835 967 931 1000 etiam
964 966 1172 999 immemora-

440 1025 575 1063 bilibus,
601 1022 780 1066 privilegiis
812 1030 959 1064 quoque,
986 1019 1120 1052 indultis
1145 1024 1177 1051 et

440 1077 553 1110 litteris
578 1075 787 1119 apostolicis,
825 1074 884 1106 sub
918 1074 1175 1116 quibuscumque

442 1130 610 1163 verborum
638 1128 808 1161 tenoribus
833 1133 865 1160 et
889 1126 1011 1166 formis,
1041 1136 1077 1158 ac
1105 1136 1176 1158 cum

441 1182 607 1227 quibusvis
627 1181 722 1214 etiam
744 1180 1021 1223 derogatoriarum
1045 1180 1178 1223 deroga-

441 1236 530 1270 toriis
550 1263 557 1277 ,
583 1235 718 1278 aliisque
745 1233 979 1267 efficacioribus
996 1261 1003 1274 ,
1031 1233 1178 1266 efficacis-

441 1289 530 1322 simis
563 1294 595 1321 et
619 1287 759 1320 insolitis
784 1287 936 1320 clausulis
962 1292 993 1320 et
1018 1286 1177 1326 decretis,

441 1343 474 1375 in
500 1352 619 1385 genere
652 1342 702 1374 vel
727 1341 758 1373 in
784 1340 919 1383 specie,
946 1340 1042 1373 etiam
1068 1345 1178 1380 motu,

442 1396 578 1429 scientia
608 1401 639 1428 et
670 1394 838 1438 potestatis
863 1393 1067 1437 plenitudine
1093 1393 1181 1426 simi-

443 1449 527 1482 libus
546 1459 604 1482 seu
625 1448 704 1481 alias
725 1447 974 1491 quomodolibet
998 1447 1031 1479 in
1057 1452 1181 1480 eontra-

443 1503 525 1536 rium
556 1503 811 1546 praemissorum
838 1501 1083 1543 quomodolibet
1106 1511 1181 1534 con-

446 1555 559 1595 cessis,
579 1554 787 1595 confirmatis,
815 1560 847 1587 et
863 1554 1047 1594 innovatis,
1065 1554 1182 1597 quibus

445 1609 597 1642 omnibus
634 1614 666 1641 et
690 1608 849 1651 singulis,
876 1608 1000 1641 etiamsi
1027 1618 1086 1651 pro
1112 1608 1183 1641 illo-

445 1672 517 1695 rum
543 1662 713 1695 sufficienti
739 1661 951 1704 derogatione
978 1662 1016 1694 de
1054 1661 1117 1694 illis
1151 1662 1185 1694 il-

446 1717 617 1759 lorumque
644 1715 718 1748 totis
744 1715 912 1748 tenoribus
938 1714 1101 1758 specialis,
1118 1725 1186 1758 spe-

447 1769 561 1809 citira,
593 1779 747 1812 expressa
780 1773 813 1801 et
843 1768 1011 1801 individua
1031 1796 1038 1809 ,
1079 1779 1115 1801 ac
1147 1769 1185 1801 de

447 1823 546 1856 verbo
565 1823 604 1855 ad
618 1823 764 1862 verbum,
784 1831 849 1854 non
864 1827 968 1854 autem
986 1831 1046 1865 per
1062 1822 1188 1854 clausu-

448 1878 494 1910 las
513 1876 684 1919 generales
708 1875 793 1908 idem
818 1875 1043 1918 importantes,
1065 1875 1187 1908 mentio

450 1940 506 1963 seu
533 1930 663 1973 quaevis
681 1929 742 1962 alia
767 1929 933 1972 expressio
952 1928 1114 1968 habenda,
1136 1935 1190 1961 aut

451 1984 557 2026 aliqua
583 1983 644 2015 alia
670 1982 830 2026 exquisita
855 1983 958 2016 forma
983 1983 1103 2015 adhoc
1124 1993 1190 2016 ser·
1211 2003 1212 2008 =

451 2036 554 2068 vanda
585 2037 693 2076 soret,
720 2042 850 2069 tenores
876 2036 1066 2069 huiusmodi
1099 2047 1191 2079 prae-

451 2090 595 2123 sentibus
620 2100 678 2133 pso
703 2091 800 2133 plene
841 2096 872 2123 et
907 2089 1108 2123 sufficienter
1138 2101 1191 2123 cx-

451 2143 571 2187 pressis
598 2153 633 2176 ac
659 2144 697 2176 de
716 2144 814 2177 verbo
839 2143 878 2177 ad
897 2143 1034 2176 verbum
1059 2143 1189 2176 insertis

452 2197 623 2235 babentes,
650 2196 713 2229 illis
732 2197 811 2229 alias
837 2197 868 2229 in
895 2207 953 2230 suo
980 2197 1095 2230 robore
1117 2207 1191 2240 pcr-

453 2249 620 2289 mansuris,
636 2249 673 2281 ad
685 2250 938 2292 praemissorum
955 2249 1114 2290 effectum,
1131 2251 1191 2283 hac

453 2302 521 2335 vice
547 2302 722 2342 dumtaxat,
749 2303 936 2345 specialiter
976 2308 1007 2336 et
1039 2313 1191 2346 expresse

455 2355 672 2397 derogamus;
709 2356 890 2399 ceterisque
925 2356 1097 2389 contrariis
1123 2356 1192 2399 qui-

455 2407 667 2450 huscumque.

500 2459 570 2502 55.
597 2459 749 2493 Volumus
786 2466 893 2494 autem
932 2467 966 2494 ut
1002 2461 1191 2495 earumdem

457 2513 675 2557 praesentium
694 2513 873 2547 litterarum
893 2516 1113 2559 transumptis,
1136 2526 1193 2548 seu

460 2566 629 2610 exemplis,
645 2565 741 2599 etiam
758 2567 935 2611 impressis,
948 2579 1046 2602 manu
1060 2569 1194 2603 alicuius

459 2620 577 2656 notarii
594 2620 716 2664 publici
733 2620 930 2665 subscriptis,
946 2628 977 2657 et
993 2623 1100 2667 sigillo
1122 2634 1196 2667 per-

1013 227 1195 254 BULLARIUM
1218 224 1371 252 ROMANUM

1214 286 1313 308 sonae
1339 275 1371 307 in
1398 272 1617 307 ecclesiastica
1642 271 1798 315 dignitate
1834 270 1954 304 consti-

1216 334 1300 361 tutae
1316 327 1457 367 munitis,
1471 326 1584 360 eadem
1599 336 1730 369 prorsus
1742 324 1820 358 fides
1832 323 1954 368 ubique

1215 383 1363 414 locorum
1381 380 1490 412 tamin
1513 379 1632 412 iudicio
1647 389 1744 423 quam
1767 384 1857 412 extra
1874 378 1954 411 illud

1216 434 1385 472 habeatur,
1413 443 1494 476 quac
1516 432 1595 476 ipsis
1609 431 1838 475 praesentibus
1858 431 1956 464 habe-

1215 491 1304 519 retur
1325 486 1350 518 si
1369 486 1476 518 forent
1496 485 1659 518 exhibitae
1677 485 1727 518 vel
1749 489 1909 517 ostensae.

1258 539 1371 572 Datum
1397 538 1533 578 Romae,
1559 537 1645 581 apud
1674 538 1705 570 S.
1735 537 1865 570 Mariam
1894 537 1958 570 Ma-

1216 594 1315 627 iorem
1335 619 1342 633 ,
1368 593 1427 625 sub
1453 592 1576 625 annulo
1605 591 1779 624 piscatoris
1799 618 1806 631 ,
1845 589 1896 624 die
1925 600 1957 623 vt

1216 646 1400 680 novembris
1424 655 1558 686 MDCCIl,
1591 644 1797 688 pontificatus
1833 643 1957 685 nostri,

1217 710 1301 733 anno
1327 710 1362 733 Π.

1254 761 1312 790 Dat.
1330 761 1373 789 die
1389 762 1405 788 6
1421 761 1579 790 novembris
1594 761 1673 795 1705),
1690 760 1784 796 pontis.
1802 767 1871 788 anno
1887 765 1914 787 11.

1554 906 1619 939 XL.

1221 985 1416 1019 Declaratur
1448 985 1642 1018 servandam
1662 995 1727 1018 esse
1758 984 1962 1017 constitutio-

1262 1049 1335 1071 nem
1351 1038 1539 1071 Innocentiz'
1557 1038 1588 1071 X
1601 1038 1638 1070 de
1656 1037 1872 1070 translatione
1887 1037 1961 1080 festi

1264 1092 1295 1125 S.
1321 1091 1493 1125 Francisci
1524 1091 1661 1125 Xaverii
1685 1091 1854 1124 Societaeis
1871 1090 1962 1131 Iesu,

1264 1145 1333 1178 unci
1359 1155 1432 1178 cum
1457 1144 1669 1188 indulqemid
1693 1144 1713 1177 ¹.

1435 1225 1570 1252 Clemens
1591 1225 1671 1258 Papa
1687 1225 1724 1252 XI
1739 1245 1745 1257 ‚

1364 1270 1400 1297 ad
1420 1270 1556 1297 futuram
1581 1269 1625 1296 rei
1646 1269 1827 1297 memoriam.

1267 1342 1341 1376 Cum
1363 1347 1494 1375 sanctae
1513 1342 1691 1374 memoriae
1711 1340 1887 1383 Gregorius
1901 1339 1963 1380 XV,

1223 1396 1256 1428 in
1281 1395 1398 1428 litteris
1425 1395 1456 1427 in
1480 1395 1585 1427 forma
1610 1394 1720 1427 Brevis
1738 1394 1789 1427 die
1807 1403 1865 1427 viu
1884 1392 1963 1426 iunii

1222 1458 1365 1490 MDcxxH,
1393 1448 1541 1482 omnibus
1567 1453 1598 1481 et
1631 1447 1766 1490 singulis
1796 1447 1964 1490 utriusque

1225 1513 1319 1536 sexus
1335 1502 1612 1542 christifidelibus,
1623 1511 1697 1534 vere
1712 1500 1968 1544 poenitentibus,

1225 1556 1383 1590 confessis
1409 1561 1439 1589 et
1457 1557 1549 1588 sacra
1567 1555 1798 1588 communione
1825 1554 1968 1594 resectis,

1227 1610 1281 1653 qui
1307 1609 1459 1642 ecclesias
1485 1607 1656 1641 Societatis
1680 1607 1760 1647 Iesu,
1786 1607 1836 1639 vel
1853 1617 1968 1640 earum

1228 1663 1382 1706 aliquam,
1410 1661 1443 1693 in
1470 1661 1550 1694 festo
1575 1660 1607 1693 S.
1635 1660 1802 1692 Francisci
1827 1658 1967 1699 Xaverii,

1229 1722 1303 1749 tunc
1328 1715 1378 1747 die
1405 1724 1428 1747 11
1454 1713 1634 1747 decembris
1661 1712 1818 1746 celebrari
1845 1712 1943 1745 solito
1961 1738 1968 1752 ,

1229 1780 1246 1801 a
1259 1768 1374 1812 primis
1389 1767 1534 1810 vesperis
1552 1776 1657 1809 usque
1670 1767 1707 1799 ad
1726 1776 1876 1799 occasum
1893 1764 1969 1798 solis

1230 1821 1376 1854 eiusdem
1402 1820 1464 1853 diei
1491 1820 1604 1852 devote
1630 1818 1837 1858 visitaverint,
1858 1817 1969 1860 ibique

1231 1886 1290 1918 pro
1305 1874 1562 1907 christianorum
1581 1872 1767 1916 principum
1786 1870 1970 1911 concordia,

1232 1929 1404 1962 haeresum
1430 1926 1666 1970 extimatione,
1694 1935 1730 1957 ac
1754 1931 1881 1958 sanctae
1906 1934 1972 1957 ma·

1233 1982 1289 2014 tris
1314 1981 1473 2014 Ecclesiae
1498 1978 1693 2012 exaltatione
1717 1978 1785 2021 pias
1810 1978 1849 2010 ad
1870 1977 1972 2010 Deum

1233 2045 1348 2078 preces
1381 2033 1579 2072 effuderint,
1611 2031 1791 2074 plenariam
1827 2030 1972 2063 omnium

1234 2093 1442 2132 peccatorum
1467 2096 1599 2119 suorum
1625 2084 1863 2127 indulgentiam
1882 2089 1974 2116 etre-

1234 2141 1421 2175 missionem
1445 2138 1701 2172 misericorditer
1726 2139 1757 2170 in
1779 2137 1916 2171 Domino
1942 2141 1974 2169 et

1234 2196 1266 2228 in
1299 2198 1496 2238 perpetuum
1528 2192 1745 2232 concesserit;
1779 2196 1810 2223 et
1845 2196 1973 2224 sanctae

1235 2248 1411 2281 memoriae
1437 2245 1585 2278 Urbanus
1610 2245 1684 2285 wli,
1706 2245 1737 2277 in
1763 2244 1827 2277 suis
1852 2244 1976 2287 pariter

1235 2300 1350 2334 litteris
1367 2310 1431 2333 xxu
1450 2298 1634 2332 decembris
1653 2307 1834 2332 uncxxxvni
1850 2324 1857 2337 ,
1882 2307 1975 2341 prae-

1236 2354 1333 2386 fatum
1358 2353 1486 2393 festum,
1514 2351 1787 2395 quandocumque
1812 2350 1845 2382 in
1870 2350 1975 2383 domi-

1959 220 2010 249 An.
2027 220 2056 247 C.
2075 220 2146 248 1702

2031 1350 2160 1371 Enarranlul'

1975 1378 2049 1397 variae
2059 1379 2161 1397 mutatio-

1975 1410 2012 1424 nes
2028 1405 2087 1424 circa
2102 1403 2160 1424 diem

1974 1430 2080 1456 praedicti
2113 1429 2162 1450 festi

1976 1461 1994 1478 ct
2007 1457 2161 1483 indulgentiae.

1235 2407 1340 2440 nicam
1372 2405 1509 2449 primam
1535 2405 1699 2438 Adventus
1722 2403 1881 2447 lineiderit
1902 2429 1909 2444 ,
1943 2402 1979 2436 in'

1291 2498 1302 2524 1
1325 2496 1385 2522 Alia
1409 2495 1577 2530 indulgentia
1605 2498 1677 2521 extat
1704 2494 1729 2520 in
1750 2493 1901 2521 innocentii
1928 2493 1973 2520 xtt

1237 2544 1325 2569 const.
1342 2540 1416 2568 edita
1434 2546 1505 2566 uoce
1523 2561 1529 2572 ,
1551 2539 1594 2566 die
1614 2540 1630 2565 6
1650 2539 1751 2571 martii,
1772 2539 1867 2574 pontif.
1888 2546 1931 2571 1x;
1950 2541 1978 2565 et

1237 2587 1265 2613 in
1284 2584 1422 2613 Benedicti
1441 2584 1500 2611 xtlt
1515 2585 1621 2612 constit.
1642 2584 1685 2612 ed.
1707 2590 1852 2617 moccxva
1875 2583 1919 2611 die
1942 2582 1977 2612 23

1238 2629 1414 2667 septembris,
1435 2629 1531 2665 pontif.
1553 2635 1591 2658 111.
