2269 3203
120 188 171 217 An.
192 187 220 214 C.
240 188 306 215 ¹716

148 2371 267 2393 iurisdictio
286 2374 307 2392 et

122 2399 210 2419 sut-uitas
224 2398 306 2418 arehie-

122 2426 202 2452 piscopi
251 2425 305 2444 occi-

122 2452 219 2474 dentalis,
227 2452 262 2477 qui
274 2456 306 2471 es-

121 2484 144 2499 se
159 2478 223 2498 debet
238 2477 306 2498 sacel-

121 2505 181 2525 lanus
193 2504 261 2525 maier
273 2509 306 2525 re·

945 185 1086 210 CLEMENS
1112 186 1143 209 xl
1170 186 1219 208 ΓΡ.

316 236 458 277 subsint,
485 238 689 280 designamus
722 242 753 270 et
783 236 975 279 deputamus
1001 234 1057 276 (ita

316 289 402 331 quod
420 289 505 323 idem
531 301 590 333 pro
610 295 757 333 tempore
777 288 918 321 existens
937 286 1058 320 arehie-

315 342 467 387 piscopus
484 342 744 387 Ulyssiponensis
764 341 931 375 orientalis
950 341 983 373 in
1003 340 1058 373 eis-

316 396 388 429 dem
406 396 616 439 Egitaniensi,
642 393 890 438 Portalegrensi‚
909 394 1058 426 Promon-

317 449 390 481 torii
420 449 555 489 Viridis,
584 448 616 482 S.
643 448 806 487 Thomae,
841 453 872 480 et
900 446 1057 489 Congensi

316 501 498 535 civitatibus
532 507 562 535 et
587 500 792 534 dioecesibus
818 500 867 532 ius
892 505 1060 543 metropo-

316 555 438 587 liticum
463 554 525 587 sibi
561 553 722 593 vindicet,
750 559 780 586 et
816 552 1056 595 Egitaniensis,

315 606 571 650 Portalegrensis
598 632 605 646 ‚
648 605 866 639 Promontorii
910 604 1026 638 Viridis
1049 632 1056 645 ‚

314 659 345 692 S.
374 658 537 699 Thomae,
565 664 597 692 et
621 657 798 701 Congensis
823 668 884 701 pro
910 663 1058 700 tempore

316 713 492 745 existentes
517 712 665 755 episcopi
691 712 797 746 eidem
824 722 884 755 pro
912 717 1058 754 tempore

315 760 464 799 existenti
491 765 739 809 archiepiscopo
758 764 1005 809 Ulyssiponensi
1025 775 1059 797 o-

314 818 442 851 rientali
469 818 508 851 ad
535 818 643 852 omnia
668 824 699 851 et
724 818 853 861 singula
887 822 1059 850 teneantur

314 877 346 904 et
362 871 425 904 sint
442 871 599 912 adstricti,
619 872 655 904 ad
675 883 757 915 quae
776 870 972 914 suffraganei
991 870 1058 914 qni-

313 934 452 968 cumque
489 925 554 957 suis
591 925 810 968 metropolitis
847 923 995 958 ecclesiis
1025 929 1058 956 et

313 977 574 1021 metropolitanis
606 978 692 1011 iuxta
717 978 889 1011 canonicas
917 977 1057 1010 sanctio-

313 1041 372 1064 nes
394 1036 546 1064 tenentur
564 1036 595 1064 et
611 1030 746 1074 obligati
772 1030 939 1073 existunt),
960 1040 994 1063 ac
1012 1030 1057 1063 ei-

314 1084 386 1117 dem
399 1094 459 1127 pro
475 1089 621 1128 tempore
636 1084 788 1118 existenti
806 1083 1056 1127 archiepiscopo

314 1137 465 1171 orientali
499 1138 685 1181 praedictos
722 1148 798 1171 suos
831 1136 1056 1180 suffraganeos

314 1191 547 1231 consecrandi,
572 1191 789 1234 provinciales
815 1191 956 1234 synodos
983 1201 1055 1224 evo-

314 1244 426 1283 candi,
455 1255 491 1277 ac
517 1254 589 1277 cum
617 1244 739 1277 eisdem
765 1243 980 1286 suffraganeis
1006 1254 1056 1277 ec-

312 1298 494 1331 clesiastica
515 1298 652 1340 negocia
677 1298 795 1340 agendi
818 1303 849 1330 et
867 1297 1056 1337 definiendi,

312 1361 424 1384 causas
469 1361 750 1394 quarumcumque
795 1351 1055 1394 appellationum

312 1403 378 1437 sive
400 1404 560 1448 querelas,
587 1404 676 1437 iuxta
700 1414 866 1437 sacrorum
893 1414 1054 1437 canonum

313 1463 345 1490 et
359 1457 480 1491 Concili
497 1457 679 1490 Tridentini
702 1457 838 1496 decreta,
859 1467 1056 1499 cognoscen-

313 1511 358 1552 di,
384 1511 560 1554 omniaque
585 1511 648 1544 alia
673 1516 704 1544 et
731 1512 859 1554 singula
884 1521 1056 1554 quaecum-

313 1575 389 1608 que,
416 1574 498 1607 quae
524 1564 563 1597 de
589 1563 669 1604 iure,
694 1574 766 1604 usu,
793 1563 1053 1604 consuetudine,

313 1622 365 1650 aut
391 1617 469 1650 alias
495 1617 728 1660 quoquomodo
761 1617 800 1650 ad
833 1617 1055 1660 archiepisco-

312 1681 373 1714 pos
404 1675 434 1703 et
459 1669 740 1713 archiepiscopale
766 1680 882 1703 munus
907 1676 1054 1714 spectare

313 1729 346 1757 et
369 1723 537 1767 pertinere
564 1724 680 1762 solent,
700 1728 732 1755 et
752 1723 897 1766 praecise
917 1724 955 1756 ad
974 1724 1055 1756 anti-

313 1787 414 1820 quum
449 1776 735 1819 archiepiscopum
768 1776 1055 1820 Ulyssiponensem

313 1835 408 1863 antea
448 1829 641 1872 spectabant
681 1835 712 1862 et
751 1829 986 1872 pertinebant,
1022 1830 1054 1863 in

312 1883 488 1917 medietate
511 1888 632 1916 tantum
660 1882 797 1915 civitatis
823 1882 1056 1926 Ulyssiponen-

313 1937 356 1970 sis
386 1947 497 1971 versus
527 1936 688 1969 orientem
718 1941 748 1969 et
784 1936 959 1969 medietate
990 1942 1056 1969 tan-

313 1995 381 2023 tum
398 1989 560 2024 dioecesis
581 1989 845 2033 Ulyssiponensis
868 1989 1054 2023 huiusmodi

314 2044 409 2077 etiam
428 2053 538 2077 versus
558 2043 715 2077 orientem
734 2042 778 2076 sic
797 2043 825 2076 ci
847 2053 905 2086 pro
924 2043 988 2076 suis
1006 2054 1055 2076 ar-

314 2097 561 2141 chiepiscopatu
589 2101 621 2130 et
646 2096 811 2129 territorio
834 2107 851 2128 a
876 2097 972 2129 nobis
997 2107 1056 2140 per

312 2155 505 2194 praesentes
529 2149 654 2183 relictis
672 2155 703 2182 et
719 2149 903 2192 assignatis,
919 2149 1054 2192 gerendi

315 2209 346 2236 et
371 2202 557 2243 exercendi,
575 2203 718 2246 plenam,
745 2201 880 2235 liberam
899 2208 931 2235 et
951 2203 1054 2235 omni-
1075 2230 1076 2236 ,

312 2257 441 2289 modam
462 2256 646 2288 facultatem
666 2255 939 2288 etauctoritatem
957 2256 1056 2289 relin-

315 2311 441 2353 quimus
464 2309 588 2354 pariter
613 2314 644 2341 et
669 2309 882 2352 assignamus.

360 2363 375 2406 ἓ
399 2363 430 2396 5.
457 2364 517 2396 Pro
542 2368 688 2406 tempore
724 2373 798 2395 vero
831 2362 981 2396 existenti
1007 2373 1054 2396 ar-

316 2415 527 2459 chiepiscopo
557 2415 802 2459 Ulyssiponensi
834 2416 1052 2456 occidentali,

317 2469 371 2512 qni
396 2478 526 2511 semper
550 2479 620 2502 esse
639 2470 757 2502 debeat
782 2470 965 2502 sacellarius
992 2480 1056 2502 nia-

1737 177 1800 210 729

1102 233 1218 276 quibus
1247 233 1306 266 frui
1333 233 1466 267 debebit
1492 235 1536 266 uti
1571 235 1752 267 sacellanus
1779 246 1844 268 uia-

1101 286 1151 319 ior
1178 286 1281 320 dictae
1301 287 1456 330 capellae,
1475 292 1506 320 et
1524 287 1670 329 praecise
1690 289 1772 320 ultra
1798 288 1843 320 iu-

1102 340 1328 374 risdictionem
1347 339 1548 383 spiritualem
1566 345 1596 372 et
1619 342 1844 383 temporalem,

1102 404 1184 436 quae
1211 393 1239 426 ei
1265 399 1453 436 competere
1479 392 1610 426 debebit
1631 403 1729 436 super
1754 393 1844 426 sami-

1102 446 1237 480 liaribus
1263 446 1361 489 regiis
1391 446 1530 489 aliisque
1556 445 1704 488 personis
1722 472 1729 485 ,
1758 445 1844 477 iuxta

1102 500 1239 532 sormam
1258 505 1289 532 et
1307 506 1454 533 tenorem
1474 498 1718 542 privilegiorum
1738 498 1843 531 eidem

1101 552 1267 585 sacellano
1284 551 1399 585 maiori
1418 551 1497 584 alias
1517 561 1759 590 concessorum,
1778 551 1844 583 ubi-

1102 614 1242 647 cumque
1267 603 1466 637 domicilium
1487 603 1694 643 habentibus,
1711 614 1765 636 seu
1788 604 1844 636 ha-

1101 657 1228 700 bituris>
1248 656 1343 690 etiam
1366 657 1436 701 ipse
1463 657 1720 691 iurisdictionem
1741 661 1772 689 et
1789 668 1844 689 au-

1101 709 1286 743 ctoritatem
1311 709 1343 742 in
1370 710 1504 750 clerum,
1531 711 1701 753 populum,
1727 714 1841 748 castra,

1101 762 1231 806 oppida,
1258 762 1361 803 villas,
1388 763 1565 803 territoria,
1590 763 1766 803 districtus,
1794 773 1844 795 ec-

1101 815 1217 848 clesias
1235 821 1266 848 et
1279 826 1447 859 personas,
1466 821 1528 848 tam
1547 816 1732 849 saeculares
1747 826 1842 858 quam

1101 868 1336 902 ecclesiasticas
1356 874 1387 902 et
1409 869 1584 911 regulares,
1609 868 1795 908 existentes,
1813 874 1844 901 et

1101 921 1271 954 existentia
1296 922 1328 954 in
1353 922 1526 955 medietate
1557 921 1695 954 civitatis
1722 926 1754 954 et
1777 931 1843 954 me-

1101 974 1220 1007 dietate
1246 974 1405 1008 dioecesis
1437 973 1701 1018 Ulyssiponensis
1731 973 1843 1006 huius-

1100 1027 1189 1061 modi
1214 1037 1326 1060 versus
1350 1027 1554 1061 occidentem
1574 1026 1600 1059 ei
1619 1026 1665 1059 sic
1692 1031 1726 1059 ut
1750 1036 1843 1069 prae-

1100 1081 1201 1114 fertur
1225 1080 1408 1123 assignatis,
1433 1080 1556 1113 habere
1583 1079 1712 1120 debeat,
1733 1090 1769 1112 ac
1788 1089 1841 1112 eas

1077 1140 1079 1152 ’
1100 1133 1203 1167 libere
1229 1139 1261 1166 et
1284 1133 1371 1166 licite
1399 1143 1551 1166 exercere
1578 1133 1691 1172 valeat,
1713 1142 1749 1164 ac
1769 1133 1842 1165 loca

1101 1192 1132 1220 et
1149 1197 1309 1230 personae
1331 1186 1520 1219 huiusmodi
1543 1186 1612 1219 eius
1633 1185 1840 1225 subiectioni,

1099 1239 1276 1273 visitationi
1296 1245 1328 1273 et
1349 1239 1545 1273 correctioni
1575 1250 1704 1283 semper
1721 1245 1751 1272 et
1772 1249 1840 1283 per-

1099 1298 1198 1336 petuo
1225 1293 1371 1326 subiecta
1396 1298 1583 1326 remaneant
1611 1292 1703 1336 (citra
1734 1298 1840 1325 tamen

1099 1347 1335 1389 praeiudicium
1369 1357 1582 1391 personarum
1613 1357 1670 1380 seu
1696 1348 1840 1380 locorum

1100 1401 1206 1433 forsan
1224 1401 1415 1434 habentium
1436 1401 1606 1444 privilegia
1624 1400 1840 1444 exemptionis

1099 1454 1138 1486 ab
1172 1453 1357 1487 huiusmodi
1390 1453 1598 1494 visitatione,
1631 1463 1714 1497 quae
1751 1453 1842 1486 firma

1098 1507 1223 1551 pariter
1247 1513 1279 1540 et
1303 1508 1419 1541 illaesa
1444 1518 1625 1549 remanere,
1646 1514 1677 1541 et
1695 1513 1728 1540 ut
1746 1514 1842 1541 antea

1099 1561 1138 1593 ab
1154 1561 1340 1594 huiusmodi
1359 1561 1543 1595 visitatione
1563 1566 1713 1605 exempta
1731 1572 1841 1605 respe-

1099 1614 1182 1647 ctive
1201 1624 1271 1648 esse
1294 1614 1472 1658 debeant),
1499 1625 1628 1648 necnon
1647 1615 1753 1648 eidem
1779 1626 1839 1659 pro

1099 1673 1242 1712 tempore
1269 1668 1419 1701 existenti
1445 1668 1697 1712 archiepiscopo
1722 1668 1841 1712 Ulyssi-

1098 1721 1238 1765 ponensi
1257 1722 1463 1763 occidentali,
1480 1723 1566 1755 ultra
1579 1722 1840 1756 iurisdictionem

1099 1779 1131 1808 et
1156 1775 1384 1808 auctoritatem
1408 1775 1440 1808 in
1465 1786 1622 1819 personas
1648 1781 1679 1809 et
1704 1777 1776 1809 loca
1807 1776 1840 1809 in

1099 1828 1272 1861 medietate
1298 1829 1436 1862 civitatis
1464 1834 1495 1861 et
1514 1829 1688 1862 medietate
1715 1829 1840 1862 dioece-

1099 1882 1142 1915 sis
1167 1881 1433 1926 Ulyssiponensis
1453 1882 1637 1916 huiusmodi
1660 1893 1772 1916 versus
1790 1893 1839 1916 oc-

1098 1936 1259 1968 cidentem
1285 1935 1331 1968 sic
1349 1940 1383 1968 ut
1406 1936 1589 1978 praefertur
1606 1937 1633 1969 ei
1656 1936 1839 1979 assignatis,

1098 1989 1291 2022 collationes
1309 2015 1317 2029 ,
1341 1989 1546 2032 provisiones
1578 1995 1609 2022 et
1634 1990 1837 2023 omnimodas

1098 2042 1176 2076 alias
1203 2041 1437 2085 dispositiones
1464 2041 1678 2085 dignitatum,
1706 2043 1840 2076 canoni-

1098 2102 1226 2129 catuum
1249 2101 1280 2129 et
1304 2095 1575 2138 praebendarum,
1593 2101 1837 2140 personatuum,

1098 2149 1416 2182 administrationum
1431 2176 1439 2189 ,
1472 2149 1651 2182 officiorum
1669 2177 1676 2189 ,
1705 2155 1835 2184 cetero-

1097 2213 1236 2246 rumque
1263 2201 1408 2235 omnium
1435 2207 1466 2234 et
1490 2201 1694 2245 singulorum
1719 2202 1840 2236 benefi-

1098 2256 1222 2289 ciorum
1255 2255 1568 2295 ecclesiasticorum,
1594 2266 1666 2288 cum
1700 2258 1775 2289 cura
1807 2262 1839 2289 et

1098 2309 1168 2342 sine
1194 2311 1282 2349 cura,
1300 2319 1336 2342 ac
1353 2308 1643 2352 praesentationes,
1662 2309 1838 2343 electiones

1098 2363 1138 2396 ad
1163 2363 1241 2402 illa,
1266 2361 1531 2395 confirmationes
1559 2368 1591 2395 et
1616 2362 1838 2396 institutiones

1074 2435 1076 2457 ἰ
1097 2416 1130 2449 in
1156 2415 1289 2455 eisdem,
1308 2420 1403 2448 antea
1427 2414 1460 2447 in
1487 2417 1551 2448 tota
1576 2415 1722 2448 dioecesi
1746 2415 1837 2458 Ulys-

1097 2469 1265 2512 siponensi
1303 2468 1545 2512 praedefunctis
1583 2468 1837 2511 archiepiscopis

121 2532 168 2557 gne
184 2531 287 2558 capenae.
316 2532 366 2555 101·
391 2521 495 2554 dictae
511 2521 620 2563 regiae
638 2524 794 2565 capellae,
812 2528 847 2555 ut
867 2523 967 2565 (ultra
984 2532 1056 2565 gra·
1097 2521 1406 2566 Ulyssiponensibus
1424 2526 1647 2564 competentes
1665 2521 1774 2563 (salvis
1798 2525 1839 2552 ta-

317 2575 387 2617 tias,
406 2573 586 2618 privilegia,
605 2576 848 2618 praerogativas
867 2581 899 2610 et
918 2576 1055 2617 indulta,
1097 2585 1174 2609 men
1199 2580 1230 2608 et
1261 2584 1392 2619 semper
1423 2574 1544 2609 illaesis
1578 2574 1700 2618 pariter
1733 2582 1837 2608 rema-

402 2625 482 2666 buu.
503 2636 587 2666 Rom.
610 2651 643 2657 —
667 2637 726 2668 roz.
748 2638 824 2667 XXI.
969 2638 1003 2666 92

1851 186 1900 213 An.
1923 186 1952 213 C.
1973 187 2039 214 1716
