2269 3203
247 184 342 212 amc.
366 185 432 213 171t
478 176 542 210 6⁶20

440 235 574 271 terdeno,
599 234 633 264 ed
656 234 872 265 amministrare
894 245 909 265 a
932 235 997 265 tutti
1020 236 1029 265 i
1052 236 1136 265 fedeli
1158 235 1179 264 li

439 283 600 313 santissimi
634 284 810 323 sagramenti
845 284 919 314 della
952 288 1032 314 santa
1056 284 1178 320 Chiesa,

439 341 523 362 come
547 332 651 371 prima,
675 342 690 362 e
713 343 794 363 come
817 333 873 362 mai
897 333 924 362 vi
946 333 1021 362 fosse
1054 336 1128 362 stato
1161 332 1180 361 il

440 381 575 411 suddetto
605 381 685 411 nullo
715 381 892 417 interdett03
922 390 937 410 e
970 385 1072 419 questo
1105 385 1180 411 sotto

439 439 513 469 pena
535 430 584 459 alli
607 430 839 460 contravenienti
862 439 877 459 e
906 429 1119 459 disobbedienti
1152 430 1180 459 di

438 479 606 508 scomuniea
639 479 786 516 maggiore
817 479 958 508 riservata
991 479 1017 507 al
1046 479 1180 508 suddetto

439 528 611 564 monsignor
643 527 758 564 giudice
791 526 865 556 della
900 527 1081 565 monarchia,
1105 527 1179 557 della

439 575 580 613 disgrazia
603 575 631 605 di
654 577 711 604 Sua
734 575 839 605 Maesta
869 576 943 615 (che
965 575 1015 605 Dio
1045 577 1178 615 guanti),

439 624 473 653 ed
495 625 568 654 altre
593 633 666 663 pene
689 633 704 653 a
728 625 775 654 noi
799 624 834 654 ed
856 634 871 654 a
893 625 971 655 detto
995 626 1180 664 monsignore

438 673 593 711 riservate,
617 683 632 703 e
654 683 713 703 non
736 674 905 704 altrimenti.

479 721 580 751 Datum
610 721 753 760 Liparae,
778 722 824 752 die
857 732 872 752 x
903 722 1012 753 mensis
1041 722 1179 754 februarii

438 778 576 800 unecxtv.
588 769 744 810 Asfiyatur.
768 770 931 801 Canonicus
948 771 979 801 D.
997 771 1103 802 losspn
1120 772 1180 801 ΜΑ-

439 827 534 848 norrA
567 819 726 858 delegatus.
762 819 902 850 Dominus
932 820 964 850 D.
995 820 1178 850 Fammsoes

437 866 556 904 Brinno,
581 868 721 906 magister
742 869 886 898 notarius,

268 930 351 962 imm-a
369 931 426 962 ‹iete-
481 920 550 964 52.
586 921 729 954 Subinde
764 932 840 954 vero
878 921 982 955 dietus
1019 923 1177 966 Iosephus

239 960 426 1015 ξὲἷὲεἶέὲῗψςῃὲῗ
437 973 580 1014 Marotta‚
607 975 657 1007 his
682 975 817 1008 minime
843 980 1023 1016 contentus,
1043 976 1178 1009 dilectos

240 1014 290 1067 151ιί1
306 1011 568 1070 ‘'¹5531550121qnoque
601 1027 685 1060 filios
711 1028 916 1061 Franciscum
943 1029 1092 1063 Canalem
1127 1040 1178 1062 ca-

239 1065 294 1085 '¹¹⁰''
436 1080 589 1113 nonicum
627 1086 658 1113 et
689 1082 866 1124 parochum
904 1083 1060 1115 ecclesiae
1086 1082 1179 1126 Lipa-

436 1133 552 1173 rensis,
579 1133 783 1166 Dominicum
808 1134 1048 1176 Francolinum,
1080 1136 1178 1169 Fran-

434 1186 1176 1232 ciscumCorsurn‚D0minicumSciachitanum‚

435 1240 593 1273 Alonsum
619 1240 748 1281 Bonica,
775 1242 997 1286 presbyteros,
1026 1247 1058 1275 et
1076 1243 1176 1275 Fran-

433 1293 552 1326 ciscum
578 1293 730 1327 Canalem
757 1294 926 1334 clericum,
950 1306 1016 1328 non
1043 1296 1177 1329 alterius

434 1346 543 1379 delicti
570 1358 652 1388 reOS,
671 1347 731 1380 nisi
758 1349 843 1391 quod
869 1349 1010 1382 affixioni
1037 1350 1177 1382 schedu-

433 1400 537 1432 larum
571 1401 916 1435 excommunicationis
950 1406 981 1435 et
1013 1402 1174 1435 interdicti

434 1451 620 1486 huiusmodi
647 1463 780 1497 operam
808 1465 898 1487 suam
920 1455 1121 1498 praestitisse
1141 1465 1176 1488 ac

433 1505 465 1537 in
491 1511 561 1538 actu
589 1506 788 1549 expulsionis
815 1507 893 1541 dicti
918 1508 1026 1541 Didaci
1064 1508 1174 1542 vicarii

433 1559 597 1600 generalis
629 1570 801 1604 campanas
831 1571 911 1594 sono
945 1561 1070 1594 funebri
1103 1562 1175 1605 pul-

430 1617 521 1645 sasse
557 1612 735 1646 insimulati
773 1614 915 1653 suerint,
953 1614 985 1647 in
1024 1624 1173 1647 carceres

434 1665 563 1699 detrudi
588 1666 692 1700 iussit.

264 1727 423 1766 causaegpne·
477 1718 547 1762 §3
579 1719 656 1753 Cum
692 1727 799 1754 autem
835 1721 928 1755 valde
967 1721 1171 1755 manifestum

237 1755 336 1802 3¹32?
357 1758 482 1819 {iiiii-'sin
508 1783 568 1806 nec
593 1774 764 1817 quisquam
791 1774 928 1807 inficiari
954 1776 1073 1815 valeat,
1101 1786 1173 1818 gra-

236 1811 305 1856 13313.
326 1808 595 1860 ⁶⁶⁴·'‘““'vissimam
620 1833 684 1859 tam
705 1827 869 1861 Ecclesiae
887 1839 981 1871 quam
1001 1828 1076 1861 huic
1097 1828 1170 1861 San·

433 1885 502 1912 ctae
528 1879 601 1913 Sedi
638 1880 761 1913 illatam
804 1881 904 1914 fuisse
943 1881 1093 1914 iniuriam
1134 1893 1169 1915 ex

431 1933 590 1975 praedicti
609 1933 717 1966 Didaci
737 1934 849 1967 vicarii
869 1935 1034 1977 generalis
1060 1936 1172 1979 expul-

431 1985 532 2025 sione,
557 1985 697 2029 aliisque
717 1987 904 2030 praemissis
923 1987 1077 2020 adversus
1099 1998 1171 2031 per-

431 2048 527 2071 sonas
554 2039 791 2072 ecclesiasticas
817 2040 976 2082 sacrilege
1002 2046 1171 2084 perpetra—

431 2090 490 2131 tis,
515 2092 710 2134 praesertim
742 2103 820 2126 vero
846 2103 882 2125 ex
908 2093 1169 2136 promulgatione

432 2144 528 2177 edicti
550 2146 741 2187 praeinserti
762 2146 943 2188 praefatum
961 2147 1169 2180 interdictum

431 2203 553 2231 temere
579 2199 793 2240 annullantis,
821 2205 888 2232 tum
914 2200 989 2243 quia
1011 2200 1169 2244 explorati

430 2251 511 2284 iuris
537 2258 585 2284 est
615 2254 741 2286 nullum
773 2253 931 2294 iudicem,
963 2264 1169 2297 quacumque

430 2305 561 2337 tandem
595 2310 757 2348 potestate
783 2312 814 2338 et
839 2306 1032 2339 auctoritate
1058 2306 1170 2339 sufful-

429 2361 508 2397 tum,
529 2358 657 2401 quoties
684 2359 723 2391 de
748 2359 1100 2399 excommunicatione,
1121 2359 1167 2390 in-

429 2410 579 2451 terdicto,
604 2411 715 2444 aliisve
731 2412 874 2444 censuris
890 2422 926 2444 ex
950 2414 1048 2444 causa
1062 2412 1169 2444 laesae

429 2473 484 2496 seu
508 2463 646 2497 violatae
671 2464 883 2497 immunitatis
916 2464 1166 2505 ecclesiasticae,

430 2527 466 2549 ac
489 2516 693 2560 potissimum
735 2517 773 2550 de
816 2517 948 2560 speciali
986 2522 1098 2550 nostro
1136 2522 1168 2550 et

429 2569 520 2601 Sedis
561 2570 768 2613 Apostolicae
809 2570 962 2603 mandato
989 2570 1085 2611 latis,
1116 2571 1167 2614 agi

1008 187 1190 212 BULLARIUM
1215 186 1373 212 nommntt

1222 235 1395 278 contingit,
1422 235 1454 268 in
1480 235 1610 269 illarum
1635 236 1810 269 validitatis
1837 246 1893 269 seu
1911 236 1960 269 in-

1222 288 1407 328 validitatis‚
1434 289 1573 322 iustitiae
1609 300 1666 322 seu
1697 289 1875 322 iniustitiae
1908 299 1961 322 co-

1224 341 1424 383 gnitionem,
1452 354 1533 386 quae
1567 336 1694 376 nonnisi
1727 343 1821 376 nobis
1855 353 1891 376 ac
1916 343 1961 376 ei-

1224 394 1296 426 dem
1333 394 1407 427 Sedi
1447 401 1609 429 reservata
1635 401 1709 437 est,
1745 406 1779 429 se
1813 396 1961 438 ingerere

1225 457 1333 488 posse,
1371 453 1435 480 tum
1461 449 1557 481 etiarn
1596 448 1669 492 quia
1698 449 1773 481 satis
1812 448 1962 481 similiter

1224 506 1431 542 perspectum
1458 507 1514 540 est,
1543 501 1715 534 ecclesiam
1749 501 1959 544 Liparensem

1224 552 1319 584 nobis
1343 564 1380 585 ac
1405 553 1509 587 dictae
1535 553 1609 587 Sedi
1640 553 1826 587 immediate
1852 553 1960 587 subie-

1224 610 1306 637 ctam
1334 616 1414 645 esse,
1439 612 1470 639 et
1495 607 1601 650 quoad
1627 607 1808 650 spiritualia
1841 618 1858 640 a
1883 617 1961 651 quo-

1223 669 1436 702 rumcumque
1474 661 1685 693 tribunalium
1723 661 1819 694 etiarn
1860 662 1962 694 eccle-

1223 711 1423 744 siasticorum
1455 713 1547 756 regni
1577 713 1704 746 Siciliae
1738 713 1961 747 iurisdictione

1224 771 1403 808 exemptam
1431 770 1463 798 et
1495 766 1631 799 liberam
1663 766 1825 808 existere,
1858 776 1962 810 quan-

1224 818 1412 861 doquidem,
1430 819 1506 851 licet
1531 819 1615 852 dicta
1641 819 1749 852 civitas
1775 819 1960 864 Liparensis

1223 881 1308 904 anno
1334 881 1432 905 MDClx
1463 882 1521 915 per
1551 873 1658 905 clarae
1684 873 1860 906 memoriae
1886 873 1960 905 Phi-

1223 923 1346 966 lippum
1372 924 1423 965 ltt,
1445 925 1519 957 dum
1545 925 1631 964 vixit,
1658 925 1884 969 Hispaniarum
1909 936 1960 958 re-

1223 987 1294 1019 gem
1321 977 1528 1017 catholicum,
1567 978 1620 1022 qui
1658 979 1755 1011 etiam
1789 979 1960 1022 utriusque

1222 1029 1349 1063 Siciliae
1374 1041 1429 1064 rex
1455 1031 1620 1071 existebat,
1643 1043 1660 1064 a
1686 1042 1786 1074 regno
1812 1032 1961 1075 Neapoli-

1223 1089 1297 1117 tano
1323 1095 1383 1127 pro
1409 1085 1524 1118 maiori
1558 1084 1786 1118 commoditate
1811 1085 1960 1128 gubernii

1222 1137 1451 1171 dismembrata
1477 1143 1509 1170 et
1533 1142 1682 1182 separata
1713 1149 1750 1172 ac
1779 1139 1883 1172 eidem
1910 1149 1961 1171 re-

1222 1201 1285 1233 gno
1311 1191 1437 1225 Siciliae
1464 1193 1548 1225 ultra
1572 1192 1714 1225 Pharum
1743 1193 1832 1225 unita
1857 1197 1888 1226 et
1912 1191 1961 1225 in-

1221 1250 1391 1288 corporata
1416 1245 1529 1286 suerit,
1558 1246 1731 1279 indubitati
1749 1238 1859 1282 'taffen
1880 1245 1960 1290 iuris

1221 1302 1280 1337 est,
1302 1298 1461 1331 eiusmodi
1480 1298 1802 1332 dismembrationem
1820 1304 1852 1331 et
1869 1298 1960 1331 unio·

1221 1360 1303 1390 nem,
1322 1351 1390 1384 sola
1420 1351 1554 1384 seculari
1583 1362 1618 1384 ac
1642 1350 1731 1394 regia
1755 1351 1959 1391 auctoritate,

1220 1409 1253 1435 ut
1277 1404 1471 1446 praefertur,
1505 1405 1611 1443 factas,
1639 1406 1745 1438 locum
1773 1405 1894 1437 habere
1919 1404 1959 1437 ad

1219 1465 1376 1489 summum
1404 1456 1547 1499 potuisse
1579 1458 1685 1501 quoad
1724 1468 1761 1490 ea
1795 1467 1877 1501 quae
1903 1467 1960 1499 gu-

1219 1509 1366 1542 bernium
1381 1520 1417 1542 ac
1437 1510 1582 1553 regimen
1600 1520 1708 1543 rerum
1727 1510 1958 1554 temporalium

1219 1563 1381 1596 dumtaxat
1406 1569 1621 1604 concernunt,
1655 1575 1692 1597 ac
1724 1575 1856 1608 semper
1888 1564 1958 1597 sine

1218 1616 1418 1658 praeiudicio
1460 1616 1574 1649 directi
1616 1616 1750 1649 dominii
1790 1617 1957 1661 utriusque

1217 1668 1342 1701 Siciliae
1368 1668 1554 1701 huiusmodi
1581 1668 1764 1712 iuriumque
1786 1669 1826 1702 ab
1845 1679 1883 1702 6ο
1903 1670 1958 1703 de·

1217 1721 1430 1764 pendentium
1465 1722 1503 1754 ad
1541 1722 1687 1754 eamdem
1715 1721 1830 1755 Sedem
1860 1722 1956 1755 etiam

1217 1775 1248 1807 in
1261 1775 1504 1818 temporalibus,
1522 1780 1557 1807 ut
1576 1780 1690 1808 notum
1716 1781 1778 1815 est,
1793 1775 1958 1818 pertinen-

1216 1828 1320 1867 tium,
1354 1838 1518 1871 nunquam
1551 1839 1628 1861 vero
1661 1824 1768 1872 quoad
1798 1839 1836 1861 ea
1872 1838 1955 1872 quae

1216 1881 1526 1915 administrationem
1541 1891 1650 1914 rerum
1662 1881 1956 1914 ecclesiasticarum

1215 1945 1250 1967 ac
1275 1935 1491 1978 spiritualium
1519 1934 1708 1978 respiciunt,
1736 1945 1873 1978 quarum
1893 1940 1957 1968 sta-

1215 1993 1280 2020 tum
1307 1994 1338 2020 et
1363 1989 1509 2021 ordinem
1536 1988 1658 2021 laicalis
1679 1994 1822 2032 potestas
1840 1989 1956 2022 immu-

1215 2047 1281 2075 tare
1303 2052 1367 2075 non
1392 2042 1508 2075 valuit:
1535 2042 1622 2076 unde
1648 2053 1708 2076 nec
1730 2034 1954 2085 indulgentiae

1214 2094 1288 2128 illae
1314 2100 1345 2127 et
1370 2095 1492 2137 gratiae
1531 2100 1594 2127 tam
1633 2095 1819 2138 spirituales
1856 2105 1954 2138 quam

1216 2149 1409 2192 temporales
1436 2149 1598 2182 cruciatae
1626 2154 1756 2182 sanctae
1785 2159 1954 2192 nuncupa-

1215 2206 1277 2241 tae,
1304 2201 1381 2234 alias
1407 2201 1445 2234 ab
1472 2202 1531 2234 1136
1563 2201 1677 2234 Sancta
1709 2201 1791 2234 Sede
1816 2201 1953 2235 diversis

1214 2254 1400 2287 earumdem
1427 2254 1652 2297 Hispaniarum
1684 2254 1816 2296 regibus
1840 2254 1954 2287 catho-

1213 2306 1291 2346 licis,
1317 2306 1488 2349 religionis
1513 2307 1706 2339 christianae
1739 2312 1851 2340 contra
1875 2307 1953 2339 Tur-

1213 2359 1477 2391 cas‘defensioni
1507 2359 1791 2400 incumbentibus,
1822 2370 1952 2394 necnon

1211 2411 1479 2444 christifidelibus
1497 2411 1527 2443 in
1552 2412 1697 2455 ipsarum
1722 2413 1951 2456 Hispaniarum

1210 2464 1318 2507 regnis
1344 2470 1375 2497 et
1392 2464 1456 2497 illis
1473 2465 1697 2498 adiacentibus
1724 2477 1761 2499 ac
1783 2466 1950 2500 Sardiniae

1210 2518 1325 2550 insulis
1351 2518 1612 2558 consistentibus
1640 2524 1672 2552 et
1696 2520 1734 2552 ad
1761 2519 1818 2553 illa
1848 2519 1949 2553 decli-

1210 2571 1375 2611 nantibus,
1418 2571 1470 2614 qni
1512 2572 1670 2614 quaedam
1705 2572 1767 2605 sibi
1803 2572 1951 2608 iniuncta}

1968 186 2020 215 An.
2040 187 2069 215 C.
2085 187 2154 216 ¹714
