2269 3203
275 220 324 246 An.
347 219 373 245 c.
395 220 460 246 1:00¹
507 210 567 243 ⁶254

281 918 370 939 ludia-tio
389 920 444 940 iubi-

254 945 304 965 lati⁴

463 279 546 309 nem,
573 275 607 302 ut
636 280 709 303 vere
744 270 786 303 sit
818 269 988 303 sabbatum
1019 275 1126 303 terrae
1152 268 1225 328 νεῖ-ᾗ

462 323 639 366 quietionis
660 322 799 364 Domini,
820 323 1022 366 sublatisque
1048 323 1201 363 dissidiis,

461 376 574 409 sedeat
598 377 795 410 christianus
831 377 972 420 populus
998 376 1028 408 in
1055 377 1201 420 pulchri-

461 429 572 463 tudine
595 431 694 473 pacis,
713 436 744 463 et
762 431 793 463 in
812 429 1032 463 tabernaculis
1052 429 1199 470 fiduciae,
1220 458 1223 473 ,

460 488 492 516 et
516 483 548 516 in
574 483 687 526 requie
723 484 889 527 opulenta.
917 484 1003 516 Haec
1034 488 1141 515 autem
1167 475 1223 514 ut‘

459 536 645 569 ferventiori
681 536 814 579 spiritus
857 536 973 569 ardore
1017 535 1198 578 maiorique

459 590 563 622 fructu
576 595 783 633 peragantur,
799 600 835 622 ex
851 589 958 632 prisco
968 589 1133 622 Romanae
1150 588 1199 621 Ec·

460 643 577 676 clesiac
594 642 739 675 omnium
757 642 867 674 matris
881 648 909 674 et
921 641 1095 683 magistrae
1110 651 1199 674 more

460 695 650 728 caelestium
669 705 841 728 munerum
862 695 1043 735 thesauros,
1061 704 1198 737 quorum

461 748 738 791 dispensationem
770 747 845 780 fidei
883 752 1010 780 nostrae
1037 746 1198 779 commisit

458 801 565 833 divina
590 800 754 843 dignatio,
781 801 908 843 aperire
929 805 961 833 et
986 801 1074 842 larga
1100 811 1196 832 manu
1218 826 1220 844 Λ

459 865 594 897 erogare
620 854 832 887 decrevimus.

500 909 515 951 ς
541 907 571 940 1.
599 907 708 950 Itaque
735 908 774 940 de
800 906 1032 950 omnipotentis
1055 906 1109 939 Dei
1140 906 1197 938 mi-

456 961 634 994 sericordia
670 972 705 993 ac
736 961 904 993 beatorum
937 960 1020 993 Petri
1052 966 1084 993 et
1108 959 1219 992 Pauli<

455 1015 679 1057 apostolorum
705 1013 772 1046 eius
797 1013 988 1046 auctoritate
1014 1012 1138 1051 confisi,
1159 1024 1195 1045 ex

455 1068 510 1100 illa
545 1067 668 1109 ligandi
705 1073 800 1110 atque
839 1066 984 1100 solvendi
1020 1071 1194 1108 potestate,

454 1131 549 1163 quam
565 1121 660 1153 nobis
679 1120 841 1159 Dominus,
860 1119 1101 1161 licetindignis,
1121 1129 1196 1152 con-

454 1174 535 1213 tulit,
563 1173 720 1206 universis
747 1178 779 1206 et
804 1173 940 1215 singulis
963 1173 1129 1216 utriusque
1149 1183 1197 1205 se-

452 1237 511 1260 xus
536 1226 805 1265 christifidelibus
823 1227 854 1259 in
873 1227 955 1259 alma
973 1225 1058 1259 [rhe
1083 1229 1196 1259 nostra

453 1280 673 1322 degentibus,
708 1280 760 1323 qui
796 1279 935 1313 solemni
972 1280 1194 1323 processioni,

454 1344 548 1377 quam
576 1333 655 1366 seria
682 1333 793 1376 quinta
818 1334 987 1377 proximae
1014 1333 1195 1366 hebdoma-

453 1388 524 1428 dae,
551 1397 633 1431 quae
659 1387 721 1420 erit
744 1387 884 1420 secunda
909 1387 1084 1428 Adventus,
1111 1397 1127 1420 a
1145 1397 1196 1419 ca-

452 1442 539 1485 pella
563 1441 694 1484 publica
713 1440 823 1483 palatii
842 1441 941 1473 nostri
968 1440 1141 1484 apostolici
1160 1440 1192 1474 in

453 1495 606 1528 Vaticano
631 1494 670 1527 ad
695 1494 861 1527 basilicam
877 1493 1034 1537 Principis
1061 1495 1193 1537 Aposto-

453 1549 561 1581 lorum
585 1549 650 1580 una
675 1558 747 1580 cum
773 1547 1014 1581 venerabilibus
1041 1547 1195 1580 fratribus

453 1601 574 1635 nostris
599 1606 730 1634 sanetae
751 1600 916 1634 Romanae
941 1600 1103 1634 Ecclesiae
1125 1611 1194 1633 car-

453 1655 625 1695 dinalibus,
652 1665 780 1688 necnon
807 1654 1012 1698 patriarchis,
1037 1654 1196 1697 archiepi-

453 1708 561 1752 scopis
586 1713 617 1742 et
642 1707 799 1751 epicopis,
819 1718 900 1751 quos
921 1707 953 1740 in
975 1707 1119 1740 Romana
1138 1707 1195 1740 Cu-

452 1762 501 1795 ria
525 1761 637 1794 adesse
662 1761 856 1803 contigerit,
876 1771 913 1794 ac
941 1760 1194 1794 christianorum

452 1825 564 1858 regum
580 1819 611 1847 et
626 1814 812 1857 principum
830 1813 1012 1847 oratoribus
1032 1814 1116 1857 apud
1135 1824 1194 1846 nos

454 1867 678 1907 existentibus,
696 1867 852 1910 praelatis
868 1877 997 1910 quoque
1024 1872 1057 1900 et
1081 1866 1195 1900 officia·

452 1922 537 1954 libus
557 1920 702 1954 eiusdem
728 1919 853 1960 Curiae,
871 1920 1089 1964 universoque
1108 1921 1194 1953 clero

453 1980 486 2007 et
502 1974 636 2018 populo,
651 1974 866 2007 benedicente
884 1974 1034 2015 Domino,
1052 1985 1192 2017 agemus,

454 2027 569 2060 devote
603 2027 833 2068 interfuerint,
858 2028 907 2061 vel
943 2027 974 2061 S.
1006 2027 1136 2061 loannis
1162 2027 1194 2060 in

453 2081 627 2120 Laterano,
658 2080 804 2114 eiusdem
830 2081 990 2125 Principis
1022 2081 1194 2125 Apostolo-

453 2144 524 2167 rum
551 2139 582 2166 et
606 2133 635 2166 S.
654 2133 770 2166 Mariae
795 2133 923 2167 Maioris
949 2134 1117 2174 ecclesias,
1137 2144 1195 2166 seu

452 2187 615 2227 basilicaS,
636 2187 684 2219 vel
704 2196 813 2219 earum
829 2186 982 2229 aliquam,
1006 2192 1068 2220 etc.
1093 2186 1195 2229 (Reli-

453 2251 520 2285 qua
544 2244 580 2273 ut
605 2240 714 2282 alibi).

497 2295 611 2327 Datum
638 2294 768 2332 Romae,
794 2293 877 2337 apud
911 2293 943 2326 S.
971 2293 1114 2333 Petrum,
1134 2294 1194 2325 sub

453 2349 576 2382 annulo
615 2347 790 2380 Piscatoris
809 2373 816 2386 ,
857 2347 910 2379 die
951 2356 972 2379 ll
1010 2346 1193 2379 decembris

453 2411 582 2442 Muccw,
608 2399 816 2444 pontificatus
832 2399 934 2432 nostri
952 2410 1039 2432 anno
1057 2409 1112 2433 vn.

490 2464 548 2490 Dat.
567 2463 610 2490 die
631 2463 646 2489 2
665 2461 822 2489 decembris
845 2461 921 2494 1706,
944 2460 1041 2496 pontis.
1058 2469 1130 2487 anno
1146 2467 1192 2487 vn.

1050 221 1148 245 nri-LA
1154 220 1199 244 silk
1209 220 1229 244 M
1255 220 1407 244 1t131)1.t};t1M

1994 219 2045 244 An.
2068 218 2096 245 c.
2115 219 2187 245 4707

1573 267 1660 301 XCV.

1245 339 1442 372 Declaratur
1455 338 1587 372 nullum
1602 338 1743 371 edictum
1755 338 1992 382 archiepiscopi

1291 393 1470 426 Goanenszsss
1495 396 1606 424 contra
1623 391 1887 424 iurisdictionem
1904 402 1989 424 com·

1287 446 1436 478 missarii
1469 449 1498 478 cl
1529 446 1711 478 visitatoris
1747 445 1917 490 apostolici
1953 446 1989 478 in

1287 499 1447 532 Sinarum
1472 502 1500 531 et
1525 498 1604 531 aliis
1634 498 1811 531 Indiarum
1838 498 1987 532 Orienta-

1287 551 1370 584 lium
1395 552 1505 595 reginis
1529 550 1550 584 ¹.

1454 631 1589 659 Clemens
1612 632 1692 665 Papa
1712 632 1762 666 XI,

1383 676 1420 703 ad
1440 676 1575 703 futuram
1595 676 1639 703 rei
1660 676 1843 704 memoriam.

1285 748 1299 791 g
1314 747 1342 780 1.
1358 747 1435 781 Cum
1449 758 1507 780 nos
1525 747 1613 787 alias,
1627 758 1687 790 pro
1702 747 1875 781 commisso
1889 748 1983 782 nobis
1997 757 2134 805 ,Πάξτῦἓιιιζι
2145 764 2184 804 331-

1242 800 1394 834 divinitus
1431 800 1631 843 apostolicae
1658 800 1824 833 servitutis
1849 811 1982 834 munere
1996 810 2080 830 rhenus
2103 811 2184 832 onem,

1995 836 2033 856 fuit
2061 843 2182 858 commiua-

1242 854 1338 887 etiam
1364 854 1402 887 ad
1427 853 1679 887 remotissimam
1709 853 1748 886 ab
1780 854 1841 887 hac
1867 854 1984 888 Sancta
1995 863 2046 885 rius.
2062 864 2184 884 enumcra-

1994 895 2055 909 ειη-ἃς
2079 891 2182 911 adversus

1218 905 1220 912 '
1241 906 1323 940 Sede
1349 907 1499 949 regiones
1515 908 1695 950 pastorales
1714 907 1900 950 vigilantiae
1925 918 1983 940 no·
1994 916 2106 937 nonnanes
2133 917 2182 936 roti-

1994 947 2063 967 gnoson
2088 944 2181 969 promul-

1241 965 1327 992 strae
1353 970 1461 993 curam
1487 961 1710 1000 extendentes,
1737 971 1798 1003 per
1822 960 1979 1004 quasdam
1993 970 2182 1016 ᾗῖῑςῗᾈοέωὲιυκὲε·

1241 1017 1368 1045 nostras
1400 1012 1433 1044 in
1462 1012 1560 1045 simili
1592 1013 1694 1046 forma
1722 1013 1831 1046 Brevis
1856 1013 1981 1046 litteras
1993 1022 2179 1073 Efcigafflfitxflg-

1242 1065 1463 1099 venerabilem
1485 1066 1617 1098 fratrem
1639 1066 1789 1099 Carolum
1807 1065 1979 1109 Thomam,
1994 1074 2049 1111 stjno
2071 1075 2181 1101 arehiepi-

1240 1119 1459 1162 patriarcham
1485 1119 1744 1159 Antiochenam,
1776 1125 1925 1153 nostrum
1950 1126 1982 1153 et
1993 1105 2059 1147 ἶῖΨο
2083 1101 2180 1123 ⁶⁰³⁰&

1240 1172 1449 1216 Apostolicae
1475 1172 1567 1205 Sedis
1592 1173 1848 1206 commissarium
1881 1179 1913 1206 et
1936 1174 1982 1206 vi-

1240 1226 1407 1258 sitatorem
1434 1225 1465 1258 in
1491 1225 1641 1258 Sinarum
1667 1231 1699 1259 et
1722 1226 1793 1259 aliis
1818 1227 1981 1260 lndiarum

1239 1279 1450 1313 Orientalium
1476 1281 1596 1323 regnis,
1615 1292 1686 1313 eum
1704 1286 1865 1324 potestate
1883 1282 1981 1315 etiam

1239 1333 1342 1366 nostri
1361 1338 1392 1366 et
1409 1333 1557 1366 eiusdem
1576 1333 1667 1366 Sedis
1694 1334 1732 1366 de
1759 1335 1859 1367 latere
1880 1335 1978 1377 legati

1239 1397 1275 1419 ac
1300 1386 1436 1419 diversis
1471 1392 1503 1419 et
1537 1387 1747 1430 amplissimis
1773 1388 1981 1421 facultatibus

1239 1440 1500 1473 constituerimus
1515 1446 1546 1473 et
1563 1441 1836 1484 deputaverimus,
1849 1441 1980 1482 etalids,

1239 1499 1335 1537 prout
1359 1494 1391 1527 in
1418 1494 1594 1537 praedictis
1627 1495 1747 1527 nostris
1774 1495 1825 1528 die
1858 1505 1887 1528 ιν
1911 1494 1981 1528 iulii

1238 1557 1351 1582 MDCCII
1377 1547 1537 1590 expeditis
1564 1547 1694 1587 litteris⁷
1731 1558 1866 1591 quarum
1892 1554 1983 1581 teno-

1240 1611 1306 1633 rem
1332 1600 1561 1643 praesentibus
1595 1610 1655 1643 pro
1689 1610 1844 1644 expresso
1879 1611 1915 1634 ac
1942 1601 1981 1634 de

1240 1651 1339 1684 verbo
1357 1652 1396 1684 ad
1412 1651 1545 1684 verbum
1564 1651 1687 1684 inserto
1704 1651 1816 1684 haberi
1834 1649 1982 1685 volumus

1238 1705 1371 1737 uberius
1397 1704 1602 1737 continetur:
1629 1710 1672 1744 et,
1691 1705 1777 1737 sicut
1793 1715 1897 1748 nuper
1912 1715 1981 1738 non

1239 1758 1307 1790 sine
1334 1757 1419 1800 gravi
1446 1757 1545 1790 animi
1572 1757 1675 1790 nostri
1710 1758 1823 1790 dolore
1854 1757 1980 1801 accepi-

1239 1822 1308 1844 mus
1333 1811 1531 1855 (postquam
1557 1810 1642 1843 idem
1668 1810 1801 1844 Carolus
1827 1810 1977 1851 Thomas,

1240 1864 1436 1907 patriarcha,
1459 1864 1700 1897 commissarius
1717 1869 1749 1896 et
1764 1863 1921 1904 visitator,
1945 1864 1977 1897 in

1240 1917 1381 1950 dioecesi
1396 1917 1636 1960 Melioporensi,
1649 1916 1764 1956 debita,
1779 1922 1813 1949 ut
1824 1926 1883 1960 par
1899 1922 1978 1956 erat,

1239 1969 1421 2003 reverentia
1438 1980 1456 2002 a
1472 1969 1647 2002 venerabili
1666 1969 1788 2012 pariter
1804 1969 1901 2002 fratre
1919 1969 1979 2002 Ga-

1238 2033 1333 2066 spare
1355 2022 1535 2066 Alphonso,
1561 2022 1716 2066 episcopo
1740 2021 1977 2065 Meliaporensi,

1238 2076 1424 2119 recognitus
1450 2081 1482 2109 et
1503 2081 1654 2120 exceptus
1681 2076 1796 2116 fuerat,
1822 2086 1858 2109 ac
1883 2075 1977 2108 iustis

1239 2135 1270 2163 ct
1295 2129 1542 2164 rationabilibus
1566 2130 1672 2163 causis
1690 2129 1846 2162 adductus
1864 2138 1977 2162 censu-

1239 2193 1288 2216 ras
1325 2183 1481 2227 quasdam
1518 2182 1755 2216 ecclesiasticas
1790 2181 1824 2214 in
1861 2181 1976 2214 eadem

1238 2236 1382 2270 dioecesi
1401 2241 1514 2270 contra
1532 2236 1709 2269 nonnullos
1722 2235 1889 2277 regulares
1904 2244 1977 2278 pro-

1238 2290 1466 2332 mulgaverat),
1486 2288 1628 2321 edictum
1647 2287 1823 2330 quoddam,
1839 2286 1900 2320 sub
1921 2297 1976 2320 no-

1273 2397 1283 2422 l
1308 2394 1444 2422 Declarata
1459 2394 1567 2421 fuerunt
1586 2393 1660 2420 nulla
1679 2396 1739 2420 acta
1758 2401 1773 2420 a
1788 2393 1910 2428 generali
1930 2393 1975 2421 in-

1236 2439 1366 2475 quisitore
1394 2439 1509 2473 aliisque
1538 2442 1633 2464 contra
1657 2437 1815 2472 episcopum
1835 2437 1976 2473 Carthagi-

1236 2492 1348 2511 nensem
1364 2487 1449 2511 const.
1467 2482 1531 2509 edit.
1548 2481 1707 2516 Muccvi,die
1724 2482 1755 2508 19
1770 2482 1896 2514 ianuarii,
1907 2490 1976 2517 pon-

1237 2528 1275 2555 tis.
1295 2534 1339 2561 v13
1369 2531 1396 2554 et
1423 2530 1509 2554 const.
1540 2526 1605 2553 edit.
1627 2532 1736 2559 uocem,
1758 2526 1801 2553 die
1823 2527 1854 2555 15
1874 2526 1973 2561 martii,

1236 2571 1330 2607 pontis.
1348 2576 1383 2605 xl,
1404 2569 1576 2598 declarantur
1604 2570 1679 2597 nulla
1705 2573 1765 2597 acta
1791 2569 1826 2597 ab
1845 2570 1973 2606 episcopo

1236 2615 1407 2647 Macaonensi
1427 2615 1556 2645 adversus
1575 2615 1796 2645 commissarium
1809 2614 1943 2645 Sinarum·
