2269 3203
62 195 114 223 An.
128 194 160 224 C.
178 194 247 222 1715

64 257 250 286 mmmmmqqas
261 248 374 287 cepto,
402 243 488 287 qnod
515 254 532 276 a
556 243 717 287 praefatae
742 241 916 275 saecularis
940 251 997 284 po-

65 287 249 339 ἰξῖἒῖἔξίῗὲιὲζῗὲζῖ
261 296 383 329 testatis
415 296 480 329 sive
511 296 607 329 etiam
632 295 794 339 praetensi
822 293 996 326 tribunalis

63 337 470 384 2¹30.‘⁰⁶¹⁰⁵¹³⁵¹''monarchiae
495 348 621 382 Siculae
654 347 812 380 ministris
839 346 999 389 quibusli-

258 400 314 434 bet
335 401 367 434 in
384 407 547 445 posterum
566 400 764 445 pronmlgari
783 400 997 441 contingeret,

258 464 323 487 non
350 455 522 495 obstante,
547 464 618 487 sese
648 453 749 486 teneri
775 463 812 486 ac
837 452 997 494 obligatos

259 517 327 540 esse
353 507 502 547 decretis,
521 506 794 545 ordinationibus,
821 504 994 545 mandatis,

258 560 374 593 litteris
392 560 528 603 aliisque
546 559 785 603 provisionibus
809 558 996 601 apostolicis

259 613 537 656 quibuscumque,
563 613 674 655 vigore
710 611 797 658 illius
829 611 996 654 potestatis

258 665 353 699 nobis
381 676 417 699 ac
434 676 495 709 pro
514 670 662 708 tempore
681 664 831 698 existenti
851 664 996 697 Romano

258 718 404 751 Pontifici
427 718 577 751 divinitus
601 727 784 758 concessae,
804 722 866 750 tam
887 717 998 749 hacte-

258 781 319 804 nus
335 771 439 811 editis,
459 782 554 815 quam
579 771 619 804 de
644 778 754 804 cetero
779 770 997 814 quandocum-

259 835 321 868 que
348 824 494 864 edendis,
519 835 642 865 veram,
658 824 818 866 integram
837 829 868 856 et
893 823 997 856 omni-

258 877 388 910 modam
424 877 646 911 ohedientiam
689 882 857 921 praestare
898 881 996 920 atque

259 929 429 964 exhibere.
448 930 630 969 Praeterea,
650 940 721 962 cum
736 929 857 962 notorii
876 928 926 961 ins
946 929 994 968 sit,

257 994 325 1017 non
342 989 405 1017 tam
423 984 497 1017 illos
515 983 569 1027 qui
592 984 829 1027 praeinsertum
855 982 996 1016 edictum

258 1046 317 1068 seu
333 1036 582 1068 bannimentum
609 1035 782 1069 ediderunt
799 1045 834 1068 ac
854 1035 998 1078 promul-

259 1094 384 1132 garunt,
416 1099 510 1132 quam
541 1089 622 1122 alios
648 1099 759 1121 omnes
785 1093 817 1121 et
841 1088 995 1130 singulos,

258 1141 488 1184 cuiuscumque
524 1146 625 1174 status
640 1168 648 1181 ,
681 1142 801 1183 gradus
816 1168 824 1181 ,
850 1141 972 1173 ordinis
987 1167 995 1182 ‚

258 1193 538 1235 praeeminentiae
571 1199 603 1225 et
632 1193 798 1235 dignitatis
825 1199 997 1235 quantum-

259 1256 398 1289 cumque
433 1246 578 1278 excelsae
608 1255 644 1278 ac
673 1245 821 1278 sublimis
855 1245 995 1285 suerint,

259 1298 313 1342 qni
348 1299 413 1332 sive
446 1298 624 1331 editionem
644 1324 651 1338 ,
675 1297 932 1342 publicationem
966 1303 998 1331 et

259 1351 441 1384 affixionem
478 1351 620 1384 eiusdem
659 1351 755 1384 edicti
788 1352 839 1384 vel
874 1351 994 1384 banni-

260 1405 382 1444 menti,
409 1404 473 1437 sive
498 1404 560 1437 alia
585 1404 701 1437 eodem
726 1403 884 1444 consilio,
917 1403 998 1436 sicut

259 1458 488 1501 praemittitur,
505 1456 620 1501 quovis
638 1457 734 1490 modo
750 1462 849 1499 gesta,
867 1457 998 1490 manda-

260 1516 336 1543 runt
359 1521 395 1543 ac
420 1510 621 1551 ordinarunt,
642 1519 697 1543 seu
720 1509 785 1543 illis
811 1509 996 1549 consilium,

260 1563 436 1604 auxilium,
466 1563 627 1604 savorem,
653 1563 703 1596 vel
730 1563 875 1606 quamvis
901 1561 997 1595 aliam

261 1616 479 1650 damnabilem
505 1627 638 1660 operam
663 1617 917 1660 praestiterunt,
944 1622 998 1649 aut

260 1669 293 1702 in
318 1680 432 1703 eorum
467 1670 632 1712 sequelam
657 1674 689 1702 et
713 1669 934 1702 executionem
959 1669 998 1701 si-

260 1723 381 1756 militer
405 1727 496 1766 gesta
519 1722 763 1765 approbarunt,
789 1727 821 1755 et
844 1727 913 1754 rata
938 1722 997 1754 ha-

259 1776 410 1816 huerunt,
436 1785 493 1808 seu
518 1774 597 1808 alias
623 1775 656 1807 in
681 1774 728 1808 eis
753 1774 998 1817 quomodolibet

260 1828 440 1872 culpabiles
464 1828 616 1868 fuerunt,
643 1837 796 1861 censuras
828 1837 942 1861 omnes
967 1833 998 1860 et

259 1892 383 1925 poenas
405 1881 650 1921 ecclesiasticas,
666 1886 777 1914 contra
794 1880 909 1913 similia
927 1890 998 1924 per-

259 1939 428 1978 petrantes
462 1945 479 1968 a
509 1935 611 1968 sacris
636 1934 835 1973 canonibus,
864 1943 998 1976 genera-

259 1988 336 2021 lium
360 1987 572 2021 coneiliorum
595 1987 743 2026 decretis,
762 1992 794 2019 et
810 1987 995 2029 apostolicis

259 2041 568 2080 constitutionibus,
594 2050 629 2073 ac
652 2039 844 2083 praesertim
880 2039 997 2072 litteris

260 2094 311 2127 die
335 2093 462 2127 Coenae
487 2093 613 2126 Domini
645 2093 781 2135 singulis
812 2093 906 2125 annis
931 2092 996 2134 legi

260 2153 292 2180 et
307 2147 506 2191 promulgari
520 2146 693 2187 consuetis,
710 2146 859 2185 inflictas,
875 2155 912 2178 eo
926 2145 996 2188 ipso

260 2200 446 2241 incurrisse,
462 2201 600 2244 illasque
626 2201 759 2243 insuper
777 2199 871 2233 etiam
897 2199 998 2232 incur-

261 2262 352 2286 suros
377 2263 446 2286 esse
471 2263 526 2286 eos
561 2263 675 2287 omnes
711 2252 767 2296 qui
793 2252 932 2291 similia,
958 2252 997 2284 ad

263 2306 411 2338 eumdem
432 2305 528 2338 finem
549 2306 780 2349 quoquomodo
797 2305 997 2349 impediendi

263 2357 486 2391 executionem
506 2358 685 2392 litterarum
701 2358 879 2391 aliorumve
893 2358 998 2392 decre-

263 2414 368 2442 torum
394 2411 645 2453 apostolicorum
669 2412 701 2444 in
726 2422 828 2454 regno
853 2411 999 2454 supradi-

263 2467 326 2502 cto,
348 2461 387 2494 de
403 2468 513 2496 cetero
533 2465 730 2507 peregerint,
752 2464 997 2507 utpraesertur3

210 2516 216 2518 ”
262 2514 414 2547 noverint
438 2515 560 2548 idcirco
584 2517 631 2550 illi
657 2528 782 2558 omnes,
804 2517 899 2550 etiam
925 2527 999 2560 spe-

264 2566 438 2603 cialissima
473 2569 639 2602 mentione
673 2570 787 2613 digni,
813 2580 830 2603 a
857 2570 1000 2604 censuris

887 191 1028 216 CLEMENS
1054 192 1087 216 xt
1110 191 1159 217 PP-

1675 182 1735 215 651
1786 192 1835 218 An.
1855 189 1970 218 &1715

1040 246 1071 273 et
1096 241 1211 284 poenis
1243 240 1454 280 huiusmodi,
1480 245 1554 283 post
1579 240 1718 273 debitam
1745 245 1777 273 et

1040 294 1234 336 condignam
1251 293 1414 327 Ecclesiae
1443 294 1573 326 realiter
1594 298 1625 326 et
1642 304 1714 325 cum
1733 294 1777 326 et*-

1040 346 1124 379 t‘ectu
1150 347 1338 390 praestitam
1364 347 1625 386 satisfactionem,
1647 346 1777 379 nonnisi

1040 409 1057 430 a
1082 399 1174 432 nobis
1199 410 1255 432 seu
1282 399 1425 432 Romano
1444 397 1598 431 pontifice
1620 408 1679 441 pro
1700 403 1778 431 tem-

1040 462 1119 494 pore
1145 451 1301 485 existente
1326 452 1575 495 (praeterquam
1604 450 1635 482 in
1661 449 1777 482 mortis

1040 503 1200 544 articulo,
1226 510 1257 537 et
1289 508 1367 537 tunc
1401 514 1472 537 cum
1505 502 1720 536 reincidentia
1745 502 1777 534 in

1039 556 1167 589 easdem
1193 567 1346 590 censuras
1365 562 1395 589 et
1412 566 1547 599 poenas,
1567 566 1604 588 eo
1622 555 1694 598 ipso
1713 564 1777 598 qno

1039 610 1275 652 convaluerint)
1304 609 1425 643 absolvi
1457 614 1488 642 et
1512 608 1643 642 liberari
1669 618 1776 651 posse,

1038 669 1133 706 prout
1150 663 1339 695 eorumdem
1358 668 1470 696 tenore
1486 661 1709 706 praesentium
1726 661 1780 694 de-

1039 716 1202 749 cernimus
1228 721 1259 749 et
1283 716 1432 749 similiter
1457 716 1669 750 declaramus.

1083 769 1097 811 g
1123 769 1154 802 5.
1181 769 1402 802 Decernentes
1429 769 1566 812 pariter,
1593 768 1687 802 etc.¹.

1082 822 1146 866 §6-
1169 821 1238 855 Non
1259 822 1464 855 obstantibus
1478 821 1679 865 praemissiS,
1703 826 1776 862 etc.‚
1814 831 1972 852 eona-anorum

1039 876 1222 919 ceterisque
1248 875 1419 909 contrariis
1445 876 1718 919 quibuscumque.
1788 857 1909 883 ‘mmmm'

1082 930 1096 973 ἓ
1122 930 1151 962 7.
1188 929 1265 963 Cum
1291 935 1396 962 autem
1427 929 1562 963 eaedem
1587 935 1777 972 praesentes
1828 937 1973 957 mamutium

1039 983 1165 1016 litterae
1191 982 1222 1015 in
1248 987 1429 1015 memorato
1448 992 1549 1025 regno
1576 981 1704 1015 Siciliae
1723 964 1974 1017 ne-ffll'rcsdssiffilu‘u':

1040 1040 1161 1079 queant
1184 1040 1252 1068 tute
1278 1035 1450 1078 publicari,
1478 1040 1513 1067 ut
1537 1035 1697 1067 hactenus
1728 1023 1842 1068 ex-mm'

1039 1089 1202 1132 perientia
1225 1094 1429 1132 compertum
1447 1093 1507 1128 est,
1526 1098 1572 1127 ac,
1590 1089 1678 1122 exiis
1695 1099 1779 1132 quae

1040 1141 1072 1174 in
1103 1143 1308 1185 praeinserto
1347 1141 1453 1174 edicto
1484 1151 1540 1174 seu
1569 1141 1780 1174 bannimento

1039 1194 1210 1235 habentur,
1236 1195 1407 1227 manifesto
1441 1201 1587 1238 apparet,
1614 1196 1680 1228 imo
1718 1195 1781 1228 hoc

1040 1248 1144 1291 ipsum
1161 1248 1296 1291 insuper
1312 1258 1371 1291 per
1388 1248 1550 1290 legitimas
1570 1247 1781 1290 probationes

1040 1301 1115 1333 satis
1141 1310 1306 1344 superque
1332 1300 1425 1332 nobis
1451 1305 1586 1340 constat,
1603 1305 1700 1344 prout
1724 1301 1782 1333 ha-

1040 1363 1110 1386 rum
1135 1353 1221 1386 serie
1242 1353 1366 1396 pariter
1390 1353 1611 1394 declaramus3
1630 1354 1781 1387 volumus

1040 1408 1123 1447 illas,
1144 1417 1201 1439 seu
1221 1417 1333 1439 earum
1360 1408 1520 1449 exempla,
1541 1413 1602 1440 etc.

1082 1460 1199 1493 Datum
1225 1459 1368 1499 Romae,
1396 1459 1483 1501 apud
1509 1459 1541 1492 S.
1568 1459 1702 1492 Mariam
1723 1459 1783 1493 Ma-

1040 1512 1165 1552 iorem,
1200 1512 1262 1545 snb
1288 1513 1411 1545 annulo
1436 1512 1636 1551 piscatoris,
1674 1512 1726 1545 die
1751 1523 1781 1545 xr

1041 1565 1177 1598 ianuarii
1201 1575 1341 1604 MDCCXV,
1371 1564 1585 1608 pontificatus
1606 1566 1711 1599 nostri
1729 1576 1783 1598 an-

1040 1629 1083 1652 no
1104 1629 1157 1651 xv.

1076 1680 1134 1707 Dat.
1153 1680 1196 1707 die
1215 1682 1242 1708 tt
1262 1680 1378 1707 ianuarii
1397 1681 1474 1713 1715,
1490 1680 1586 1715 pontis.
1608 1688 1677 1707 anno
1693 1687 1735 1706 xv.

1816 776 1937 799 Clausutao.

1349 1827 1473 1860 ccxlv.

1040 1906 1199 1940 Abolelur
1223 1906 1413 1939 monarchia
1438 1906 1562 1945 Sicula,
1585 1916 1637 1938 seu
1664 1906 1780 1949 (cyolio

1084 1959 1271 2003 apostolica,
1312 1970 1383 1992 cnm
1419 1960 1618 1992 revocatione
1652 1959 1782 2002 privile-

1083 2014 1225 2056 9iorum,
1263 2017 1291 2046 ec
1324 2013 1563 2056 pollicitatione
1597 2011 1687 2044 modi
1723 2022 1782 2044 ser-

1086 2065 1184 2099 vandi
1208 2066 1240 2098 iu
1267 2066 1335 2107 foro
1355 2065 1602 2098 ecclesiastico?

1248 2144 1382 2172 clemens
1403 2145 1573 2178 episcopus,

1230 2196 1337 2216 servus
1353 2195 1510 2216 servorum
1526 2189 1589 2221 Dei,

1157 2233 1194 2260 ad
1215 2236 1394 2267 perpetuam
1414 2233 1460 2260 rei
1481 2233 1667 2260 memoriam.

1085 2304 1249 2337 Romanus
1275 2303 1433 2344 Pontifex,
1458 2314 1553 2347 quem
1579 2304 1725 2337 Salvator
1751 2308 1783 2336 et
1820 2308 1939 2329 Exordium·

1040 2356 1195 2390 Dominus
1221 2361 1335 2390 noster
1367 2357 1461 2399 aequi
1494 2356 1638 2399 bonique
1673 2366 1783 2399 supre-

1058 2446 1088 2471 ‚1
1112 2444 1227 2479 Reliqua
1251 2444 1420 2478 omittimus⁷
1441 2444 1504 2480 quia
1528 2445 1680 2480 ipsissimae
1706 2445 1781 2472 clan-

1041 2488 1115 2516 sulae
1134 2490 1262 2524 leguntur
1281 2497 1374 2524 supra,
1389 2497 1452 2524 pag.
1472 2489 1534 2523 642,
1556 2489 1632 2517 toties
1652 2489 1782 2524 repetitae

1041 2536 1079 2568 (R.
1095 2534 1144 2567 τ.).

1076 2577 1092 2604 ⁶2
1111 2577 1202 2605 Const.
1221 2585 1312 2613 praec.
1335 2578 1440 2606 nultum
1460 2577 1627 2606 declaratum
1655 2577 1703 2603 suit
1723 2576 1783 2604 edt=⁵
