2269 3203
253 193 347 220 Ari-C.
366 192 429 219 1711

288 729 377 749 Decreta
403 734 426 753 ge

253 759 327 782 utaque
352 756 438 780 praedi-

253 788 286 805 cta
305 788 437 806 enarrantur.

479 183 542 217 434

765 242 862 275 cm.

447 310 665 344 Declamatio·
690 310 786 343 nulla
806 310 929 344 decreta
946 311 1079 355 aliaque
1096 316 1184 354 qesta

490 375 511 396 α
535 374 654 406 nzaqno
679 364 815 396 consilio
838 364 1012 396 rar-saviae
1029 375 1124 407 super
1141 375 1185 397 so-

492 417 615 449 lutione
647 427 782 449 onerum
814 417 853 448 ab
886 416 1105 449 ecclesiuslz'cis
1129 418 1182 459 fa-

491 470 605 502 ciende
624 497 631 509 ‚
659 480 833 512 eorumque
857 470 1052 502 subiectione
1076 480 1185 502 saecu-

494 523 559 556 lari
584 523 704 556 iudicio
730 521 748 554 ¹.

668 603 802 630 Clemens
823 603 901 636 Papa
920 602 969 634 xl,

589 648 625 674 ad
644 647 778 674 futuram
796 646 840 674 rei
859 646 1044 674 memoriam.

492 720 506 762 g
532 718 561 750 1.
591 719 636 751 Ad
669 718 870 761 apostolatus
904 717 1007 751 nostri
1038 717 1185 751 notitiam

448 782 514 805 non
541 771 611 804 sine
643 771 733 814 gravi
769 770 866 803 animi
901 770 1002 804 nostri
1035 771 1185 804 molestia

449 825 608 868 pervenit,
627 824 723 867 quod,
738 829 868 867 praeter
881 825 981 857 multa
999 823 1186 867 gravamina

448 883 480 911 et
504 877 704 921 praeiudicia
729 888 746 910 a
771 877 875 911 laicali
890 882 1052 921 potestate
1078 888 1187 920 perso-

448 930 497 973 nis
511 930 739 963 ecclesiasticis
761 934 823 962 tam
845 930 1066 963 saecularibus
1091 941 1185 973 quarn

449 983 655 1026 regularibus
681 982 772 1025 regni
797 982 952 1015 Poloniae
979 982 1126 1025 pluribus
1148 982 1186 1015 ab

450 1036 527 1070 hinc
552 1035 645 1068 annis
671 1035 760 1068 illata
779 1062 786 1076 ‚
825 1035 857 1067 in
895 1045 1014 1076 magno
1050 1035 1186 1068 consilio

450 1089 529 1122 dicti
553 1088 647 1130 regni
672 1098 788 1130 nuper,
806 1098 922 1130 nempe
937 1097 1022 1120 anno
1036 1088 1186 1131 proxime

448 1140 639 1185 praeterito,
666 1140 698 1172 in
725 1140 848 1183 oppido
873 1139 1044 1173 Varsaviae
1071 1140 1188 1173 Posna-

448 1194 572 1227 niensis
599 1193 759 1226 dioecesis
785 1193 896 1226 habito
912 1219 919 1232 ‚
946 1193 1032 1226 edita
1057 1193 1189 1226 suerunt

449 1248 606 1280 nonnulla
631 1247 762 1279 decreta
798 1257 835 1279 ac
871 1246 1093 1279 ordinationes
1130 1256 1188 1279 seu

450 1300 698 1333 constitutiones
717 1327 724 1340 ‚
750 1299 866 1343 quibus
892 1310 956 1333 non
981 1300 1079 1333 modo
1101 1299 1188 1332 bona

450 1353 667 1386 ecclesiastica
692 1352 848 1387 solutioni
873 1353 1015 1396 plurium
1053 1363 1188 1386 onerum

451 1412 482 1440 et
506 1406 718 1449 gabellarurn,
740 1416 799 1449 pro
819 1406 961 1439 exercitu
984 1411 1045 1438 tam
1065 1406 1186 1439 aestivo

451 1470 546 1503 quam
571 1459 712 1492 hiberno
739 1465 885 1502 tempore
911 1459 1046 1500 alendo,
1072 1470 1108 1492 ac
1134 1459 1189 1492 sti-

449 1511 579 1556 pendiis
604 1512 794 1544 militarium
819 1512 986 1554 copiarum
1006 1539 1013 1552 ‚
1039 1522 1117 1555 quas
1155 1513 1186 1544 in

450 1565 677 1609 praesentibus
703 1565 847 1598 eiusdem
868 1565 959 1607 regni
990 1565 1130 1598 motibus
1156 1570 1189 1598 et

450 1619 749 1662 perturbationibus
773 1618 906 1651 retineri
939 1623 1087 1661 oportet,
1124 1620 1188 1651 sol·

450 1672 562 1705 vendis
579 1672 816 1715 impositorum,
838 1671 980 1704 obnoxia
997 1672 1187 1711 redduntur,

451 1735 524 1759 cum
550 1727 700 1768 expressa
730 1724 950 1757 declaratione
985 1725 1071 1767 quod
1100 1725 1189 1758 nulla

451 1777 599 1820 cuiquam
621 1778 682 1810 hac
700 1777 732 1809 in
750 1787 783 1809 re
804 1777 966 1820 exemptio
984 1776 1188 1819 suffragetur,

451 1830 531 1863 itaut
556 1829 766 1863 ecclesiarum
787 1857 793 1870 ‚
821 1830 967 1862 locorum
993 1830 1121 1873 piorum
1158 1835 1189 1862 et

450 1893 728 1926 quarumcumque
753 1892 967 1925 personarum
993 1883 1190 1915 ecclesiasti-

453 1946 525 1969 rum
551 1941 615 1968 tam
642 1935 855 1969 saecularium
881 1945 975 1978 quam
992 1935 1190 1978 regularium

453 1999 556 2032 aeque
583 1993 612 2022 et
637 1999 702 2021 non
728 1999 820 2021 secus
847 1999 883 2021 ac
914 1988 1070 2021 laicorum
1105 1989 1191 2021 bona

453 2051 588 2075 onerum
614 2046 645 2074 et
670 2041 868 2083 gabellarum
895 2041 1051 2074 solutioni
1081 2041 1191 2073 huius-

452 2094 539 2127 modi
566 2094 763 2133 subiaceant,
778 2104 887 2126 verum
911 2093 1006 2126 etiam
1029 2104 1190 2137 personae

452 2148 542 2190 ipsae
569 2146 818 2186 ecclesiasticae,
844 2157 922 2189 quas
941 2146 1191 2180 machinationis

453 2210 509 2233 seu
536 2199 669 2232 aliorum
696 2199 890 2232 delictorum
916 2204 1027 2232 contra
1052 2201 1142 2242 leges
1161 2206 1192 2233 et

453 2251 675 2284 auctoritatem
710 2251 908 2294 reipublicae
944 2252 1190 2285 commissorum

489 2316 500 2340 1
523 2313 614 2340 Const.
635 2313 677 2339 ed.
695 2320 799 2347 mccclx,
813 2313 854 2340 die
875 2315 890 2340 5
903 2313 1032 2346 octobris,
1046 2314 1141 2349 pontif.
1154 2320 1189 2348 tx,

452 2358 588 2385 declarata
599 2357 674 2383 fuere
691 2357 762 2384 nulla
778 2357 864 2384 edicta
885 2366 899 2384 a
911 2361 1046 2392 potestate
1057 2358 1191 2385 saeculari

452 2403 477 2429 in
497 2410 580 2437 regno
600 2401 723 2436 Neapolis
743 2410 823 2436 super
839 2406 979 2436 sequestro
995 2402 1129 2428 fructuum
1145 2410 1191 2428 ec-

453 2445 665 2473 clesiasticorum
686 2445 857 2477 absentiuin3
875 2449 901 2471 et
920 2446 947 2471 in
962 2444 1097 2472 Benedicti
1117 2445 1188 2479 xm,

452 2494 536 2518 const.
554 2490 597 2517 ed.
615 2496 779 2523 nnccxxvtu,
796 2490 838 2516 die
849 2490 883 2517 25
893 2489 1063 2525 septembris,
1076 2493 1150 2524 pont.
1163 2497 1189 2523 r,

452 2535 603 2562 declaratur
622 2534 695 2561 nulla
715 2534 757 2561 lex
777 2541 824 2569 per
844 2533 950 2561 ordines
969 2534 1044 2569 regni
1062 2533 1190 2561 Poloniae

451 2579 513 2607 lata.

1020 195 1199 218 ut'ttstulmt
1225 195 1328 218 ROMA)
1339 196 1379 218 [31

1201 243 1205 285 ξ
1227 253 1298 275 reas
1324 252 1392 275 esse
1419 242 1617 279 constiterit,
1645 242 1808 284 generalis
1834 242 1963 276 confoe—

1227 295 1403 328 derationis
1429 294 1658 328 Sandominiae
1683 294 1813 335 iudicio,
1836 305 1962 328 necnon

1226 348 1331 381 laicali
1357 348 1590 390 cuiuscumque
1615 347 1803 390 provinciae
1821 347 1890 381 soro
1908 348 1963 389 (sa-

1227 402 1277 433 cta
1303 401 1467 433 dumtaxat
1492 400 1599 443 quoad
1618 401 1806 442 personales
1820 410 1875 432 seu
1893 412 1964 433 cor—

1227 454 1356 495 porales
1370 463 1492 496 poenas
1515 452 1718 495 exceptione)
1736 452 1964 491 subiiciuntur,

1229 511 1261 538 et
1285 506 1373 547 alias,
1391 511 1487 549 prout
1511 506 1544 538 in
1570 505 1708 538 decretis
1733 510 1766 538 et
1791 505 1964 539 ordinatio-

1229 559 1322 591 nibus
1355 569 1411 591 seu
1446 557 1734 592 constitutionibus
1770 559 1964 602 supradictis

1229 612 1356 654 plenius
1397 611 1515 644 dicitur
1551 611 1714 645 contineri
1735 622 1743 652 ;
1786 612 1964 646 successive

1228 675 1313 704 vero,
1333 665 1365 697 in
1387 665 1612 698 executionem
1637 665 1797 699 dictorum
1817 666 1964 699 decreto-

1229 729 1297 750 rum
1321 723 1352 750 et
1369 718 1625 758 ordinationum,
1650 724 1722 752 taxa
1742 719 1965 762 praefatorum

1228 781 1385 813 onerum,
1422 771 1665 815 impositionum
1700 777 1732 805 et
1764 772 1964 814 gabellarum

1228 823 1334 856 laicali
1360 824 1553 857 auctoritate
1578 824 1781 868 praescripta
1805 824 1865 857 fuit
1884 851 1892 864 ,
1928 824 1966 857 il-

1229 877 1400 919 lorumque
1435 879 1558 910 exactio
1592 877 1661 910 sieri
1698 877 1816 920 coepit,
1843 878 1966 921 absque

1228 930 1294 962 ullo
1309 929 1440 972 praevio
1454 929 1633 972 apostolico
1643 929 1863 972 beneplacito,
1882 930 1967 973 quod

1230 982 1267 1014 de
1294 982 1362 1014 iure
1387 981 1629 1025 requirebatur,
1657 987 1688 1014 et
1711 991 1770 1024 pro
1797 992 1861 1025 quo
1888 981 1967 1015 alias

1231 1034 1408 1067 obtinendo
1429 1034 1461 1066 in
1487 1034 1691 1076 gravioribus
1725 1039 1756 1067 et
1790 1034 1968 1067 maioribus

1230 1088 1308 1120 belli
1334 1094 1447 1120 contra
1473 1088 1592 1121 Turcas
1617 1088 1876 1127 necessitatibus,
1902 1088 1967 1121 imo

1231 1141 1324 1173 etiam
1345 1141 1375 1173 in
1395 1141 1524 1174 casibus
1542 1141 1678 1174 alicuius
1703 1141 1876 1184 spontanei
1897 1142 1970 1174 sub-

1230 1194 1301 1226 sidii
1329 1195 1368 1227 ab
1389 1194 1616 1227 ecclesiasticis
1642 1194 1676 1227 in
1703 1195 1969 1238 supplementum

1232 1247 1348 1279 virium
1375 1258 1430 1280 seu
1462 1247 1648 1280 facultatum
1677 1247 1832 1280 laicorum
1858 1247 1967 1287 oblati,

1233 1300 1370 1333 humiles
1395 1310 1509 1344 preces
1536 1310 1596 1342 pro
1629 1306 1718 1342 parte
1756 1300 1970 1343 ipsorummet

1232 1353 1384 1386 Poloniae
1411 1363 1522 1395 regum
1549 1352 1588 1385 ab
1612 1352 1698 1385 illius
1724 1352 1891 1386 exactione
1921 1352 1969 1385 in-

1232 1406 1324 1438 terim
1345 1433 1352 1446 ,
1380 1405 1482 1438 donec
1506 1405 1746 1448 beneplacitum
1779 1405 1970 1438 huiusmodi

1231 1459 1399 1491 obtentum
1425 1458 1549 1498 suisset,
1568 1463 1667 1502 prout
1691 1457 1770 1490 iuris
1796 1462 1877 1498 erat,
1900 1457 1970 1490 abs-

1232 1512 1416 1551 tinentium,
1446 1511 1522 1544 huic
1547 1511 1681 1544 Sanctae
1706 1511 1780 1545 Sedi
1797 1516 1968 1555 porrectae

1231 1565 1371 1597 fuerant.

1275 1620 1289 1662 g
1315 1618 1345 1651 2.
1372 1618 1450 1651 Cum
1482 1623 1588 1650 autem
1625 1617 1755 1651 decreta
1786 1623 1818 1651 et
1841 1618 1970 1652 ordina-

1232 1672 1334 1706 tiones
1348 1682 1402 1705 seu
1420 1671 1669 1704 constitutiones
1688 1671 1884 1711 huiusmodi,
1899 1671 1969 1705 alia-

1232 1736 1294 1768 que
1320 1724 1505 1768 praemissa,
1521 1725 1622 1757 sacris
1646 1724 1824 1757 canonibus
1845 1729 1876 1757 et
1895 1734 1969 1758 con-

1231 1778 1453 1811 stitutionibus
1477 1777 1685 1820 apostolicis,
1712 1787 1840 1810 necnon
1864 1787 1971 1810 conci-

1232 1832 1350 1865 liorum
1371 1831 1571 1874 generalium
1592 1830 1730 1863 decretis
1749 1831 1845 1874 (quae
1863 1830 1970 1864 laicali

1232 1889 1404 1928 potestate,
1426 1894 1466 1917 ne
1493 1884 1595 1916 ullum
1615 1893 1707 1923 onus,
1727 1893 1897 1926 gravamen
1914 1893 1971 1916 seu

1233 1937 1418 1980 pedagium,
1443 1942 1497 1969 aut
1522 1936 1748 1980 quodcumque
1773 1935 1970 1975 subsidium,

1234 1989 1330 2022 etiam
1367 1988 1512 2022 oblatum
1537 1994 1569 2021 et
1593 1987 1823 2021 concordatum
1853 1998 1871 2020 a
1901 1997 1974 2031 per-

1234 2042 1322 2075 sonis
1348 2041 1572 2075 ecclesiasticis
1606 2042 1729 2084 absque
1763 2041 1848 2074 dicto
1872 2040 1973 2074 bene-

1211 2128 1213 2131 ,
1234 2096 1352 2138 placito
1374 2095 1552 2138 apostolico
1574 2094 1711 2136 exigere,
1730 2093 1882 2136 ipsasque
1902 2103 1973 2136 per-

1234 2158 1329 2180 sonas
1359 2147 1592 2181 ecclesiasticas
1628 2147 1666 2179 ad
1696 2146 1851 2179 laicorum
1872 2145 1972 2177 tribu-

1233 2202 1353 2234 nalium
1388 2200 1544 2233 iudicium
1581 2200 1713 2232 trahere
1730 2226 1737 2238 ,
1764 2198 1893 2241 illisque
1918 2208 1972 2231 eas

1234 2253 1395 2286 subiicere
1422 2253 1560 2285 audeant
1592 2262 1649 2284 seu
1681 2255 1889 2294 praesumant
1912 2251 1971 2283 suh

1234 2305 1431 2348 gravissimis
1451 2305 1566 2347 poenis
1586 2304 1779 2347 prohibent)
1801 2302 1971 2337 manifeste

1233 2358 1463 2396 adversentur,
1491 2357 1636 2399 adeoque
1666 2366 1726 2399 per
1751 2365 1787 2388 ea
1813 2355 1969 2396 libertas,

1232 2410 1414 2442 iurisdictio
1455 2414 1485 2442 et
1525 2408 1710 2441 immunitas
1752 2407 1971 2441 ecclesiastica

1232 2472 1439 2505 summopere
1465 2464 1552 2495 laesa
1585 2461 1794 2494 remanserit:
1821 2460 1898 2494 hinc
1923 2466 1971 2493 est

1231 2515 1318 2558 quod
1344 2525 1418 2555 nos,
1447 2514 1503 2558 qui
1528 2514 1646 2547 iurium
1670 2513 1967 2547 ecclesiasticorum

1230 2573 1407 2602 assertores
1433 2568 1464 2601 in
1491 2568 1584 2601 terris
1605 2578 1622 2601 a
1638 2567 1774 2602 Domino
1800 2566 1968 2610 constituti

1972 196 2026 221 An.
2042 195 2151 225 (1.1711

2042 1626 2164 1647 Desinant»

1980 1652 2081 1673 nuntiatis
2103 1659 2165 1679 prae-

1980 1679 2084 1699 dictorum
2117 1685 2164 1699 cum

1981 1705 2100 1726 eorumdem
2127 1705 2164 1725 da-

1980 1733 2087 1752 mnatione
2098 1734 2118 1751 et
2133 1737 2164 1752 re-

1947 1777 1954 1783 ·
1981 1761 2100 1779 vocatione.
