2269 3203
241 234 293 260 An.
314 232 343 259 C.
361 232 424 258 17(Ιὶ
476 223 518 255 'ist

431 280 597 324 quibusvis
628 280 832 323 apostolicis,
859 285 891 311 et
919 279 950 311 in
979 278 1168 311 universali-

431 332 490 368 bus
510 333 831 376 provincialibusque
856 332 1003 365 conciliis
1023 330 1118 363 editis
1138 335 1169 362 et

432 386 577 426 edendis,
588 386 785 429 specialibus
799 387 846 418 rel
862 384 1079 427 generalibus,
1094 393 1170 415 con-

432 439 656 471 stitutionibus
682 443 712 472 et
737 438 1013 476 ordinationibus,
1041 444 1167 468 necnon

433 491 709 534 prohibitionibus
727 492 867 534 desuper
892 490 982 522 sactis
1006 493 1037 521 et
1061 489 1093 519 in
1115 498 1170 530 po-

433 549 553 577 sterum
580 544 823 587 quomodolibet
849 541 1022 580 faciendis;
1050 540 1169 582 quibus

434 597 583 630 omnibus
602 603 634 629 et
650 597 797 639 singulis,
816 594 937 629 etiamsi
960 604 1018 637 pro
1038 593 1168 625 illorum

434 650 604 682 sufficienti
623 649 831 691 derogatione
850 648 888 680 de
906 647 970 680 illis
989 655 1168 687 eorumque

435 703 508 736 totis
534 703 702 735 tenoribus
727 701 894 745 specialis,
921 699 1071 743 specifica
1088 725 1095 738 ,
1119 708 1170 730 ex—

434 767 546 799 pressa
572 761 603 789 et
619 755 795 795 individua,
813 765 848 787 ac
866 754 905 786 dc
922 753 1021 785 verbo
1043 752 1082 784 ad
1100 761 1169 784 ver-

434 810 522 849 bum,
538 819 599 841 non
616 813 719 841 autem
736 818 793 850 per
817 806 975 839 clausulas
1001 804 1171 847 generales

434 862 520 895 idem
547 861 772 904 importantes,
803 859 924 892 mentio
950 868 1006 890 scu
1040 856 1171 900 quaevis

434 914 496 947 alia
521 914 685 957 expressio
712 911 872 951 habenda,
897 915 951 943 aut
976 909 1085 952 aliqua
1110 909 1171 942 alia

435 967 596 1010 exquisita
621 967 722 999 forma
740 966 777 998 ad
804 965 866 998 hoc
892 963 1051 997 servanda
1076 963 1170 1003 soret,

436 1021 565 1053 illorum
588 1020 731 1053 omnium
757 1024 787 1051 et
811 1018 1016 1060 singulorum
1041 1021 1171 1049 tenores

434 1073 657 1116 praesentibus
693 1082 751 1114 pro
787 1072 882 1114 plene
909 1075 941 1102 et
972 1068 1173 1102 sufficienter

436 1125 595 1168 expressis
622 1131 653 1157 et
677 1124 805 1157 insertis
826 1122 998 1161 habentes,
1014 1122 1078 1154 illis
1096 1121 1172 1154 alias

435 1177 466 1210 in
492 1189 548 1211 suo
569 1178 687 1211 robore
711 1176 943 1220 permansuris,
962 1175 1000 1208 ad
1023 1175 1174 1218 praemis·

435 1242 542 1265 sorum
560 1230 718 1270 effectum,
736 1231 794 1263 hac
812 1230 879 1263 vice
906 1230 1081 1269 ttlumtaxat,
1100 1239 1173 1272 spe-

435 1285 560 1318 cialiter
584 1289 614 1318 et
639 1293 790 1326 expresse
809 1294 845 1316 ac
863 1282 1020 1316 latissime
1038 1282 1174 1325 deroga-

436 1349 529 1379 mus,
555 1337 735 1381 ceterisque
769 1336 940 1370 contrariis
966 1335 1174 1379 quibuscum-

437 1401 511 1435 que.

481 1444 593 1477 Datum
634 1444 749 1477 Romae
770 1470 777 1484 ,
819 1442 902 1486 apud
942 1442 973 1475 S.
1015 1442 1145 1475 Petrum
1166 1467 1173 1481 ‚

437 1497 498 1530 sub
522 1498 643 1530 annulo
668 1497 848 1536 Piscatoris‚
871 1496 923 1530 die
948 1507 992 1529 xn
1019 1495 1174 1529 februarii

437 1560 547 1591 MDCCI,
572 1550 781 1594 pontificatus
806 1550 909 1583 nostri
935 1560 1021 1582 anno
1047 1560 1069 1583 1.

476 1613 533 1639 liat.
551 1612 593 1640 die
610 1613 642 1640 12
658 1612 788 1639 februarii
807 1612 885 1646 1701,
906 1611 1000 1647 pontif.
1018 1618 1089 1638 anno
1105 1616 1122 1637 1.

781 1753 832 1788 IX.

440 1835 633 1871 Declaratur
674 1836 862 1870 constitutio
905 1835 1092 1869 Imzocentz'i
1129 1834 1182 1868 XI

484 1890 600 1934 (edita
630 1890 682 1922 die
712 1900 764 1923 xxx
788 1889 879 1922 iunii
907 1887 1116 1931 nnchxvnt)
1142 1887 1180 1920 de

485 1948 554 1977 voto
579 1943 757 1987 capitulari
784 1942 1019 1976 monachorum
1046 1943 1181 1985 Conqre-

485 1997 626 2040 9atiom's
651 1997 683 2029 S.
711 1996 877 2030 Bernardi
899 1996 1059 2030 Castellae
1085 1995 1181 2029 Ordi-

486 2050 539 2082 nis
575 2049 794 2083 Cisterciensis
826 2050 863 2082 in
893 2049 1073 2082 academiis
1101 2047 1178 2082 Sal-

487 2103 660 2136 maticensi
690 2107 718 2136 cl
755 2102 982 2146 Complatensi
1012 2102 1182 2146 magistro-

489 2165 576 2189 rum.

661 2237 795 2263 clemens
816 2236 894 2270 Papa
914 2236 961 2270 XI,

587 2281 624 2308 ad
644 2280 776 2308 futuram
795 2281 838 2308 rei
858 2281 1039 2309 memoriam.

284 2354 314 2376 Ab
338 2352 437 2376 Innocen-

255 2383 283 2402 ΗΟ
304 2383 329 2403 Χ,
350 2388 437 2402 Μω-
492 2351 506 2394 g
531 2350 561 2383 1.
590 2351 675 2384 Alias
703 2351 803 2384 felicis
827 2352 1062 2385 recordationis
1089 2351 1184 2385 Inno-

255 2415 299 2429 ΜΠ]
324 2409 363 2429 rua
398 2414 435 2427 νο·
449 2404 572 2437 centius
594 2404 678 2447 Papa
692 2404 741 2444 xl,
755 2405 984 2447 praedecessor
1002 2410 1126 2445 noster,
1144 2405 1182 2438 ad

336 2438 342 2454 t
365 2437 399 2454 c¹t
422 2441 438 2450 ¹-

255 2435 439 2513 ἓῗὲὲξοὲιὲοὲὲξ·
450 2457 717 2500 supplicationem
735 2463 810 2490 tunc
820 2458 986 2491 existentis
998 2463 1184 2502 procurato-

255 2510 492 2560 {¹3‘1i's‘gti1³d‹i¹.ss¹1⁰.{¹'i⁵
514 2509 672 2552 generalis
689 2509 956 2552 Congregationis
977 2511 1008 2543 S.
1029 2511 1183 2544 Bernardi

450 2562 607 2596 Castellae
638 2562 875 2595 monachorum
905 2563 1034 2597 Ordinis
1064 2563 1184 2597 Cister-

257 2566 380 2588 academiis.

450 2615 577 2657 ciensis,
592 2615 676 2649 inter
697 2615 759 2649 alia
777 2616 979 2650 concessitet
1000 2616 1184 2651 indulsitut

1014 229 1190 253 nttLLAsstt'M
1215 228 1365 252 nottANttM

1955 223 2007 250 An.
2028 223 2056 249 C.
2074 223 2139 251 1701

1213 276 1355 318 magistri
1383 274 1488 307 dictae
1512 271 1795 315 Congregationis,
1824 272 1855 305 in
1881 271 1952 304 uni-

1213 327 1420 360 versitatibus
1450 325 1630 358 studiorum
1657 325 1861 367 generalium
1885 324 1954 357 Sal-

1213 379 1379 412 maticensi
1406 384 1438 411 et
1461 378 1683 420 Complutcnsi
1706 389 1765 420 per
1789 378 1953 421 publicant

1212 432 1480 475 approbationem
1510 431 1654 463 omnium
1680 431 1896 464 saecularium
1922 437 1955 464 et

1213 485 1411 527 regularium
1430 484 1619 517 cathedram
1646 490 1719 517 actu
1744 490 1954 528 occupantes,

1214 543 1245 571 et
1265 538 1303 570 ad
1321 537 1500 580 magisterii
1526 538 1661 580 gradum
1680 538 1712 570 in
1731 537 1809 581 ipsis
1827 537 1955 570 univer-

1213 591 1361 624 sitatibus
1386 592 1550 634 promoti,
1577 597 1687 624 votum
1722 591 1884 624 haberent
1908 601 1956 624 ca-

1214 645 1355 688 pitulare
1373 646 1459 678 ultra
1479 646 1559 678 alios
1585 645 1758 679 duodecim
1783 645 1955 688 magistros

1214 698 1375 732 eiusmodi
1410 698 1473 732 voti
1506 699 1730 742 praerogativa
1756 698 1955 741 gaudentes,

1214 757 1245 784 et
1263 752 1467 799 aliasuprout
1486 751 1516 784 in
1536 751 1638 794 ipsius
1655 750 1837 784 lnnoeentii
1862 761 1956 794 prae-

1215 805 1399 838 decessoris
1417 805 1534 838 littcris
1556 805 1698 847 desuper
1715 805 1747 837 in
1766 804 1864 837 simili
1891 804 1957 837 sor-

1214 861 1265 891 ma
1296 858 1407 891 Brevis
1433 858 1484 891 die
1510 868 1560 891 xxr
1585 858 1663 890 iunii
1689 867 1875 891 nnccxxvtu
1902 867 1956 889 ex-

1215 911 1333 955 peditis
1350 938 1357 951 ,
1382 922 1520 954 quarum
1556 917 1700 944 tenorem
1725 910 1955 954 praesentibus

1215 975 1275 1007 pro
1294 965 1390 1007 plene
1416 970 1448 997 et
1473 964 1670 996 sufficienter
1691 974 1843 1006 expresso
1861 968 1892 996 et
1909 963 1958 995 in-

1215 1024 1302 1051 serto
1341 1017 1452 1050 haberi
1487 1018 1636 1050 volumus
1654 1044 1661 1057 ,
1689 1017 1823 1049 uberius
1849 1016 1954 1049 conti-

1215 1077 1322 1104 netur.

1260 1125 1275 1167 §
1291 1124 1322 1157 ⁶2.
1343 1124 1419 1158 Cum
1438 1130 1553 1164 autem,
1572 1124 1654 1157 sieut
1675 1123 1784 1156 dilecti
1803 1122 1859 1156 silii
1880 1122 1959 1155 Pru·
2020 1132 2153 1163 *nectarano

1217 1178 1346 1210 (leutius
1365 1178 1402 1210 de
1422 1178 1521 1210 Ilessa
1546 1177 1644 1210 abbas
1662 1176 1826 1219 generalis
1843 1180 1875 1208 et
1892 1159 2153 1211 mo-ll‘a⁰2l}¹t¹f⁸1s¹³⁰¹33l

1217 1231 1311 1264 nachi
1332 1231 1436 1265 dictae
1457 1230 1723 1274 Congregationis
1740 1230 1833 1262 nobis
1852 1214 2154 1272 nuperlflssimfffflocssssl

1218 1285 1336 1328 exponi
1365 1286 1522 1325 fecerunt,
1543 1285 1647 1317 dictae
1668 1268 2028 1325 Innocentiip1·ae-⁰³¹¹²·

1219 1338 1400 1372 decessoris
1426 1338 1551 1371 litterae
1573 1347 1746 1380 perperam
1773 1335 1959 1368 intellectae

1219 1399 1252 1424 et
1276 1391 1468 1425 observatae
1503 1389 1634 1430 suerint,
1665 1399 1784 1432 nempe
1814 1398 1880 1422 non
1901 1397 1962 1421 so-

1220 1445 1286 1478 lum
1311 1444 1332 1477 ii
1359 1444 1530 1488 magistri,
1558 1443 1612 1486 qui
1639 1442 1670 1475 in
1703 1441 1862 1475 dictarum
1886 1440 1961 1474 uni-

1220 1498 1410 1532 versitatum
1445 1496 1608 1530 cathedris
1643 1496 1785 1529 actuales
1821 1495 1961 1527 lectores

1220 1557 1322 1589 erant.
1355 1551 1411 1584 sed
1438 1550 1535 1584 etiam
1561 1559 1675 1583 omnes
1708 1548 1753 1582 illi
1792 1548 1847 1592 qui
1870 1553 1963 1581 antea

1220 1615 1280 1648 per
1304 1603 1434 1647 aliquod
1461 1603 1620 1646 temporis
1639 1601 1779 1645 spatium
1797 1601 1830 1634 in
1855 1601 1902 1633 eis
1919 1601 1965 1633 le-

1222 1662 1346 1700 gerant,
1364 1657 1402 1690 ad
1425 1656 1545 1690 dictum
1564 1660 1684 1695 votum,
1706 1660 1818 1687 contra
1843 1654 1964 1687 claram

1222 1716 1254 1743 et
1268 1719 1454 1753 expressam
1469 1709 1656 1742 earumdem
1671 1706 1855 1741 Innocentii
1873 1716 1965 1750 prae-

1223 1763 1404 1797 decessoris
1437 1762 1619 1796 litterarum
1659 1761 1785 1794 actuale
1821 1761 1964 1793 leeturae

1223 1817 1415 1851 exercitium
1441 1822 1473 1850 et
1490 1815 1667 1858 magisterii
1686 1814 1822 1858 gradum
1841 1813 1871 1845 in
1890 1812 1964 1845 uni-

1223 1870 1428 1905 versitatibus
1463 1870 1641 1914 praedictis
1675 1872 1864 1911 susceptum
1889 1865 1966 1899 insi·

1223 1925 1287 1958 mul
1306 1924 1542 1968 requirentium
1559 1921 1816 1966 dispositionem,
1831 1918 1964 1953 admissi

1225 1977 1362 2018 suerint·,
1381 1987 1417 2009 ac
1434 1975 1573 2020 proinde
1598 1974 1658 2018 ipsi
1678 1977 1877 2017 exponentes
1894 1982 1968 2005 exa-

1225 2030 1311 2064 ctae¹
1329 2030 1361 2062 in
1375 2030 1517 2062 futurum
1533 2026 1755 2061 etinviolabili
1771 2026 1898 2059 illarum
1912 2025 1967 2058 ob-

1226 2083 1402 2117 servationi
1428 2093 1488 2126 per
1513 2086 1729 2125 opportunam
1751 2079 1895 2123 desuper
1911 2078 1966 2112 de-

1226 2137 1437 2171 clarationem
1455 2146 1473 2169 a
1489 2135 1584 2169 nobis
1608 2133 1734 2168 consuli
1755 2138 1786 2166 et
1802 2131 1966 2176 provideri

1226 2190 1402 2234 plurimum
1414 2189 1615 2223 desiderent:
1631 2197 1699 2228 nos,
1714 2185 1904 2220 eorumdem
1916 2195 1968 2218 cx-

1227 2243 1420 2288 ponentium
1433 2242 1514 2275 votis
1527 2242 1589 2274 hac
1608 2241 1641 2273 in
1655 2250 1702 2281 re,
1718 2245 1876 2283 quantum
1894 2248 1968 2272 cum

1226 2298 1364 2331 Domino
1381 2305 1565 2340 possumus,
1583 2294 1803 2327 favorabiliter
1822 2301 1967 2326 annuere

1226 2351 1383 2390 volentes,
1408 2354 1440 2382 et
1459 2358 1571 2381 eorum
1602 2347 1785 2390 singulares
1808 2355 1968 2390 personas

1226 2415 1244 2438 a
1267 2403 1436 2448 quibusvis
1456 2399 1814 2439 excommunicationis,
1832 2409 1971 2443 suspen-

1226 2457 1329 2491 sionis
1354 2461 1386 2489 ct
1409 2453 1585 2494 interdicti,
1611 2453 1749 2496 aliisque
1774 2452 1969 2485 ecclesiasti-

1226 2511 1271 2544 cis
1295 2508 1476 2549 sententiis,
1502 2507 1649 2540 censuris
1667 2512 1698 2539 et
1718 2506 1846 2549 poenis,
1863 2516 1880 2538 a
1899 2505 1969 2539 iure

1225 2565 1278 2597 vel
1314 2563 1353 2596 ab
1390 2561 1535 2601 homine,
1571 2559 1685 2603 quavis
1710 2559 1884 2593 occasione
1919 2559 1969 2594 vel

1263 2625 1273 2650 1
1297 2623 1369 2652 Edit.
1390 2622 1469 2651 Main.
1491 2621 1555 2658 tegit
1573 2623 1672 2649 exacte
1692 2620 1731 2656 (a.
1752 2621 1801 2655 Τ.).
