2269 3203
258 233 310 259 An.
331 230 447 259 eim
494 222 557 256 508

451 280 618 324 stianaque
651 282 844 314 educatione
881 282 1038 320 imbutus,
1065 282 1190 315 futurae

451 333 630 367 sanctitatis
654 335 822 378 praeludia
847 335 885 367 ab
912 335 979 378 ipsa
1004 334 1192 367 ediditado-

451 387 620 420 lescentia.
648 387 725 420 Nam
761 380 866 420 statim
901 398 936 419 ac
963 393 1113 430 quartum
1139 397 1191 419 su-

450 450 509 483 pra
550 440 708 473 decimum
748 441 862 473 aetatis
907 451 1026 473 annum
1064 441 1190 483 attigit,

450 493 573 525 mundo
599 493 783 536 saeculique
798 493 962 526 illecebris
980 495 1048 526 vale
1067 494 1190 533 dicens,

451 546 581 578 fratrum
607 546 868 579 Praedicatorum
895 546 1042 579 instituto
1069 557 1190 580 nomen

451 598 556 638 dedit,
583 599 752 640 praeclara
785 599 871 635 illius
904 598 1032 632 Ordinis
1070 599 1190 632 decora

450 661 486 683 ac
511 651 715 694 potissimum
735 652 850 684 eximia
876 652 908 684 iu
936 652 1019 685 hanc
1044 652 1190 685 Sanctam

450 704 567 737 Sedem
598 705 712 737 merita
737 706 911 748 plurimum
938 712 1104 739 aucturus.
1134 707 1191 739 Hie

451 757 537 790 enim
565 758 619 790 ille
646 763 696 791 est
720 759 960 792 laudatissimus
998 760 1098 792 sancti
1122 760 1187 793 Do-

451 810 562 842 minici
588 810 687 850 Ordo,
716 811 746 843 in
774 822 848 855 quo,
874 818 908 844 ut
932 813 1074 855 primum
1100 813 1191 845 insti-

451 868 539 896 tutus
567 864 632 902 fuit,
660 870 821 908 tamquam
848 866 878 897 in
904 865 1014 908 opimo
1037 876 1072 898 ac
1094 866 1189 898 fertili

451 926 541 959 agro,
563 917 741 960 codemque
767 918 851 951 bene
879 924 910 951 et
930 918 1104 960 diligenter
1121 919 1192 951 sub-

451 975 520 1002 acto
545 975 575 1002 et
603 971 743 1007 exculto,
770 971 828 1003 viri
848 970 1011 1004 doctrinae
1026 976 1191 1014 praestan-

451 1022 492 1054 tia
507 1028 537 1055 et
551 1023 632 1056 vitae
647 1024 813 1057 sanctitate
833 1025 1001 1067 conspicui
1024 1035 1190 1067 nunquam

451 1075 504 1107 alii
531 1075 603 1108 aliis
627 1086 831 1109 succrescere
858 1076 1034 1109 desierunt.

493 1129 563 1171 §ln
591 1129 749 1162 Strenuus
786 1131 893 1172 itaque
931 1129 963 1162 in
1001 1129 1051 1162 liis
1077 1130 1190 1162 castris

450 1181 544 1215 miles
569 1183 679 1215 munia
711 1182 859 1215 eiusdem
888 1182 1031 1223 Ordinis,
1055 1183 1190 1216 lectoris

448 1235 582 1276 seilicet,
610 1235 726 1278 prioris
752 1240 782 1268 et
807 1235 1001 1277 detinueris,
1030 1246 1113 1279 quae
1139 1247 1191 1269 ex-

449 1290 519 1321 acta
555 1288 716 1331 regularis
753 1288 945 1332 disciplinae
986 1289 1192 1322 observantia

449 1342 653 1384 promeruit,
682 1344 806 1375 summa
837 1353 909 1375 cum
948 1342 1042 1375 laude
1068 1342 1190 1381 obivit,

449 1399 600 1438 totusque
626 1395 658 1426 in
684 1405 721 1427 eo
748 1395 806 1427 fuit
834 1401 868 1427 ut
888 1395 959 1427 viva
979 1395 1190 1438 probatorum

409 1459 412 1462 ⁴
449 1452 578 1490 patrum
596 1449 745 1490 exempla
763 1447 823 1480 sibi
842 1453 1046 1492 proponeret
1066 1448 1192 1481 imitan-

450 1499 509 1539 da;
540 1506 635 1540 ratus,
662 1505 694 1533 et
719 1501 850 1544 quidem
874 1501 1001 1542 merito,
1028 1500 1131 1533 basim
1155 1511 1191 1534 ac

450 1553 696 1586 fundamentum
721 1553 894 1596 religiosae
912 1554 993 1586 vitae
1014 1554 1045 1587 in
1063 1554 1191 1587 assidua

450 1606 490 1642 ad
514 1605 615 1639 Deum
641 1606 828 1650 precatione
861 1611 957 1649 atque
988 1606 1021 1639 in
1045 1607 1191 1649 legendis

448 1658 680 1702 imitandisque
706 1664 890 1692 sanctorum
915 1660 1059 1693 virorum
1079 1660 1190 1702 gestis,

449 1712 549 1746 sancti
575 1712 733 1746 Dominici
773 1713 986 1756 praesertim,
1011 1723 1047 1746 ac
1078 1723 1190 1746 eorum

450 1766 506 1809 qui
544 1766 784 1799 dominicanam
820 1766 972 1799 familiam
1010 1767 1191 1799 sanctitatis

450 1819 566 1852 samam
592 1819 843 1860 illustraverant,
871 1829 943 1852 esse
968 1819 1170 1853 collocanda,

280 1881 340 1904 rme}
356 1882 440 1916 quaoft-
495 1872 509 1915 ἓ
533 1872 564 1905 5.
592 1871 668 1906 Cum
693 1878 800 1906 autem
826 1873 964 1916 plurima
989 1873 1020 1905 in
1046 1873 1109 1906 hoc
1123 1873 1191 1907 viro

255 1909 440 1965 22203832292}
450 1925 654 1959 admirabilia
680 1926 810 1967 fuerint,
830 1925 1002 1970 praecipue
1026 1926 1190 1970 singulare

253 1962 592 2035 {5:53520313‘33'studium
617 1980 858 2014 conservandae
884 1991 978 2014 verae
1005 1986 1034 2014 et
1055 1981 1191 2014 catholi-

264 2020 293 2035 ω’
450 2043 505 2066 cae
531 2034 699 2078 religionis
726 2040 759 2067 et
784 2034 935 2067 adversus
962 2045 1074 2067 eorum
1108 2035 1191 2068 frau-

450 2087 518 2120 de&
532 2092 564 2120 et
589 2087 735 2127 insidias,
761 2087 814 2130 qui
841 2088 928 2121 illam
955 2088 1021 2120 utta
1039 2099 1076 2120 ex
1099 2094 1189 2131 parte

447 2140 640 2174 labefactare
674 2146 885 2181 conarentur,
920 2141 1125 2185 implacabile
1159 2152 1190 2174 o-

448 2193 539 2226 dium
564 2204 692 2237 semper
717 2195 827 2227 eluxit.
854 2193 958 2232 Quare
984 2195 1070 2238 apud
1091 2194 1191 2228 Novo·

449 2257 621 2280 comenses
647 2247 801 2290 primum,
828 2247 946 2280 deinde
969 2249 1053 2290 apud
1072 2248 1190 2291 Bergo-

448 2305 550 2332 mates
575 2299 649 2333 fidei
676 2301 844 2343 quaesitor
875 2301 1091 2342 renunciatus,
1118 2302 1188 2343 illis,

449 2354 502 2396 qui
528 2353 567 2386 ab
594 2353 738 2386 Ecclesia
756 2354 979 2393 descivissent,
997 2360 1188 2397 perpetuum

448 2406 569 2439 bellum
595 2406 724 2445 indixit3
751 2412 836 2446 tum,
861 2412 895 2438 ut
932 2413 1075 2439 errantes
1100 2407 1187 2450 ipsos

450 2460 482 2492 in
499 2460 582 2492 viam
601 2459 714 2492 salutis
736 2465 907 2499 revocaret,
928 2465 993 2492 tum
1013 2465 1047 2491 ut
1065 2466 1190 2493 ceteros

449 2513 490 2545 ab
516 2513 637 2545 erroris
662 2511 857 2554 contagione
883 2518 1028 2545 servaret
1046 2512 1186 2546 illaesos.

306 2571 381 2602 ΜΝΞ
399 2571 440 2592 ΒΙΜ-
494 2567 509 2610 ξ
533 2566 564 2599 6.
592 2565 676 2609 Ergo
702 2576 775 2598 cum
800 2566 828 2598 ei
854 2576 971 2598 munus
998 2565 1029 2598 in
1055 2576 1110 2599 eos
1131 2577 1190 2609 pu-

255 2603 533 2654 ii’ggffsmiffi'iffihlice
559 2619 744 2663 inquirendi
770 2619 953 2653 mandatum
976 2619 1104 2661 fuisset,
1124 2629 1189 2653 non

280 1140 330 1160 Em<
346 1147 437 1161 minuet-ai

1033 232 1211 257 nectarium
1235 232 1389 257 ROMANUM

1977 233 2028 261 An.
2049 234 2077 262 C.
2094 233 2164 263 ¹712

1234 282 1287 314 ille
1314 287 1480 326 potentum
1507 282 1701 322 inimicitias,
1725 291 1792 315 non
1816 282 1968 325 pericula,
1981 297 2112 327 mutemus,
2128 297 2167 328 im.

1235 346 1299 368 non
1326 336 1406 369 vitae
1432 346 1468 369 ac
1495 336 1608 379 capitis
1635 335 1868 376 dimicationes,
1896 323 2166 370 dumliir‘ss'dum‘qm‘

1234 388 1308 421 illos
1334 389 1437 422 modis
1456 389 1605 423 omnibus
1633 394 1899 433 persequeretur,
1931 389 1971 422 si-

1234 442 1265 474 bi
1293 443 1459 485 fugiendas
1497 443 1638 486 putavit,
1664 443 1721 475 sed
1747 443 1854 486 potius
1885 442 1972 475 ultro

1234 505 1269 527 ae
1295 496 1411 538 cupide
1448 496 1599 539 appetiit,
1636 500 1833 539 servatoque
1866 505 1883 528 a
1907 495 1972 528 Deo

1235 547 1438 588 mirabiliter,
1454 559 1518 581 non
1537 548 1681 581 animum
1693 548 1846 592 martyrio
1865 547 1973 581 dieen-

1236 601 1329 641 dum,
1358 602 1414 634 sed
1450 601 1639 645 martyrium
1673 601 1783 634 animo
1817 600 1971 633 defuisse.

1234 653 1304 688 Erat
1331 659 1405 686 tunc
1431 654 1584 697 temporis
1611 665 1668 686 suo
1694 654 1824 686 viduata
1843 657 1972 697 pastore

1234 707 1395 740 Curiensis
1415 707 1551 740 ecclesia
1571 708 1654 750 apud
1675 707 1821 747 Rhetios,
1848 706 1898 740 cui
1924 716 1974 739 ca-

1235 761 1369 793 nonicus
1389 760 1531 803 quidam,
1547 761 1606 793 etsi
1633 766 1801 804 suspectae
1821 760 1907 800 fidei,
1931 760 1973 792 ob

1234 813 1459 856 suffragiorum
1482 823 1652 846 numerum
1680 814 1761 845 forte
1787 812 1976 856 praeficien-

1235 866 1294 898 dus
1310 872 1389 899 erat.
1408 866 1540 899 Mittitur
1557 871 1732 908 propterea
1749 866 1884 898 huiusce
1903 875 1975 898 cau-

1235 928 1288 950 sae
1303 918 1452 960 cognitor
1466 918 1578 950 beatus
1594 918 1667 950 Pius
1685 929 1692 957 ;
1712 920 1814 960 eaque
1832 918 1870 950 ad
1896 917 1973 949 iuris

1234 981 1378 1004 normam
1403 971 1506 1014 probe
1532 971 1688 1010 confecta,
1714 971 1887 1003 haereseos
1913 971 1975 1003 cri-

1234 1024 1329 1056 minis
1356 1035 1429 1057 reus
1450 1024 1625 1057 eanonicus
1644 1024 1698 1056 ille
1712 1023 1893 1056 declaratus
1911 1028 1971 1056 est.

1233 1076 1308 1109 Pius
1328 1087 1406 1109 vero
1431 1087 1499 1108 rem
1526 1076 1611 1109 hauc
1645 1081 1745 1109 totam
1769 1075 1813 1109 ita
1838 1075 1913 1108 forti
1940 1085 1973 1108 a·

1235 1130 1322 1162 nimo
1356 1130 1470 1172 gessit,
1495 1135 1529 1161 ut
1554 1139 1722 1173 nunquam
1760 1128 1889 1162 Ordinis
1922 1129 1974 1162 sui

1234 1182 1422 1215 indumenta
1437 1183 1532 1216 etiam
1547 1193 1606 1226 per
1619 1183 1715 1215 breve
1734 1188 1862 1226 tempus
1877 1192 1974 1215 exue-

1235 1246 1269 1268 re
1294 1236 1452 1275 voluerit‚
1480 1246 1677 1279 quamquam
1702 1246 1775 1268 eum
1800 1245 1914 1268 omnes
1941 1245 1972 1268 a·

1234 1289 1320 1322 lieno
1347 1289 1462 1321 vestitu
1488 1289 1641 1322 incedere
1668 1289 1903 1330 hortarentur,
1931 1298 1972 1322 ne

1234 1343 1344 1374 oculos
1370 1341 1608 1375 haereticorum
1635 1340 1829 1381 offenderet,
1850 1341 1904 1384 qui
1925 1351 1975 1373 ca-

1234 1394 1332 1437 pitale
1357 1394 1466 1427 odium
1491 1395 1644 1427 adversus
1670 1394 1893 1427 dominicanos
1913 1393 1975 1426 fra-

1235 1456 1299 1481 tres
1323 1448 1573 1491 profitebantur.
1604 1446 1737 1490 Negavit
1762 1446 1792 1479 id
1818 1457 1851 1480 se
1877 1447 1975 1480 sactu-

1235 1511 1304 1533 rum
1331 1501 1425 1540 Pius,
1460 1506 1570 1533 sancte
1607 1506 1743 1533 testatus
1776 1510 1809 1532 se
1835 1499 1971 1544 quamli-

1235 1554 1438 1593 hentissime,
1462 1554 1487 1586 si
1513 1554 1557 1586 ita
1572 1553 1638 1587 Deo
1655 1553 1759 1586 visum
1780 1552 1903 1593 fuisset,
1923 1562 1973 1586 sa·

1235 1609 1288 1640 cra
1311 1607 1366 1640 illa
1390 1611 1478 1640 veste
1504 1606 1650 1639 indutum
1678 1611 1819 1639 mortem
1843 1605 1973 1649 oppeti-

1236 1665 1354 1694 turum.

1279 1715 1293 1758 ξ
1320 1715 1348 1748 7.
1374 1714 1444 1748 Pari
1471 1724 1548 1747 sane
1574 1713 1757 1747 constantia
1776 1713 2168 1768 Befg⁰m2”·ffl¹it,‘t¹.?.'.3²⁹⁰³2t

1234 1778 1302 1801 sem
1336 1767 1499 1801 civitatem
1535 1766 1574 1799 ab
1610 1766 1854 1800 haereticorum
1882 1771 2100 1810 pestehaereucis
2120 1779 2171 1801 p¹¹r⁶

1235 1820 1410 1863 diligenter
1433 1820 1600 1864 purgavi&
1627 1819 1680 1852 ubi
1712 1819 1831 1853 invicto
1867 1801 2033 1852 antmo⁸²‘'

1235 1873 1387 1907 adversus
1426 1873 1623 1906 Medolacum
1666 1872 1764 1905 falsae
1805 1871 1973 1905 doctrinae

1235 1932 1488 1971 propagatorem
1514 1925 1673 1959 acerrime
1706 1925 1839 1964 institit,
1864 1935 1975 1969 quam·

1234 1980 1279 2013 vis
1304 1981 1421 2022 magna
1446 1979 1624 2012 amicorum
1649 1989 1685 2011 ac
1709 1979 1972 2022 consanguineo-

1234 2043 1305 2066 rum
1330 2033 1424 2077 copia
1448 2031 1622 2073 suffultum,
1648 2042 1665 2065 a
1691 2032 1810 2076 quibus
1836 2031 1973 2065 subinde

1234 2098 1346 2130 graves
1372 2087 1527 2120 excitatae
1554 2092 1627 2120 sunt
1652 2087 1777 2120 turbae.

1277 2141 1291 2183 ἓ
1317 2140 1346 2173 8.
1372 2140 1405 2173 ld
1431 2141 1518 2184 quod
1550 2140 1716 2184 praestitit
1740 2140 1837 2173 etiam
1862 2139 2168 2200 adver-scglgffgffizffiit·

1233 2204 1286 2226 sus
1311 2194 1458 2227 eiusdem
1484 2194 1621 2227 civitatis
1647 2194 1854 2237 episcopum,
1881 2193 1971 2226 euius
2163 2189 2168 2195 ’

1232 2247 1377 2291 profecto
1402 2253 1601 2291 praepotens
1634 2246 1808 2280 auctoritas
1841 2257 1880 2279 eo
1910 2247 1969 2280 de-

1231 2306 1363 2333 venerat
1398 2300 1544 2333 insauiae
1575 2305 1611 2332 ut
1635 2300 1793 2343 quosdam
1826 2299 1971 2333 nefarios

1233 2353 1383 2386 homines
1411 2354 1616 2393 immitteret,
1644 2353 1698 2396 qui
1724 2352 1973 2396 integerrimum

1232 2406 1305 2439 fidei
1327 2406 1511 2438 ministrum
1529 2407 1558 2438 vi
1584 2407 1697 2439 dolore
1719 2409 1849 2449 captum
1873 2406 1973 2439 maxi-

1231 2459 1290 2491 mis
1309 2459 1507 2492 eruciatibus
1525 2460 1739 2502 perimerent.
1757 2459 1872 2492 Verum
1890 2465 1974 2492 uter-

1232 2523 1293 2555 que
1319 2512 1451 2545 tandem
1485 2513 1553 2545 iure
1588 2522 1622 2545 ac
1653 2513 1767 2545 merito
1794 2512 1971 2545 haereseos

1232 2566 1403 2598 damnatus
1420 2565 1661 2599 haereticorum
1680 2576 1802 2610 poenas
1823 2565 1890 2599 luit.
1913 2565 1972 2598 Me-

1233 2619 1363 2654 dolacus
1383 2619 1469 2654 enim
1486 2619 1607 2655 carceri
1626 2619 1713 2663 apud
1730 2619 1868 2655 ‘venetos
1885 2628 1971 2655 man-

2266 1845 2269 1987 t
