2269 3203
67 240 116 272 ΑΒ.
132 241 162 271 C.
184 242 254 271 1712

107 776 248 799 Mediolanum

65 804 166 828 mittitur.
194 806 248 825 eius·

65 835 105 855 que
120 833 185 850 utitur
200 837 248 851 rnu-

64 855 117 877 nonis
127 856 201 878 beatum
211 857 249 878 Ca-

64 883 121 903 rolus
171 882 246 905 Burru-

64 914 142 931 matus.

93 2519 215 2540 Placentiae
237 2526 250 2540 a

67 2545 132 2566 Paulo
143 2546 169 2566 de
179 2547 250 2566 Arctio

66 2572 179 2597 plurimum
190 2572 251 2594 adhi-

67 2598 134 2619 betur.

876 245 1018 269 CLEMENS
1044 245 1075 269 Xt
1101 245 1149 270 FP.

261 292 456 327 christianae
475 294 666 338 disciplinae
683 294 909 333 rudimentum,
929 303 999 337 pro·

260 345 350 388 priae
370 346 526 380 voluntati
553 357 585 380 se
611 356 776 389 nunquam
795 346 1000 388 obtempera-

261 404 377 438 turum,
403 400 593 443 nullamque
619 399 701 432 diem
727 399 797 432 sine
822 409 905 431 novo
926 408 1000 441 per-

260 451 410 485 fectionis
426 453 550 486 calculo
568 463 602 486 se
628 457 886 491 numeraturum,
905 461 998 484 sacro

260 504 472 539 iureiurando
507 505 695 550 spopondit,
727 516 762 538 ac
787 511 849 539 tam
875 504 997 547 grande
1019 524 1020 533 η

259 565 518 600 sacramentum,
543 560 583 593 ad
609 559 748 603 exempli
773 559 933 597 virtutem,
959 557 997 590 ad

261 611 494 656 discipulorum
520 612 774 653 institutionem,
805 612 844 644 ad
870 611 997 644 laudem

259 663 380 708 Deique
407 665 556 708 gloriam,
583 665 634 699 cui
660 665 720 699 soli
742 665 851 698 omnia
877 664 999 707 dirige-

258 717 322 758 bat,
348 723 532 752 constanter
557 719 764 762 perfecteque
797 717 994 761 adimplevit.

303 771 319 813 ξ
342 771 395 804 tlt.
423 771 530 804 Bonus
556 776 715 805 tantarum
733 771 883 804 virtutum
906 770 996 811 odor,

259 824 314 867 qui
346 834 382 856 ex
420 824 568 858 Andreae
601 824 756 868 operibus
782 823 994 867 erumpebat,

258 876 400 920 undique
426 877 488 910 iarn
514 882 614 911 totam
646 877 708 910 divi
740 877 829 910 Pauli
867 877 996 909 domum

255 931 507 974 universamque
532 931 646 964 urbem
671 929 929 974 Neapolitanam,
967 935 995 963 ct

257 984 420 1027 proximas
450 984 496 1017 illi
529 985 678 1027 regiones
706 984 898 1028 repleverat,
925 993 996 1015 cum

256 1037 373 1070 beatus
413 1036 544 1070 Carolus
576 1037 814 1075 Borroniaeus,
841 1036 996 1069 eeclesiae

258 1088 509 1123 Mediolanensis
532 1095 605 1123 tunc
631 1090 773 1130 antistes,
796 1089 849 1133 qui
872 1089 949 1122 alias
967 1094 998 1121 ct

258 1147 408 1185 tempore
433 1141 638 1186 pontificatus
664 1142 767 1175 felicis
798 1141 997 1175 recordatio-

258 1194 308 1227 nis
328 1194 375 1227 Pii
400 1195 437 1227 lv
461 1194 720 1238 praedecessoris
752 1195 850 1227 nostri
877 1194 996 1227 Romae

258 1247 382 1290 degens
400 1258 458 1280 usu
476 1252 681 1291 compererat
706 1258 801 1290 quam
819 1247 937 1281 uberes
963 1248 994 1280 in

257 1299 351 1333 vinea
378 1299 506 1332 Domini
539 1300 749 1343 congregatio
777 1300 996 1343 praefatorum

258 1353 449 1386 clericorum
476 1355 562 1387 recta
578 1352 706 1386 vivendi
725 1353 868 1397 bonique
890 1364 997 1387 exem-

258 1406 304 1450 pli
321 1406 448 1440 ratione
468 1407 588 1439 fructus
605 1405 744 1447 afferret,
762 1412 797 1439 ut
820 1407 995 1440 Mediolani

259 1458 405 1492 eiusdem
423 1459 692 1502 Congregationis
718 1459 832 1493 domus
854 1459 998 1494 institue-

257 1517 356 1553 retur,
382 1512 472 1545 avide
498 1513 661 1556 exoptavit
684 1512 717 1545 in
742 1512 889 1547 Domino.
917 1513 998 1551 Oua-

258 1570 395 1609 propter
418 1565 582 1608 praefatae
607 1565 875 1609 congregationis
899 1566 997 1600 comi-

259 1618 312 1651 tiis
348 1619 556 1661 generalibus
600 1629 685 1652 anno
722 1619 849 1653 Domini
890 1629 996 1654 iitDLxx

259 1671 453 1712 celebratis,
478 1672 517 1705 ad
551 1677 614 1706 tam
650 1673 739 1716 pium
772 1673 858 1706 beati
890 1673 996 1706 Caroli

259 1730 367 1758 votum
399 1725 595 1768 explendum
628 1725 776 1759 nonnulli
806 1736 842 1758 ex
868 1725 996 1758 clericis

258 1777 424 1821 praefatis,
460 1777 547 1810 inter
581 1788 663 1821 quos
704 1778 848 1811 Andreas
885 1778 996 1811 vicarii

259 1831 365 1864 tutulo
389 1830 570 1874 insignitus,
594 1831 785 1871 mittuntur,
806 1833 997 1875 summaque

259 1883 460 1917 humanitate
477 1893 513 1916 ae
533 1884 738 1918 veneratione
760 1884 964 1927 excipiuntur
980 1895 997 1917 a

258 1936 564 1970 Mediolanensibus.
603 1937 681 1970 'l‘um
718 1939 830 1971 beatus
863 1937 996 1971 Carolus

259 1989 408 2022 Andreae
427 1989 595 2023 virtutibus
613 1992 716 2033 aequa
734 1991 825 2024 lance
841 1991 996 2034 pensatis,

258 2042 452 2087 illarumque
477 2044 623 2086 pondere
647 2049 828 2087 comperto,
852 2055 918 2077 non
943 2055 998 2077 au-

258 2095 385 2129 diendis
403 2096 569 2129 dumtaxat
593 2096 851 2129 confessionibus
869 2097 998 2130 ceteris·

259 2157 322 2190 que
340 2147 526 2181 huiusmodi
545 2149 608 2192 piis
635 2148 918 2182 exercitationibus
934 2149 997 2181 An-

259 2200 369 2234 dream
395 2200 526 2241 addixit,
549 2211 660 2234 verum
691 2201 787 2234 etiam
821 2201 852 2234 in
886 2202 995 2235 arduis

258 2252 440 2297 quibusque
464 2254 684 2298 amplissimae
711 2255 871 2288 dioecesis
894 2265 996 2298 nego-

260 2304 316 2338 ciis
340 2306 428 2339 illius
451 2317 518 2340 non
543 2307 644 2340 semel
669 2317 744 2340 usus
766 2307 825 2340 fuit
849 2307 997 2348 consilio,

260 2366 277 2389 a
300 2358 390 2391 euius
420 2359 526 2392 nitore
561 2360 628 2392 lux'
651 2359 707 2393 illa
742 2360 774 2393 in
811 2360 997 2393 huiusmodi

259 2410 405 2452 negociis
444 2411 611 2445 oriebatur
647 2423 730 2456 quae
768 2412 823 2445 Dei
859 2413 996 2456 gloriam

258 2462 424 2497 rutilabat.

304 2515 320 2558 §
336 2515 391 2548 15.
406 2515 554 2550 Nondum
568 2523 786 2552 maturaverat
802 2528 913 2559 annuS,
934 2529 998 2563 quo

260 2567 477 2611 Congregatio
496 2570 641 2612 praefata
664 2571 838 2605 Mediolani
863 2571 999 2615 primam

260 2620 375 2656 fixerat
398 2621 518 2662 sedem,
553 2632 625 2657 cum
659 2623 818 2664 Andreas,
845 2633 941 2668 aegre
967 2624 999 2658 id

1042 294 1136 326 nimis
1161 293 1286 327 ferente
1306 294 1403 327 beato
1428 294 1558 334 Carolo,
1586 295 1690 328 iussus
1716 296 1782 328 Pla-

1042 347 1202 387 centiam,
1243 347 1322 380 inibi
1360 358 1476 381 novam
1510 348 1780 391 Congregationis

1042 400 1206 442 praefatae
1247 400 1379 434 domum
1420 401 1631 441 excitaturus,
1672 400 1780 444 petiit.

1042 452 1248 487 Placentinae
1267 453 1422 487 ecclcsiae
1442 459 1516 486 tunc
1534 458 1684 496 praeerat
1701 452 1782 485 Pau-

1042 505 1090 537 lus
1122 505 1162 539 de
1197 507 1305 539 Aretio
1338 506 1484 539 eiusdem
1510 506 1780 549 (Jougregationis

1042 559 1119 592 olim
1144 560 1321 602 professus,
1340 565 1371 592 et
1392 560 1538 593 Andreae
1565 560 1596 592 in
1623 559 1781 603 tyrocinio

1041 612 1157 652 socius,
1184 612 1236 655 qui
1263 618 1377 655 postea
1398 612 1429 646 S.
1451 613 1486 645 R.
1509 612 1543 644 E.
1566 611 1782 645 cardinalium

1043 665 1146 697 coetui
1171 664 1353 708 adscriptus
1373 670 1406 698 et
1422 664 1652 708 Neapolitanae
1678 664 1782 698 eccle·

1042 716 1108 749 siae
1133 717 1317 760 praefectus
1343 717 1413 758 fuit,
1434 727 1471 750 ac
1497 718 1624 750 tandem
1650 720 1687 750 ea
1713 726 1783 750 san·

1042 769 1160 803 etitatis
1179 771 1261 803 fama
1279 771 1371 811 obiit,
1388 776 1423 803 ut
1441 771 1510 804 cius
1531 769 1781 804 beatificationis

1041 833 1135 856 eausa
1147 824 1232 866 apud
1240 823 1532 867 Congregationem
1546 823 1782 857 venerabilium

1042 876 1175 908 fratrum
1195 881 1380 910 nostrorum
1399 876 1544 910 eiusdem
1567 876 1598 909 S.
1612 876 1648 909 R.
1662 876 1694 909 E.
1713 886 1783 910 ear-

1042 930 1198 963 dinalium
1224 930 1325 963 sacris
1350 929 1464 962 ritibus
1489 930 1710 973 praepositam
1731 930 1782 973 agi

1042 984 1198 1026 coeperit.
1239 984 1295 1016 llic
1332 994 1409 1026 ergo
1444 984 1611 1027 piissimus
1642 984 1784 1028 praesul,

1042 1047 1121 1080 quos
1157 1037 1234 1069 olim
1274 1037 1305 1069 in
1341 1036 1391 1069 sui
1428 1036 1632 1080 professione
1668 1036 1783 1069 habuit

1042 1089 1167 1128 fratres,
1193 1090 1252 1122 lios
1280 1089 1310 1121 in
1335 1089 1491 1132 pastorali
1512 1089 1559 1122 sui
1580 1089 1689 1132 gregis
1705 1090 1783 1122 cura

1040 1143 1141 1176 voluit
1158 1142 1374 1176 coadiutores.
1399 1142 1581 1176 Placentiae
1600 1142 1709 1186 itaque
1725 1143 1783 1175 be-

1041 1197 1137 1239 nigue
1173 1197 1425 1240 adamanterque
1460 1207 1477 1229 a
1507 1196 1606 1229 Paulo
1637 1196 1781 1229 Andreas

1041 1249 1210 1293 excipitur,
1235 1250 1404 1293 pietasque
1428 1249 1583 1292 pietatem
1614 1249 1783 1292 amplecti-

1041 1308 1091 1335 tur
1115 1309 1146 1335 et
1171 1303 1348 1335 osculatur.
1387 1302 1550 1345 Quidquid
1583 1308 1688 1334 autem
1719 1302 1784 1334 An-

1041 1356 1138 1389 dreae
1159 1355 1259 1388 virtus
1280 1355 1369 1387 Pauli
1395 1355 1473 1388 socii
1498 1355 1588 1388 unita
1613 1354 1726 1387 virtuti
1748 1350 1781 1387 in

1040 1409 1305 1443 administrandis
1331 1408 1410 1441 inibi
1436 1408 1650 1442 sacramentis
1669 1418 1783 1452 procu-

1040 1463 1207 1506 randaque
1243 1461 1421 1494 animarum
1457 1463 1561 1495 salute
1598 1461 1780 1505 peregerit,

1041 1525 1140 1559 opera
1164 1515 1232 1558 ipsa
1258 1519 1431 1548 testantur.
1450 1514 1555 1548 Unum
1577 1520 1685 1548 tamen
1704 1524 1782 1558 prae

1041 1568 1158 1602 ceteris
1183 1569 1336 1612 loquatur
1353 1567 1623 1611 flagrantissimae
1647 1568 1784 1600 eharita-

1041 1622 1080 1654 tis
1104 1626 1362 1661 monumentum,
1391 1631 1456 1664 quo
1481 1621 1636 1654 mulieres
1665 1620 1781 1653 infixae

1040 1675 1072 1708 in
1099 1674 1259 1718 profundo
1284 1674 1427 1707 libidinis
1453 1684 1558 1707 coeno
1583 1674 1724 1708 feliciter
1749 1684 1782 1707 e-

1041 1738 1165 1761 mersae
1195 1728 1470 1761 demonstrantur.
1501 1727 1544 1759 Ex
1575 1727 1692 1760 harum
1724 1736 1782 1759 nu-

1042 1791 1132 1814 mero
1159 1780 1344 1820 duodecim,
1371 1780 1525 1823 episcopo
1551 1790 1647 1823 opem
1673 1780 1780 1819 dante,

1041 1835 1125 1867 intra
1149 1839 1240 1877 septa
1265 1834 1431 1866 cuiusdam
1459 1834 1575 1867 domus
1601 1834 1635 1866 B.
1663 1833 1780 1866 Mariae

1040 1887 1248 1929 Magdalenae
1274 1886 1481 1929 postmodum
1499 1891 1711 1929 nuncupatae,
1729 1896 1783 1918 ve-

1041 1940 1100 1972 luti
1113 1939 1198 1972 intra
1213 1938 1344 1972 hortum
1359 1940 1561 1978 conclusum,
1576 1939 1694 1981 primas
1708 1949 1782 1981 poe-

1041 1993 1196 2026 nitentiae
1221 1994 1348 2036 plantas
1373 1993 1548 2026 transtulit.
1566 1993 1628 2025 llas
1653 1993 1709 2025 ubi
1735 1993 1782 2025 in-

1041 2045 1197 2088 geniosus
1234 2044 1301 2088 agri
1339 2045 1492 2078 dominici
1529 2046 1635 2078 cultor
1670 2045 1780 2078 divino

1041 2098 1177 2131 inseruit
1202 2097 1316 2137 amori,
1341 2102 1428 2130 tanta
1449 2097 1642 2140 germinavit
1671 2108 1707 2131 ex
1733 2098 1780 2130 cis

1040 2151 1199 2184 honarum
1235 2150 1361 2193 frugum
1398 2151 1539 2190 ubertas,
1575 2151 1780 2193 aliorumque

1040 2203 1134 2236 beata
1157 2203 1326 2247 palmitum
1352 2213 1507 2246 propago,
1525 2208 1561 2234 ut
1578 2203 1690 2236 domus
1711 2203 1778 2241 illa,

1041 2257 1159 2290 sudore
1195 2256 1325 2289 assiduo
1362 2261 1394 2289 et
1425 2256 1588 2289 laboriosa
1617 2256 1779 2299 agricolae

1041 2309 1270 2342 sollicitudinis
1305 2309 1453 2348 exculta,
1478 2309 1619 2352 paradisi
1644 2309 1781 2341 viretum

1042 2361 1123 2395 caeli
1142 2372 1216 2395 rore
1235 2362 1463 2395 foecundatum
1482 2362 1562 2405 ipsis
1588 2362 1779 2404 angelorum

1042 2415 1144 2448 oculis
1164 2414 1337 2448 videretur.

1085 2467 1101 2509 ξ
1124 2467 1177 2500 16.
1204 2466 1272 2500 Non
1300 2467 1464 2500 absimiles
1490 2467 1610 2500 laboris
1635 2467 1684 2500 sui
1716 2467 1781 2500 fru-

1043 2571 1204 2605 dioecesis
1230 2573 1327 2613 clero,
1355 2583 1452 2616 quem
1486 2577 1669 2605 crescentes
1698 2581 1781 2615 quo-

1020 2624 1189 2664 rumdam
1216 2625 1369 2659 vitiorum
1396 2630 1427 2659 et
1454 2630 1682 2668 corruptorum
1713 2634 1781 2659 mo²

1681 236 1744 271 593
1790 245 1839 274 An.
1855 244 1883 275 c,
1905 245 1974 274 1712

1844 2471 1873 2492 lbl
1897 2470 1976 2492 clerum

1791 2498 1893 2524 pristinae
1912 2497 1978 2517 disct-

1042 2523 1111 2552 etus
1133 2519 1262 2562 collegit
1287 2519 1318 2552 in
1343 2519 1550 2552 reformando
1574 2519 1779 2552 Placentinae
1791 2526 1861 2551 phuae
1876 2524 1977 2545 restitut*-
