2269 3203
64 202 112 229 An.
133 200 242 228 &1711

107 2528 264 2549 Contrariorum

81 2555 201 2582 derogatio.

886 195 1026 218 ctfflnixs
1052 195 1081 216 XI
1108 195 1154 217 ΙΨ,

261 248 375 281 tuinris
403 246 538 280 juridica
577 252 608 278 et
641 245 841 289 privilegiata
878 244 996 282 causa,

259 301 388 338 colore,
425 304 593 344 praetextu
627 304 659 331 et
688 297 815 340 capite,
841 296 939 329 etiam
965 295 997 328 in

261 364 395 397 corpore
428 352 507 385 iuris
539 352 670 390 clauso,
706 350 804 383 etiam
829 348 996 388 enormis,

261 406 504 440 enormissimae
530 410 560 437 et
585 403 691 436 totalis
717 401 880 441 laesionis,
908 402 998 434 nullo

261 470 404 502 unquam
439 463 585 500 tempore
621 456 660 488 de
696 454 917 497 subreptionis
950 454 998 486 vel

261 510 467 554 obreptionis
492 514 547 542 aut
571 507 726 541 nullitatis
759 507 844 546 vitio,
871 511 926 538 aut
950 505 999 537 in-

262 564 417 597 tentionis
444 566 585 601 nostrae,
607 562 654 593 vel
688 561 845 593 interesse
875 559 999 592 liaben-

262 617 341 648 tium
366 615 567 653 consensus,
592 613 695 646 aliove
722 612 868 655 quolibet
902 612 998 644 etiam

262 668 465 712 quantumvis
502 677 619 709 magno
658 676 693 698 ac
730 664 933 698 substantiali
963 675 999 697 ac

262 721 438 764 incogitata
467 724 497 752 et
522 718 763 761 inexcogitabili
786 717 999 751 individuam-

262 784 324 817 que
361 772 602 816 expressionem
644 771 831 814 requirente
870 769 999 802 defectu

261 825 382 865 notari,
408 824 607 868 impugnari,
634 823 787 865 infringi,
814 821 998 861 invalidari,

262 878 429 912 retractari
455 878 487 910 in
512 877 768 910 controversiam
793 875 916 915 vocari,
946 879 1001 907 aut

261 932 299 964 ad
328 931 483 964 terminos
509 930 587 963 iuris
612 928 740 969 reduci,
767 934 821 961 aut
845 929 999 961 adversus

261 984 333 1017 illas
358 984 548 1027 aperitionis
574 983 651 1023 oris,
669 981 882 1015 restitutionis
903 981 934 1013 in
957 981 1001 1013 in-

263 1042 400 1079 tegrum,
427 1036 553 1069 aliudve
574 1036 800 1078 quodcumque
821 1034 907 1073 iuris,
927 1033 1000 1066 sacti

262 1088 313 1120 vel
339 1087 460 1130 gratiae
486 1087 668 1120 remedium
693 1085 845 1119 intentari
873 1085 922 1117 vel
944 1084 1002 1116 im-

261 1140 393 1184 petrari,
420 1145 474 1173 aut
498 1140 685 1183 impetrato,
703 1138 876 1172 seuctiani
900 1143 1001 1178 motu,

263 1193 398 1226 scientia
422 1198 453 1226 et
482 1193 651 1236 potestatis
684 1192 888 1236 plenitudine
915 1191 1003 1224 simi-

263 1246 347 1279 libus
372 1255 530 1278 concesso
555 1247 604 1278 vel
631 1250 790 1283 emanato‚
817 1244 1003 1288 quempiam

263 1300 295 1332 in
315 1299 435 1332 iudicio
460 1300 510 1332 vel
537 1304 625 1332 extra
642 1299 721 1332 illud
747 1299 792 1331 uti
819 1309 875 1331 seu
900 1309 933 1331 se
956 1298 1002 1330 iu-

262 1362 337 1385 vare
364 1352 432 1385 ullo
457 1352 555 1385 modo
581 1362 701 1395 posse3
724 1353 779 1385 sed
801 1351 886 1395 ipsas
911 1362 1002 1394 prae-

264 1410 373 1438 sentes
398 1405 524 1438 litteras
549 1415 678 1449 semper
695 1404 816 1445 firmas,
835 1404 953 1437 validas
972 1409 1004 1437 et

262 1458 410 1492 efficaces
439 1459 582 1491 existere
607 1463 639 1491 et
664 1458 745 1498 fore,
770 1468 914 1501 suosque
940 1459 1004 1501 ple-

263 1511 371 1545 narios
392 1517 425 1544 et
439 1511 587 1555 integros
611 1511 746 1544 effectus
764 1510 874 1544 sortiri
894 1516 926 1544 et
949 1511 1005 1544 ob-

265 1566 389 1605 tinere,
414 1576 451 1598 ac
476 1565 515 1598 ab
546 1565 624 1605 illis,
650 1566 690 1598 ad
715 1576 798 1609 quos
823 1570 949 1608 spectat
974 1570 1005 1598 ct

264 1630 325 1662 pro
351 1624 497 1662 tempore
522 1619 795 1662 quandocumque
821 1618 1004 1661 spectabit,

265 1671 501 1705 inviolabiliter
532 1676 564 1704 et
588 1672 778 1704 inconcusse
815 1672 1003 1711 observari,

265 1724 379 1768 sicque
405 1729 435 1756 et
459 1734 526 1756 non
551 1723 644 1756 aliter
668 1723 700 1756 in
726 1723 913 1766 praemissis
946 1734 1007 1766 per

265 1786 492 1820 quoscumque
522 1776 648 1809 iudices
680 1776 864 1809 ordinarios
896 1781 927 1809 et
951 1777 1006 1809 de-

265 1831 403 1873 legatos,
430 1830 528 1862 etiam
553 1839 722 1862 causarum
743 1829 855 1872 palatii
880 1835 1007 1872 aposto-

266 1884 323 1918 lici
348 1883 524 1923 auditores,
543 1893 580 1915 ac
604 1886 734 1915 sanctae
756 1881 922 1914 Romanae
948 1881 1006 1913 Ec-

267 1937 387 1971 clesiae
413 1935 600 1979 praedictae
626 1935 818 1974 cardinales,
845 1934 940 1967 etiam
966 1935 1005 1967 de

267 1991 369 2024 latere
395 1991 520 2032 legatos
543 1993 574 2021 et
591 1988 681 2021 Sedis
700 1988 902 2031 Apostolicae
928 1997 1007 2019 nun·

268 2043 347 2083 cios,
364 2042 484 2075 aliosve
510 2041 675 2085 quoslibet
693 2050 894 2084 quacumque
920 2050 1008 2082 prac-

269 2095 446 2129 eminentia
462 2099 494 2128 et
519 2098 678 2137 potestate
705 2093 876 2135 fungentes
893 2098 924 2124 ct
942 2092 1007 2124 suu-

270 2154 400 2188 cturos,
431 2148 557 2180 sublata
592 2146 636 2179 eis
669 2151 701 2178 et
726 2156 838 2178 eorum
874 2144 1008 2178 cuilibet

271 2201 382 2245 quavis
408 2200 501 2234 aliter
525 2199 689 2233 iudicandi
716 2205 747 2231 et
772 2197 1007 2241 interpretandi

271 2255 424 2287 facultate
449 2258 480 2286 et
505 2253 705 2291 auctoritate,
732 2251 872 2284 iudicari
900 2257 931 2283 et
956 2251 1010 2283 de-

271 2309 356 2342 finiri
393 2307 536 2346 debere,
566 2317 601 2339 ac
636 2306 762 2338 irritum
796 2311 828 2337 et
859 2305 954 2337 inane
982 2305 1007 2337 si

271 2371 365 2394 secus
389 2370 488 2404 super
513 2360 564 2392 his
589 2370 606 2391 a
623 2369 798 2402 quoquam,
818 2357 929 2400 quavis
954 2368 1009 2390 au-

273 2413 431 2452 ctoritate,
454 2412 595 2445 scienter
615 2412 665 2444 vel
692 2411 892 2452 ignoranter,
911 2411 1009 2443 conti·

274 2467 359 2510 gerit
382 2466 543 2498 attentari.

318 2519 333 2563 ξ
355 2519 386 2552 4.
414 2517 483 2551 Non
509 2518 713 2551 obstantibus
738 2517 940 2562 praemissis,
963 2527 1010 2557 ac,

275 2577 436 2619 quatenus
453 2581 534 2615 opus
551 2571 601 2611 sit,
619 2571 731 2605 nostra
750 2570 1011 2604 etCancellariae

347 2634 427 2665 Buzt.
442 2634 524 2664 Rom.
541 2648 572 2654 -
594 2633 653 2662 Vol.
669 2633 745 2662 XXI.
891 2632 924 2660 59

1043 295 1200 335 tollendo,
1225 295 1366 338 aliisque
1392 294 1593 337 apostolicis,
1612 306 1649 327 ac
1665 295 1697 328 in
1715 296 1781 328 uni-

1042 347 1219 381 versalibus
1244 347 1566 391 provincialibusque
1593 353 1625 379 et
1649 349 1782 390 synoda-

1042 400 1127 434 libus
1165 400 1311 433 conciliis
1346 399 1465 439 editis,
1491 399 1701 441 generalibus
1732 402 1781 433 vel

1042 453 1248 496 specialibus,
1274 452 1561 485 constitutionibus
1586 458 1618 484 et
1653 452 1782 485 ordina-

1043 505 1202 542 tionibus,
1227 515 1355 537 necnon
1390 515 1666 548 quorumcumque
1691 504 1782 537 Ordi-

1043 569 1140 597 num,
1166 558 1456 600 congregationum
1473 585 1480 597 ,
1508 558 1726 591 institutorum
1750 563 1783 590 et

1043 612 1257 651 societatum,
1283 610 1379 643 etiam
1410 611 1479 643 Iesu
1501 638 1507 651 ,
1534 622 1570 643 ac
1594 611 1782 654 quorumvis

1042 664 1317 697 monasteriorum
1332 691 1340 705 ‚
1361 669 1597 703 conventuum,
1631 663 1782 697 ecclesia—

1043 726 1114 748 rum
1148 721 1179 749 ct
1211 717 1358 748 locorum
1389 716 1542 758 piorum,
1566 715 1680 748 aliisve
1706 715 1780 759 qui-

1043 769 1165 809 busvis,
1191 768 1287 801 etiam
1312 768 1508 807 iuramento,
1535 767 1781 801 confirmatione

1044 820 1232 864 apostolica,
1255 822 1305 853 vel
1330 820 1442 864 quavis
1468 819 1619 853 firmitate
1644 819 1707 852 alia
1731 830 1783 853 ro-

1043 874 1178 914 boratis,
1199 873 1325 906 statutis
1344 878 1376 906 et
1393 873 1697 913 consuctudinibus,
1719 873 1784 916 pri-

1044 927 1171 970 vilegiis
1193 938 1337 970 quoque,
1360 927 1494 959 indultis
1515 932 1546 959 et
1570 925 1686 959 litteris
1703 937 1784 969 apo-

1045 980 1168 1013 stolicis
1184 1008 1191 1020 ,
1223 979 1418 1018 Ordinibus,
1452 978 1759 1021 congregationibus
1774 1006 1782 1018 ,

1045 1032 1197 1065 institutis
1224 1037 1255 1065 ct
1279 1032 1500 1071 societatibus,
1527 1032 1623 1064 etiam
1642 1032 1722 1071 Iesu,
1747 1042 1784 1063 ac

1045 1085 1274 1123 monasteriis,
1309 1085 1543 1124 conventibuS,
1577 1084 1723 1117 ecelesiis
1753 1089 1785 1116 et

1046 1137 1124 1171 locis
1149 1137 1210 1181 piis
1237 1137 1425 1180 praedictis,
1450 1137 1648 1180 illorumque
1673 1146 1785 1179 respe-

1046 1191 1129 1224 ctive
1163 1190 1388 1234 superioribus
1419 1196 1450 1223 et
1479 1191 1628 1234 personis
1653 1191 1785 1234 quibus·

1046 1245 1134 1285 libet,
1153 1245 1184 1277 in
1212 1254 1332 1287 genere
1358 1245 1407 1276 vel
1434 1244 1465 1276 in
1490 1243 1612 1287 speeie,
1635 1254 1785 1287 praeser-

1048 1299 1103 1330 tim
1138 1298 1226 1341 quod
1257 1297 1431 1337 interdici,
1455 1287 1614 1340 'suspendi
1647 1297 1696 1329 vel
1733 1306 1786 1329 ex-

1047 1350 1280 1384 communicari
1314 1361 1378 1383 non
1408 1350 1537 1393 possint
1570 1360 1629 1392 per
1661 1349 1784 1382 litteras

1047 1403 1245 1448 apostolicas
1272 1413 1336 1436 non
1354 1402 1509 1436 iacientes
1534 1403 1664 1446 plenam
1685 1407 1716 1435 et
1736 1412 1787 1435 ex-

1047 1467 1195 1501 pressam
1212 1467 1247 1490 ac
1267 1457 1305 1490 de
1330 1457 1429 1489 verbo
1455 1456 1494 1488 ad
1519 1455 1654 1488 verbum
1680 1455 1719 1488 de
1738 1455 1785 1487 in-

1049 1512 1138 1544 dulto
1154 1509 1338 1543 huiusmodi
1351 1510 1563 1550 mentionem,
1579 1520 1614 1541 ac
1628 1508 1706 1541 alias
1724 1509 1785 1541 sub

1048 1564 1306 1607 quibuscumque
1343 1563 1517 1596 verborum
1554 1562 1723 1596 tenoribus
1755 1566 1787 1595 et

1049 1617 1169 1656 formis,
1189 1627 1225 1649 ac
1242 1627 1315 1649 cum
1335 1615 1502 1659 quibusvis
1528 1616 1625 1648 etiam
1650 1615 1787 1657 deroga-

1051 1669 1206 1702 toriarum
1238 1668 1477 1710 derogatoriis,
1513 1668 1648 1711 aliisque
1681 1667 1788 1700 esfica⁴

1049 1721 1201 1763 cioribus,
1228 1720 1462 1754 efficacissimis
1488 1725 1520 1753 et
1545 1719 1685 1753 insolitis
1703 1720 1788 1752 clau-

1050 1775 1147 1815 sulis,
1174 1774 1444 1816 irritantibusque
1473 1779 1506 1806 et
1530 1773 1601 1806 aliis
1628 1773 1784 1813 decretis,

1051 1827 1145 1859 etiam
1170 1831 1280 1867 motu,
1308 1826 1444 1860 scientia
1469 1832 1500 1858 et
1525 1826 1693 1868 potestatis
1718 1826 1788 1868 ple-

1050 1879 1197 1914 nitudine
1223 1879 1376 1923 paribus,
1407 1890 1463 1912 seu
1496 1879 1534 1911 ad
1561 1889 1788 1922 quarumcum-

1051 1944 1112 1976 que
1138 1943 1375 1977 personarum,
1400 1932 1496 1964 etiam
1527 1931 1714 1975 imperiali,
1739 1942 1788 1964 re-

1051 1987 1136 2030 gali,
1168 1986 1268 2019 aliave
1296 1985 1457 2018 mundana
1492 1985 1541 2017 vel
1567 1984 1790 2018 ecclesiastica

1052 2040 1206 2083 dignitate
1242 2039 1455 2081 fulgentium,
1492 2037 1701 2079 instantiam,
1736 2043 1790 2070 aut

1052 2103 1163 2126 earum
1192 2091 1486 2135 contemplatione,
1511 2101 1568 2124 seu
1600 2091 1678 2123 alias
1710 2101 1791 2134 quo-

1052 2145 1234 2178 modolibet
1259 2144 1291 2177 in
1317 2143 1514 2177 contrarium
1536 2143 1790 2186 praemissorum

1052 2198 1216 2231 concessis
1234 2208 1270 2230 ac
1287 2197 1413 2240 pluries
1429 2196 1561 2236 iteratis,
1577 2196 1790 2239 quantiscum-

1053 2262 1114 2295 que
1134 2250 1257 2283 vicibus
1276 2249 1485 2289 consumam,
1508 2249 1667 2282 innovatis
1687 2254 1719 2282 et
1736 2259 1792 2292 ap-

1053 2305 1219 2348 probatis,
1247 2302 1363 2346 quibus
1395 2302 1544 2335 omnibus
1580 2307 1611 2334 et
1634 2301 1789 2344 singulis,

1054 2357 1179 2390 etiamsi
1205 2366 1266 2399 pro
1292 2356 1424 2388 illorum
1457 2354 1630 2388 sufficienti
1656 2355 1791 2396 deroga-

1054 2412 1142 2444 tione
1168 2411 1207 2443 de
1226 2409 1290 2443 illis
1316 2419 1493 2452 eorumque
1521 2409 1595 2441 totis
1623 2407 1789 2440 tenoribus

1054 2463 1223 2507 specialis,
1248 2461 1412 2505 specifica,
1439 2471 1593 2505 expressa
1617 2466 1649 2493 et
1680 2459 1791 2492 indivi-

1055 2517 1127 2557 dua,
1153 2527 1187 2549 ac
1213 2516 1251 2548 de
1277 2514 1375 2549 verbo
1401 2514 1440 2547 ad
1466 2515 1621 2553 verbum,
1648 2523 1713 2546 non
1737 2523 1791 2545 au-

1056 2575 1118 2604 tem
1135 2580 1193 2613 per
1209 2569 1369 2603 clausulas
1385 2569 1553 2612 generales
1571 2567 1658 2601 idem
1675 2566 1791 2610 impor-

1690 185 1746 218 165
1792 194 1839 220 An.
1862 194 1889 220 fl.
1909 194 1972 221 1711

1020 241 1022 249 '
1043 242 1243 284 apostolicae
1265 243 1377 284 regula
1403 243 1441 274 dc
1468 242 1535 274 iure
1553 248 1698 284 quaesito
1716 253 1780 275 non
