2269 3203
240 207 289 234 An.
305 206 334 234 c.
355 206 424 234 1702
469 196 511 230 66

264 1644 375 1665 Exordium

433 255 656 299 praesentium
673 255 856 289 litterarum
879 255 1095 299 transumptis,
1115 265 1171 289 seu

433 309 590 352 exemplis
611 336 618 349 ,
645 309 741 342 etiam
767 309 935 351 impressis
953 336 960 348 ,
986 318 1082 341 manu
1115 308 1172 340 ali-

433 362 523 395 cuius
548 362 665 395 notarii
692 362 811 405 publici
838 361 1042 404 subscriptis,
1068 365 1100 393 et
1124 360 1168 392 si-

433 415 512 458 gillo
538 425 700 458 personae
725 415 758 447 in
784 414 1001 447 ecclesiastica
1015 412 1171 455 dignitate

433 469 626 501 constitutae
644 468 792 508 munitis,
811 468 922 500 eadem
942 476 1073 509 prorsus
1092 465 1170 498 fides

433 521 552 564 ubique
577 522 723 554 locorum
760 525 822 553 tarn
859 520 891 552 in
924 519 1045 551 iudicio
1075 528 1170 562 quam

433 579 522 607 extra
546 573 624 607 illud
653 574 828 612 habeatur,
855 582 938 615 quae
963 571 1042 614 ipsis
1079 581 1171 614 prae-

432 627 579 660 sentibus
605 627 780 659 haberetur
809 626 835 658 si
867 625 973 658 forent
1005 624 1170 657 exhibitae

433 681 481 713 vel
507 685 668 712 ostensae.

475 733 588 766 Datum
614 733 746 771 Romae,
774 732 858 775 apud
888 731 919 765 S.
946 731 1075 764 Mariam
1101 730 1167 764 Ma·-

432 786 546 825 iorem,
571 786 628 818 sub
654 786 775 818 annulo
802 784 982 824 piscatoris,
1001 783 1053 817 die
1073 794 1170 818 xxvni

432 839 557 882 augusti
568 848 689 877 innecii,
701 837 906 881 pontificatus
920 837 1022 870 nostri
1038 847 1122 871 anno
1133 848 1167 871 11.

467 901 526 928 Dat.
546 900 589 927 die
605 901 637 928 28
654 900 759 935 augusti
779 900 856 933 1702,
879 899 976 934 pontif.
994 907 1066 927 anno
1087 906 1115 927 11.

728 1042 890 1075 XXXVIII.

430 1122 714 1155 Dismembrantur
738 1133 757 1155 α
778 1123 949 1166 provincia
974 1123 1004 1156 S.
1024 1123 1117 1156 Petri
1133 1123 1171 1156 de

472 1175 653 1209 Alcanlarst
678 1177 770 1219 regim?
800 1175 954 1219 Neapolis
984 1177 1170 1209 coenobium

472 1229 504 1261 S.
532 1228 652 1261 Luciae
677 1229 713 1260 cle
737 1229 854 1268 Monte,
878 1233 907 1261 et
932 1229 1112 1272 hospitium
1135 1229 1170 1262 in

472 1282 586 1325 oppido
613 1282 736 1314 Porli'ci'
755 1309 762 1322 ,
790 1293 874 1325 quae
898 1283 1064 1315 uniuntur
1090 1293 1167 1326 pro-

471 1335 597 1366 vinciae
625 1335 765 1367 eiusdem
797 1336 828 1368 S.
863 1336 955 1368 Petri
986 1337 1077 1378 regym'
1105 1336 1167 1369 Ca-

471 1388 583 1420 stellue
613 1399 673 1430 pro
703 1389 861 1430 fratribus
890 1389 1074 1421 Minoribus
1106 1389 1167 1422 Da·-

471 1441 636 1474 sculceatc‘s
660 1441 845 1485 Hispaniae
858 1440 879 1474 ¹.

650 1521 785 1549 Clemens
806 1522 885 1556 Papa
904 1523 941 1549 XI

542 1567 577 1594 ad
599 1570 772 1601 perpetuam
791 1567 837 1595 rei
857 1568 1040 1596 memoriam.

475 1637 641 1671 Commissi
667 1638 762 1671 nobis
781 1638 915 1671 caelitus
938 1640 1113 1682 pastoralis
1129 1640 1169 1673 of-

430 1691 494 1725 licii
519 1691 601 1725 ratio
626 1693 787 1736 postulat,
814 1698 847 1724 ut
872 1698 983 1725 exorta
1010 1693 1094 1725 inter
1120 1704 1169 1726 re-

431 1745 564 1788 ligiosos
599 1746 684 1779 viros
715 1745 900 1790 animorum
934 1745 1093 1786 dissidia,
1127 1757 1167 1779 ne

431 1799 592 1832 fraternae
629 1799 797 1832 charitatis
833 1809 1024 1843 compagem
1057 1800 1170 1833 dissol-

430 1857 505 1884 vant
522 1878 529 1891 ‚
561 1852 754 1896 opportunis
781 1851 963 1884 rationibus
990 1852 1143 1885 dirimere
1161 1880 1168 1894 ‚

430 1905 621 1948 acipsorum
642 1906 868 1948 religiosorum
889 1905 986 1938 statui
1008 1911 1039 1939 et
1056 1906 1168 1950 quieti,

430 1964 586 2002 quantum
604 1959 698 1992 nohis
723 1970 759 1992 ex
779 1960 842 1992 alto
867 1959 1068 2000 conceditur,
1096 1971 1169 2003 pro-

237 2015 418 2061 dDismembratio
430 2011 540 2045 videre
565 2013 761 2045 studeamus.

253 2048 263 2062 e
283 2049 324 2069 qua
346 2045 366 2065 lu
385 2050 418 2065 ru·

237 2069 304 2090 briea.

473 2065 487 2108 ἓ
512 2064 542 2097 1.
570 2064 645 2097 Cum
671 2065 805 2109 itaque,
837 2066 922 2099 sicut
954 2067 1139 2110 accepimus
1158 2094 1165 2108 ‚

429 2117 514 2149 inter
539 2116 674 2150 dilectos
700 2118 784 2151 filios
805 2119 919 2152 sratres
938 2119 1167 2162 Neapolitanos

430 2175 462 2202 et
485 2170 643 2213 Hispanos
669 2172 852 2214 provinciae
877 2173 908 2205 S.
938 2173 1022 2205 Petri
1050 2174 1087 2206 de
1115 2174 1189 2207 ΑΙ-Δ

429 2229 557 2256 cantara
582 2224 614 2256 in
644 2234 744 2267 reguo
781 2225 996 2268 Neapolitano
1029 2226 1167 2260 fratrum

429 2275 700 2309 Discalceatoruni
727 2277 900 2320 Hispaniae
919 2277 1047 2311 Ordinis
1069 2279 1167 2312 Mino-

429 2338 499 2361 rum
524 2328 555 2361 S.
582 2329 743 2362 Francisci
771 2331 808 2363 de
839 2331 1050 2365 Observautia
1086 2343 1167 2366 nun-

466 2427 476 2451 1
500 2425 550 2452 Per
564 2425 644 2452 huius
670 2426 803 2454 Poiititicis
818 2432 903 2455 coust.
919 2428 963 2455 ed.
979 2436 1057 2463 noce,
1074 2429 1117 2456 die
1131 2429 1164 2455 22

429 2469 591 2501 decembris,
607 2471 699 2505 pontif.
713 2477 730 2503 Ι,
743 2472 865 2499 restituta
880 2473 956 2500 suere
973 2478 1088 2509 quatuor
1104 2482 1165 2501 coe-

429 2514 513 2541 nobia
533 2514 688 2549 provinciae
713 2516 903 2550 Argentinensi
929 2518 1163 2552 Recollectorum2

430 2564 457 2586 et
471 2559 499 2586 in
514 2563 599 2586 const.
617 2560 660 2586 ed.
677 2566 789 2594 nbccxu,
801 2561 845 2588 die
862 2562 894 2589 23
905 2563 1078 2598 septembris,
1095 2572 1164 2600 pon-

429 2604 469 2631 tir.
495 2610 547 2640 κη,
569 2608 710 2632 revocatur
730 2613 857 2642 praesens
873 2608 1038 2637 constitutio.

1015 205 1194 231 BULLARIUM
1219 204 1374 230 ROMANUM

1214 259 1407 298 eupatorum
1432 252 1544 296 plures
1565 252 1807 287 controversiae
1824 257 1954 288 exortae

1214 306 1444 350 reperiantur,
1470 305 1608 349 fierique
1633 311 1777 349 nequeat
1811 312 1847 339 ut
1877 307 1954 340 dicti

1214 360 1329 392 fratres
1364 358 1568 392 habitatione
1597 364 1630 392 et
1665 369 1776 392 rerum
1812 369 1955 393 commu-

1214 412 1311 445 nione
1352 411 1516 444 coniuncti
1554 412 1669 445 animis
1709 418 1740 445 et
1783 413 1952 446 contrariis

1213 464 1328 498 studiis
1354 475 1419 497 uon
1446 464 1647 505 dissideant,
1674 476 1710 499 ac
1735 466 1875 509 proinde
1901 477 1954 500 ex-

1213 517 1324 560 pediat
1355 528 1409 551 eos
1442 517 1481 550 ab
1513 518 1652 551 invicem
1684 519 1882 562 segregari,
1909 519 1954 552 ita

1213 570 1340 604 scilicet
1354 576 1390 603 ut
1406 576 1586 604 conventus
1608 571 1639 605 S.
1658 572 1775 606 Luciae
1791 572 1832 606 de
1845 572 1953 606 Monte

1213 629 1420 667 nuncupatus
1445 624 1577 658 civitatis
1595 624 1830 668 Neapolitanae
1848 626 1953 660 dictae

1213 676 1401 720 provinciae
1419 704 1427 718 ,
1453 683 1484 710 et
1508 677 1687 721 hospitium
1708 677 1784 711 dicti
1809 678 1840 712 S.
1868 678 1953 711 Petri

1214 730 1252 763 de
1284 731 1457 763 Alcantara
1489 730 1551 764 loci
1585 731 1624 765 de
1657 730 1775 764 Portici
1808 731 1953 764 eiusdem

1959 205 2012 234 An.
2031 205 2062 235 C.
2078 205 2148 236 1702

1212 782 1399 826 provinciae
1430 782 1665 827 Neapolitanae
1691 784 1866 825 dioecesis,
1893 784 1969 826 fra--

1214 836 1316 870 tribus
1344 837 1509 870 dumtaxat
1533 837 1704 880 Hispanis,
1730 837 1952 881 Neapolitanis

1213 890 1361 930 exclusis,
1377 890 1595 934 assignentur,
1610 891 1665 924 alii
1683 901 1759 924 vero
1771 896 1951 925 conventus

1212 943 1400 987 provinciae
1425 943 1620 986 praedictae,
1637 944 1690 987 qui
1709 950 1782 977 octo
1802 944 1840 977 de
1861 955 1954 988 prae-

1213 997 1296 1030 senti
1314 1001 1540 1037 numerantur,
1559 997 1712 1030 sratribus
1729 996 1952 1040 Neapolitanis

1214 1054 1337 1083 tanturn
1362 1055 1573 1083 remaneant:
1601 1050 1678 1084 hinc
1704 1056 1753 1083 est
1777 1051 1864 1094 quod
1881 1061 1952 1092 nos,

1214 1115 1271 1148 pro
1296 1106 1431 1148 paterna
1455 1104 1678 1148 pastoralique
1703 1106 1816 1138 nostra
1833 1105 1954 1139 sollici-

1215 1158 1325 1190 tudine
1358 1168 1470 1200 agrum
1507 1157 1706 1191 dominicum
1739 1158 1844 1191 dietae
1875 1169 1952 1202 pro-

1214 1211 1337 1244 vinciae
1363 1212 1400 1244 ad
1427 1212 1544 1244 bonam
1573 1211 1696 1254 frugem
1722 1216 1754 1245 et
1781 1213 1952 1246 abundan-

1215 1265 1289 1298 tiam
1319 1264 1406 1308 pacis
1439 1265 1671 1308 charitatisque
1707 1265 1865 1298 reducere
1897 1276 1953 1298 cu-

1213 1318 1358 1362 pientes,
1377 1323 1467 1351 motu
1486 1318 1630 1362 proprio,
1646 1328 1682 1351 ac
1696 1329 1734 1351 ex
1751 1320 1838 1351 certa
1848 1319 1953 1352 scien-

1214 1372 1256 1405 tia
1273 1377 1304 1405 et
1319 1374 1443 1404 matura
1456 1371 1692 1406 deliberatione
1705 1372 1832 1413 nostris,
1848 1373 1952 1417 deque

1213 1426 1411 1469 apostolieae
1437 1426 1605 1469 potestatis
1630 1426 1853 1470 plenitudine,
1880 1437 1953 1461 con-

1213 1485 1341 1512 ventum
1367 1479 1398 1512 S.
1426 1479 1542 1512 Luciae
1569 1480 1607 1513 de
1633 1479 1738 1513 Monte
1771 1485 1803 1513 et
1837 1480 1951 1523 hospi-

1213 1533 1291 1566 tium
1317 1532 1348 1566 S.
1377 1533 1464 1566 Petri
1491 1534 1529 1566 de
1560 1533 1733 1566 Alcantara
1764 1533 1951 1567 huiusmodi

1213 1597 1230 1619 a
1254 1586 1337 1619 dicta
1362 1586 1527 1630 provincia
1551 1586 1582 1618 S.
1610 1586 1694 1619 Petri
1721 1586 1759 1619 de
1781 1587 1952 1621 Alcantara

1212 1639 1244 1673 in
1260 1650 1360 1683 regno
1374 1639 1589 1683 Neapolitano
1605 1644 1718 1673 tenore
1732 1640 1952 1683 praesentium

1212 1699 1371 1737 perpetuo
1397 1703 1585 1736 separamus
1613 1698 1645 1726 et
1670 1693 1953 1735 dismembramus,

1212 1747 1333 1790 illaque
1357 1746 1403 1779 sie
1428 1751 1580 1789 separata
1593 1749 1623 1780 et
1635 1746 1864 1780 dismembrata
1876 1757 1952 1791 pro-

1213 1799 1335 1832 vinciae
1365 1799 1511 1832 eiusdem
1541 1799 1571 1832 S.
1604 1799 1690 1832 Petri
1719 1799 1758 1832 de
1780 1800 1952 1834 Alcantara

1212 1853 1304 1896 regni
1330 1852 1488 1887 Castellae
1514 1853 1649 1885 l'ratrum
1674 1852 1950 1887 Discalceatorum

1189 1913 1190 1918 ¹
1213 1906 1288 1939 dicti
1314 1905 1441 1939 Ordinis
1468 1905 1578 1939 itidem
1604 1911 1763 1948 perpetuo
1795 1906 1949 1947 unimus,

1212 1959 1415 1992 annectimus
1441 1964 1471 1992 et
1501 1959 1763 2001 incorporamus.
1797 1959 1950 1993 Volentes

1212 2019 1243 2046 et
1269 2013 1384 2045 haruin
1417 2012 1501 2045 serie
1535 2012 1726 2045 ordinantes
1758 2017 1793 2044 ut
1825 2013 1858 2045 in
1884 2013 1950 2047 illis

1213 2066 1360 2108 religiosi
1378 2065 1511 2109 Hispani
1526 2065 1690 2098 dumtaxat
1708 2066 1778 2109 (qui
1798 2066 1951 2110 deinceps

1211 2119 1361 2152 ministro
1386 2117 1574 2162 provinciali
1602 2118 1855 2152 secundodictae
1879 2130 1952 2163 pro-

1211 2172 1335 2206 vinciae
1361 2182 1419 2216 pro
1446 2176 1594 2214 tempore
1627 2171 1779 2204 existenti
1812 2171 1950 2205 subiecti

1209 2226 1283 2266 sint,
1309 2237 1344 2259 ac
1370 2225 1588 2265 missionibus,
1614 2225 1652 2258 ad
1673 2225 1878 2268 spiritualem
1905 2226 1950 2259 in·

1186 2310 1188 2320 ,
1209 2281 1423 2314 structionem
1447 2279 1584 2313 militum
1610 2281 1830 2324 Hispanorum
1855 2281 1889 2314 in
1909 2281 1950 2314 ci-

1208 2335 1303 2368 vitate
1329 2339 1361 2367 et
1397 2344 1498 2377 regno
1534 2333 1748 2377 Neapolitano
1773 2334 1950 2377 praedictis

1209 2387 1395 2430 degentium
1414 2414 1421 2426 ,
1449 2397 1484 2419 ac
1510 2387 1771 2429 praesidiorum,
1799 2387 1946 2430 arcium,

1208 2450 1265 2473 seu
1291 2444 1441 2483 portuum
1463 2439 1595 2473 Tusciae
1613 2450 1630 2472 a
1648 2440 1735 2473 dicto
1749 2450 1850 2483 regno
1869 2441 1950 2475 Nea-

1208 2494 1351 2537 politano
1383 2493 1656 2536 dependentium,
1682 2503 1816 2536 operam
1842 2495 1920 2528 dare
1939 2522 1947 2536 ,

1206 2547 1339 2590 illisque
1363 2546 1495 2580 verbum
1519 2545 1576 2579 Dei
1608 2546 1819 2590 praedicare,
1845 2553 1877 2581 et
1901 2559 1950 2582 sa-

1207 2600 1419 2635 cramentales
1445 2609 1558 2634 eorum
1583 2599 1808 2635 confessiones
1834 2601 1947 2638 audire
