2269 3203
126 214 177 242 An.
197 213 226 242 G.
246 213 313 242 {720

155 965 266 987 Praedicta
284 967 312 987 al-

128 994 313 1012 let-tiativaauctu-

965 212 1106 236 crannus
1132 212 1164 236 xi
1189 212 1237 236 rr.
1751 204 1814 238 829

321 262 426 295 iorem
448 262 508 295 sub
534 263 656 295 annulo
688 261 876 301 piscatoris,
897 261 948 294 die
978 271 996 294 v
1023 261 1068 293 ia-

321 315 427 349 nuarii
457 325 595 357 Mnccxit,
627 314 839 359 pontificatus
872 314 977 347 nostri
1003 324 1064 346 an-

320 379 363 402 no
388 379 437 402 xx.

358 431 416 458 Dat.
436 430 480 458 die
496 432 512 458 5
529 431 646 458 ianuarii
662 430 741 463 1720,
760 429 858 466 pontif.
877 438 948 457 anno
968 436 1012 456 xx.

604 573 781 607 CCLxrttt.

320 654 479 687 Abotetur
503 653 705 687 alternatim
731 653 767 687 in
790 654 960 697 provincia
984 654 1066 687 Por-

366 707 526 750 tuyalliae
562 706 698 741 Ordinis
722 708 868 750 fratrum
905 707 1065 741 Carmeli-

367 761 507 794 tarum&

541 843 678 871 Clemens
699 844 779 878 Papa
798 843 852 877 XI,

470 887 507 914 ad
526 887 659 914 futuram
679 887 724 915 rei
740 887 923 915 memoriam.

368 958 383 1001 ξ
401 958 432 991 1.
454 958 550 999 Alias,
566 970 625 1002 pro
652 964 745 1003 parte
764 960 872 992 clarae
890 958 1066 991 memoriae

128 1022 190 1039 ruam
211 1011 411 1046 ananan-Petri
428 1012 462 1052 II,
478 1012 553 1045 dum
572 1013 659 1052 vixit,
674 1013 895 1055 Portugalliae
910 1018 941 1045 et
955 1012 1067 1054 Algar-

127 1051 153 1065 (Ἤ
166 1047 313 1072 inuitntastuit

128 1078 141 1091 a
165 1073 242 1092 nuncto
267 1075 286 1092 ει
302 1065 454 1099 abiorum
472 1066 558 1108 regis
578 1066 724 1105 illustris,
745 1066 846 1099 felicis
865 1065 1068 1099 recordatio-

128 1099 222 1123 capu-ns»
231 1100 314 1123 provin-

129 1126 178 1145 c=³¹·
205 1131 258 1145 uve-1
280 1132 312 1146 ac·
325 1119 375 1152 nis
399 1119 591 1152 Innocentio
617 1119 722 1162 Papae
740 1119 793 1152 xtt
818 1118 1066 1162 praedecessori

128 1154 222 1177 crptata.

325 1176 438 1204 nostro
465 1170 623 1213 exposito,
651 1171 737 1214 quod
763 1171 932 1214 provincia
957 1170 1068 1203 Portu-

325 1223 443 1266 galliae
476 1224 606 1256 Ordinis
631 1224 767 1256 fratrum
799 1224 913 1257 beatae
950 1223 1067 1256 Mariae

324 1276 464 1320 Virginis
491 1277 530 1310 de
561 1277 670 1310 Monte
704 1277 860 1317 Carmelo,
894 1288 958 1320 quo
993 1287 1067 1320 per-

324 1329 527 1363 turbationes
552 1335 583 1363 et
609 1330 805 1363 detrimenta
830 1331 992 1373 regularis
1010 1332 1068 1363 ol)-

323 1383 516 1424 servantiae,
545 1394 628 1427 quae
655 1393 691 1417 ex
725 1384 918 1421 factionibus
951 1389 982 1417 et
1012 1385 1068 1418 do-

322 1434 467 1468 minandi
493 1436 669 1479 cupiditate
694 1437 780 1470 inter
796 1437 971 1480 religiosos
991 1437 1068 1470 hinc

324 1488 401 1522 inde
428 1500 465 1522 ex
492 1489 607 1523 affectu
633 1491 793 1524 nationali
827 1491 912 1524 inter
944 1502 976 1524 se
1008 1502 1068 1535 pu-

323 1547 459 1584 gnantes
483 1553 549 1576 non
581 1544 651 1577 sine
683 1545 772 1588 gravi
806 1544 1066 1578 christifidelium

324 1596 477 1630 scandalo
503 1597 580 1630 oriri
606 1597 762 1637 solebant,
790 1609 807 1631 e
839 1598 947 1631 medio
975 1598 1067 1631 tolle-

324 1653 447 1688 rentur,
474 1650 689 1692 apostolicum
715 1656 870 1694 paternae
896 1651 1067 1694 providen-

324 1701 388 1734 tiae
415 1712 511 1735 suum
538 1703 720 1736 subsidium
750 1704 967 1747 exposcebat;
994 1706 1066 1738 nul-

323 1754 390 1787 lum
416 1765 492 1788 vero
527 1755 689 1789 efficacius
723 1762 753 1789 et
778 1756 997 1801 opportunius
1026 1758 1064 1790 ad

324 1806 513 1840 huiusmodi
540 1808 752 1842 dissidiorum
770 1810 958 1843 occasiones
976 1820 1066 1843 aver-

324 1861 438 1895 tendas
464 1862 646 1895 remedium
672 1863 862 1907 apparebat,
883 1874 979 1907 quam
997 1874 1066 1907 per-

322 1920 454 1958 petuam
494 1917 670 1960 quamdam
712 1918 934 1951 alternativam
979 1917 1064 1951 circa

323 1969 503 2002 electiones
549 1970 731 2004 officiorum
771 1972 918 2004 omnium
959 1971 1063 2004 dictae

320 2021 508 2065 provinciae
545 2023 719 2064 inducere;
759 2024 856 2068 idque
893 2025 1065 2068 religiosae

323 2076 553 2120 tranquillitati
575 2077 721 2111 eiusdem
738 2078 923 2122 provinciae
949 2079 1064 2112 condu-

322 2128 416 2163 cibile
443 2129 522 2170 fore,
548 2130 644 2163 etiam
673 2136 747 2164 tunc
773 2131 947 2165 existentes
973 2132 1065 2176 prior

322 2182 483 2224 generalis
528 2188 560 2216 et
603 2183 776 2217 consilium
816 2185 893 2217 dicti
933 2184 1063 2218 Ordinis

324 2235 567 2269 existimabant:
593 2242 624 2269 et
649 2242 827 2281 propterea
850 2237 953 2280 ipsius
978 2237 1063 2270 Petri

322 2288 454 2322 nomine
480 2289 586 2322 eidem
611 2290 801 2324 Innocentio
819 2291 1063 2334 praedecessori

323 2340 490 2375 humiliter
521 2343 704 2387 supplicato
737 2348 773 2376 ut
804 2343 836 2376 in
877 2344 1063 2387 praemissis

358 2438 372 2464 1
393 2438 518 2466 Instituta
543 2439 633 2468 fuerat
661 2440 814 2468 huiusmodi
841 2441 1003 2469 alternativa
1029 2441 1063 2468 ab

323 2481 478 2510 Innocentio
497 2483 543 2510 ΧΗ
564 2490 650 2512 const.
679 2485 723 2512 ed.
748 2492 871 2519 nncxctx,
899 2485 942 2512 die
968 2486 998 2512 ⁹21
1022 2486 1062 2513 ia-

323 2526 424 2561 nuarii,
443 2527 543 2562 pontif.
560 2534 624 2561 vnt;
647 2532 674 2555 et
698 2530 853 2556 Innocentii
874 2529 934 2556 XllI
953 2530 1061 2557 constit.

324 2571 367 2599 ed.
387 2578 531 2607 nnccxxtn,
551 2572 594 2600 die
616 2574 724 2608 ttiutii,
745 2574 843 2610 pontif.
864 2581 904 2609 111,
921 2575 1009 2610 agitur
1029 2574 1062 2602 de

323 2616 459 2652 magistris
477 2617 511 2645 ad
530 2617 699 2646 doctoratum
719 2619 920 2655 promovendis.

1111 266 1294 304 opportune
1319 261 1493 304 providere
1520 262 1559 295 de
1592 261 1792 304 benignitate
1819 273 1850 294 a-

1110 314 1269 356 postolica
1301 314 1513 357 dignaretur:
1545 315 1614 357 ipse
1640 315 1850 347 Innocentius

1110 367 1356 410 praedecessor,
1382 367 1443 411 piis
1476 367 1619 400 eiusdem
1646 368 1730 400 Petri
1763 368 1850 410 regis

1110 421 1192 453 votis
1218 423 1255 454 ea
1279 420 1311 454 in
1337 431 1371 454 re
1402 432 1549 454 annuero
1584 432 1620 454 ac
1651 428 1850 454 memoratae.

1108 474 1298 518 provinciae
1324 475 1543 517 Portugalliae
1562 475 1662 518 quieti
1681 476 1854 508 salubriter

1109 528 1285 571 providere
1318 528 1464 572 cupiens,
1497 528 1653 561 eiusmodi
1691 528 1854 571 supplica-

1110 581 1253 615 tionibus
1279 583 1468 623 inclinatus,
1497 583 1614 616 dilecto
1649 581 1716 614 silio
1741 587 1852 614 nostro

1109 634 1383 678 Micliaeliangelo
1417 635 1448 668 S.
1480 635 1518 668 R.
1553 635 1586 668 E.
1622 634 1779 668 cardinali
1814 635 1852 667 de

1108 688 1286 722 Comitibus
1323 695 1519 732 nuncupato,
1558 694 1635 722 tunc
1671 689 1701 721 in
1729 688 1853 722 eisdem

1109 742 1330 785 Portugalliac
1348 747 1379 775 et
1398 743 1628 785 Algarbiorum
1654 742 1763 785 regnis
1793 752 1851 775 suo

1109 800 1140 827 et
1166 795 1371 838 Apostolicae
1404 795 1496 828 Sedis
1534 796 1664 836 nuncio,
1698 795 1786 829 dedit
1820 796 1853 828 iu

1109 848 1284 889 mandatis,
1310 854 1359 890 ut,
1387 849 1527 882 constito
1545 849 1605 882 sibi
1625 850 1663 883 de
1690 849 1849 889 narratis,

1109 912 1145 934 ac
1170 902 1290 935 vocatis
1317 903 1371 946 qui
1400 902 1540 935 ruissent
1565 902 1741 942 evocandi,
1767 902 1852 935 circa

1109 956 1335 989 alternativam
1361 956 1561 999 praedictam
1595 956 1788 989 auctoritate
1821 966 1852 988 a-

1110 1009 1271 1052 postolica
1309 1009 1341 1042 id
1376 1015 1525 1052 gereret,
1567 1015 1725 1043 statueret
1756 1014 1851 1052 atque

1111 1062 1313 1103 decerneret,
1339 1063 1425 1106 qnod
1448 1063 1508 1096 sibi
1530 1074 1590 1106 pro
1616 1063 1761 1096 eiusdem
1782 1074 1853 1106 pro-

1111 1116 1233 1148 vinciae
1260 1116 1480 1159 Portugalliae
1506 1116 1616 1160 quiete.
1638 1117 1853 1156 restituenda,

1110 1179 1237 1202 necnon
1263 1169 1407 1211 regulari
1443 1169 1615 1213 disciplina
1640 1170 1672 1202 in
1703 1172 1740 1203 ea
1775 1181 1853 1203 con-

1111 1223 1289 1262 servanda,
1317 1228 1349 1256 et
1375 1223 1476 1255 sicubi
1510 1224 1655 1267 collapsa
1686 1229 1772 1257 esset
1804 1235 1853 1257 re-

1111 1275 1263 1319 paranda,
1288 1276 1390 1319 magis
1416 1277 1447 1309 in
1474 1276 1611 1310 Domino
1638 1278 1791 1321 expedire
1809 1277 1853 1309 vi-

1111 1339 1180 1362 sum
1207 1329 1340 1369 suisset;
1368 1329 1463 1372 eique
1488 1330 1528 1362 ad
1555 1330 1743 1363 huiusmodi
1778 1329 1853 1363 etl'e—

1110 1387 1196 1415 ctum
1222 1392 1460 1426 quamcumque
1492 1383 1709 1416 necessariam
1741 1389 1772 1416 et
1796 1394 1854 1426 op-

1109 1440 1285 1478 portunam
1311 1436 1351 1469 ad
1377 1436 1409 1469 id
1436 1436 1621 1470 facultatem
1655 1437 1769 1470 eadem
1796 1447 1852 1470 au-

1110 1489 1260 1522 ctoritate
1288 1489 1402 1523 tribuit
1434 1495 1465 1523 et
1497 1490 1679 1533 impartitus
1711 1490 1792 1523 suit:
1821 1495 1855 1523 et

1109 1543 1198 1581 alias,
1223 1548 1321 1587 prout
1350 1544 1381 1576 in
1416 1543 1518 1587 ipsius
1555 1544 1736 1577 Innocentii
1762 1554 1854 1587 prae-

1110 1596 1293 1630 decessoris
1307 1596 1424 1630 litteris
1435 1597 1486 1629 die
1500 1607 1549 1630 xxi
1564 1597 1700 1630 ianuarii
1711 1592 1853 1631 nncxcix

1110 1650 1142 1682 in
1168 1650 1267 1683 simili
1294 1651 1396 1683 forma
1421 1650 1530 1683 Brevis
1556 1651 1697 1694 desuper
1722 1651 1853 1695 expedi-

1111 1703 1161 1743 tis,
1188 1714 1322 1747 quarum
1356 1709 1504 1737 tenorem
1529 1704 1758 1747 praesentibus
1790 1715 1851 1748 pro

1110 1758 1207 1800 plene
1243 1762 1275 1790 et
1313 1757 1513 1791 sufficienter
1549 1768 1705 1801 expresso
1742 1769 1779 1791 ac
1812 1758 1851 1791 de

1109 1811 1209 1844 verbo
1236 1811 1275 1844 ad
1301 1811 1437 1844 verbum
1462 1811 1585 1845 inserto
1622 1812 1737 1844 haberi
1762 1812 1853 1844 volu-

1108 1874 1190 1903 mus,
1215 1864 1348 1897 uherius
1372 1864 1570 1898 continetur.
1597 1864 1683 1903 Quae
1719 1865 1852 1908 quidem

1108 1916 1300 1949 alternativa
1333 1917 1514 1950 officiorum
1547 1928 1563 1950 a
1587 1918 1753 1961 praedicto
1789 1917 1849 1950 Mi-

1108 1970 1347 2013 chaeleangelo
1374 1970 1545 2010 cardinali,
1585 1976 1663 2004 tunc
1703 1970 1848 2011 nuncio,

1108 2023 1363 2066 prudentissime
1397 2023 1547 2057 ordinata
1571 2029 1668 2067 atque
1692 2024 1849 2068 praefixa,

1108 2082 1139 2109 et
1165 2077 1348 2120 respective
1374 2087 1445 2110 cum
1473 2077 1683 2111 distinctione
1716 2078 1851 2110 duarum

1108 2129 1314 2171 filiationum,
1340 2141 1457 2174 nempe
1483 2131 1515 2164 in
1546 2131 1794 2175 Ulyssiponensi
1820 2136 1852 2163 et

1107 2183 1288 2217 Colariensi
1315 2185 1539 2225 conventibus,
1554 2185 1599 2218 sic
1624 2185 1656 2218 in
1681 2191 1851 2228 posterum

1107 2237 1390 2278 nominandarum,
1416 2237 1584 2280 designata
1604 2243 1636 2271 et
1655 2239 1801 2282 perlecta
1818 2237 1852 2270 in

1107 2291 1206 2334 pleno
1232 2290 1372 2334 capitulo
1398 2291 1591 2334 provinciali
1617 2292 1669 2324 die
1689 2301 1769 2324 xviu
1795 2301 1848 2323 se·

1107 2344 1265 2387 ptembris
1290 2353 1377 2378 nnec
1405 2344 1580 2385 celebrato,
1610 2345 1794 2378 constitutis
1819 2349 1851 2377 et

1107 2397 1226 2431 auditis
1252 2398 1532 2441 procuratoribus,
1552 2403 1720 2442 acceptata
1745 2403 1777 2431 et
1799 2407 1851 2430 re-

1107 2451 1238 2494 gistrata
1263 2451 1333 2483 suit.

1149 2505 1164 2547 ξ
1189 2504 1220 2536 2.
1248 2504 1324 2538 Cum
1343 2509 1459 2545 autem,
1479 2505 1560 2537 sicut
1577 2504 1687 2538 dilecti
1704 2503 1759 2536 tilii
1781 2514 1849 2537 mo-

1106 2557 1197 2590 derni
1223 2557 1317 2600 prior
1342 2557 1563 2600 provincialis,
1590 2557 1791 2597 definitores,
1814 2557 1847 2589 in

1105 2611 1195 2643 sacra
1221 2611 1387 2653 theologia
1412 2611 1571 2655 magistri,
1600 2610 1764 2652 ceterique
1791 2620 1846 2643 vo-

1861 213 1911 240 An.
1932 213 1962 240 C.
1980 213 2047 241 1720

1885 2509 1967 2529 Causae
1993 2509 2044 2528 atm-

1857 2535 1913 2555 lendi
1926 2536 2044 2561 praefatam

1857 2563 2012 2583 alternaturam,
2024 2565 2044 2582 et

1857 2594 1931 2613 preces
1940 2589 2044 2610 vocalium

1856 2615 1990 2641 provinciae¹
