2269 3203
72 226 122 255 Αη.
144 226 174 254 C.
193 226 262 255 1710

265 285 393 310 manum
410 276 599 311 Pontificem
626 287 687 321 pro
708 282 852 320 tempore
873 277 1011 310 existen-

267 335 329 362 tem
354 340 501 363 recursus
537 341 596 374 pro
623 331 705 364 nova
730 329 914 374 provisione
941 329 1011 362 sieri

269 383 397 416 debeat

311 437 325 480 ἓ
350 437 382 471 3.
411 437 642 478 Decernentes‚
663 437 795 471 easdem
823 441 1012 480 praesentes

268 490 394 523 litteras
419 501 550 534 semper
575 490 702 531 tirmas,
729 490 851 524 validas
884 496 914 522 et
946 489 1013 522 effi-

269 553 360 576 caces
386 543 524 576 existere
552 549 583 575 et
609 544 698 583 sore,
726 553 872 587 suosque
898 543 1013 586 plena-

267 597 334 630 rios
353 603 384 630 et
408 598 556 640 integros
583 596 718 630 etl'eetus
745 596 855 630 sortiri
883 602 914 629 et
932 596 1013 629 obti-

268 661 359 692 nere,
387 662 423 684 ac
449 651 526 691 illis,
550 651 588 684 ad
619 661 702 694 quos
731 655 857 694 spectat
890 655 921 682 et.
951 659 1012 693 pro

268 709 415 747 tempore
448 704 723 747 quandocumque
763 702 945 746 spectabit,
979 702 1010 734 in

268 757 417 790 omnibus
442 763 474 790 et
498 768 558 801 per
583 757 693 790 omnia
726 755 916 800 plenissime
947 755 1012 787 sus·

269 810 408 853 uagari,
434 816 466 844 et
488 811 528 844 ab
557 811 604 844 eis
633 810 811 854 respective
842 809 1012 842 inviolabi-

269 863 345 896 liter
370 864 551 905 observari,
580 864 690 907 sicque
717 868 745 896 et
770 873 833 896 non
861 862 954 895 aliter
980 862 1011 894 in

270 917 461 960 praemissis
478 928 539 962 per
563 927 792 961 quoscumque
819 917 941 949 iudices
961 926 1012 949 or-

270 970 415 1005 dinarios
441 977 472 1004 et
498 972 684 1015 delegatos,
710 972 810 1004 etiam
837 981 1011 1004 causarum

269 1025 381 1067 palatii
399 1025 571 1069 apostolici
598 1026 763 1059 auditores
789 1036 825 1058 ac
851 1024 881 1057 S.
910 1024 946 1057 R.
975 1024 1009 1057 E.

270 1078 433 1121 praefatae
460 1079 648 1121 cardinales,
668 1079 762 1112 etiam
786 1079 823 1112 de
847 1079 948 1111 latere
968 1079 1013 1111 le-

271 1136 360 1172 gatos
386 1137 416 1164 et
435 1132 640 1175 Apostolieae
659 1132 750 1165 Sedis
772 1133 916 1171 nuncios,
939 1130 1013 1164 sul)-

271 1184 331 1218 tata
356 1185 401 1217 eis
427 1191 458 1218 et
483 1196 596 1218 eorum
623 1185 757 1219 cuilibet
782 1185 894 1229 quavis
919 1185 1013 1218 aliter

271 1237 434 1270 iudicandi
466 1244 497 1271 et
528 1238 759 1282 interpretandi
799 1238 946 1271 facultate
981 1243 1012 1269 et

271 1293 474 1333 auctoritate,
502 1292 637 1324 iudicari
663 1298 695 1324 et
714 1291 842 1324 definiri
869 1291 1011 1331 debere,

271 1355 306 1376 ac
332 1345 460 1378 irritum
488 1351 515 1378 et
544 1345 639 1377 inane
665 1345 691 1377 si
718 1355 811 1376 secus
836 1355 935 1387 super
962 1344 1011 1376 his

271 1408 288 1430 a
314 1409 497 1441 quoquam,
518 1399 630 1442 quavis
652 1399 857 1439 anctoritate,
873 1397 1014 1430 scienter

271 1452 320 1484 vel
340 1451 537 1494 ignoranter,
557 1452 731 1495 contigerit
749 1452 914 1484 attentari.

89 1543 100 1558 x
125 1512 262 1558 &suffurantur
312 1504 373 1548 §4-
389 1505 545 1544 Quocirca
562 1505 737 1538 venerabili
753 1505 842 1538 fratri
858 1505 1012 1549 episeopo

76 1547 80 1557 ⁴
104 1545 207 1560 θυμω
273 1558 486 1599 Astoricensi‚
522 1559 584 1599 vel,
610 1570 647 1592 eo
673 1560 804 1593 absente
829 1570 885 1592 seu
916 1560 1015 1602 impe-

273 1612 361 1654 dito,
394 1613 570 1646 venerabili
608 1613 705 1645 etiam
735 1613 824 1646 fratri
860 1613 1013 1656 episcopo

274 1666 503 1709 Calaguritano
536 1677 595 1709 per
623 1672 813 1709 praesentes
840 1667 1014 1699 committi-

273 1730 345 1752 mus
370 1726 402 1752 et
432 1719 633 1759 mandamus,
661 1726 818 1763 quatenus
844 1721 924 1763 ipse,
956 1731 1013 1764 per

273 1784 318 1815 se,
332 1774 381 1806 vel
401 1784 461 1817 per
478 1773 585 1813 alium,
605 1784 660 1806 seu
676 1774 905 1812 alios,easdem
925 1784 1014 1817 prae-

273 1832 383 1859 sentes
410 1826 534 1859 litteras
560 1832 591 1860 et
617 1826 648 1859 in
675 1827 722 1859 eis
749 1832 899 1860 contenta
919 1837 1014 1870 quac-

273 1890 420 1923 cnmque,
447 1879 501 1912 uhi
529 1885 560 1912 ct
585 1880 713 1923 quando
739 1891 820 1923 opus
846 1881 958 1919 suerit,
983 1886 1014 1913 et

273 1934 403 1978 quoties
428 1944 487 1977 pro
509 1939 601 1977 parte
629 1934 790 1968 interesse
821 1934 1011 1967 habentium

273 1998 330 2021 seu
355 1988 488 2021 alieuius
506 1999 618 2021 eorum
640 1988 735 2022 suerit
751 1988 937 2032 requisitus
964 1999 1014 2021 so-

273 2043 426 2076 lemniter
449 2042 642 2086 publicans,
668 2043 797 2086 illisque
824 2043 854 2075 in
888 2043 1011 2076 eisdem

273 2095 461 2140 praemissis
488 2095 627 2129 efficacis
661 2097 861 2130 defensionis
892 2096 1013 2140 praesi-

275 2150 328 2183 dio
354 2150 528 2190 assistens,
560 2149 656 2183 saciat
683 2150 876 2183 auctoritate
902 2152 1014 2183 nostra

274 2202 349 2236 illos
376 2208 407 2235 ct
432 2213 542 2236 eorum
576 2203 756 2246 quemlibet
790 2203 1012 2246 11›raesentium

274 2255 458 2288 litterarum
485 2261 517 2288 et
539 2256 569 2288 in
589 2256 634 2288 eis
655 2261 883 2289 contentorum
901 2256 1013 2289 huius-

274 2309 360 2342 modi
387 2310 559 2343 commodo
586 2315 616 2342 et
650 2309 766 2343 eil'ectu
793 2309 923 2353 pacifice
951 2310 1011 2342 frui

275 2363 485 2405 etgaudere3
510 2373 576 2396 non
602 2364 796 2406 permittens
821 2364 895 2396 illos
921 2364 1014 2396 desu-

276 2423 334 2457 per
367 2416 613 2458 quomodolibet
649 2416 794 2449 indebite
830 2417 1009 2457 molestari,

277 2467 460 2510 perturbari
482 2474 512 2501 et
529 2468 701 2512 inquietari
718 2481 725 2509 ;
753 2470 1012 2502 contradictores

276 2520 443 2563 quoslibet
477 2526 508 2553 et
540 2522 680 2555 rebelles
715 2533 773 2565 per
805 2533 956 2555 censuras
983 2530 1012 2556 et

276 2583 400 2617 poenas
427 2573 678 2615 ecclesiasticas,
703 2576 830 2618 aliaque
857 2582 1012 2619 opportu-

277 2637 317 2663 na
342 2626 421 2660 iuris
453 2632 485 2659 et
510 2626 580 2660 sacti
608 2628 761 2669 remedia,
788 2629 1010 2672 appellatione

98 448 219 468 clausulae.

891 227 1033 252 CLEMENS
1059 227 1090 251 xi
1114 229 1163 252 Pr.

1697 220 1762 254 405

1058 277 1259 321 postposita,
1285 278 1546 322 compescendo,
1574 277 1794 321 legitimisque

1057 340 1155 374 super
1174 331 1225 363 his
1253 331 1413 364 habendis
1435 330 1568 363 servans
1590 331 1797 374 processibus

1058 395 1211 418 censuras
1238 390 1270 418 et
1295 396 1417 428 poenas
1444 384 1529 428 ipsas
1555 385 1650 417 etiam
1675 384 1797 416 iteratis

1058 437 1181 471 vicibus
1206 438 1421 481 aggravando,
1449 438 1598 471 invocato
1635 437 1746 477 etiam,
1774 437 1797 469 si

1058 502 1142 534 opus
1169 492 1276 531 suerit,
1305 492 1423 524 auxilio
1450 491 1574 524 brachii
1607 490 1795 523 saecularis.

1101 546 1115 588 ἓ
1141 545 1171 578 [ι.
1199 544 1269 578 'Non
1288 545 1506 585 obstantibus,
1524 544 1629 587 quoad
1650 554 1698 582 ea,
1716 554 1797 586 quae
1835 556 1992 576 cantianorum,

1058 597 1288 642 praesentibus
1329 604 1402 631 sunt
1440 597 1606 631 contraria
1645 584 1926 640 praefatis‘¹⁸'''³'³'¹¹''''‘

1058 652 1228 694 utriusque
1246 651 1422 684 Clementis
1441 651 1728 694 praedecessorum
1748 650 1799 682 lit-

1059 704 1149 745 teris,
1170 704 1309 747 aliisque
1329 704 1482 736 omnibus
1505 710 1535 736 et
1552 704 1688 745 singulis
1706 714 1799 747 prae-

1059 758 1174 797 missis,
1192 764 1232 796 et,
1252 763 1413 801 quatenus
1431 768 1511 801 opus
1532 758 1584 797 sit,
1605 758 1642 790 de
1662 769 1726 791 non
1744 759 1799 790 tol-

1058 812 1155 844 lendo
1183 811 1252 844 iure
1279 812 1437 855 quaesito,
1464 811 1604 855 aliisque
1631 811 1800 844 nostriset

1057 865 1276 899 Cancellariae
1296 866 1494 909 apostolieae
1518 865 1652 907 regulis,
1672 875 1798 897 necnon

1059 919 1255 952 recolendae
1271 919 1444 952 memoriae
1464 918 1621 951 Bonisacii
1641 918 1699 951 ΡΡ.
1719 918 1797 957 t’ttt,

1058 973 1327 1017 praedecessoris
1348 972 1470 1016 pariter
1485 972 1601 1011 nostri,
1621 971 1659 1004 de
1678 974 1750 1012 una,
1769 978 1800 1003 et

1057 1025 1185 1059 concilii
1201 1025 1365 1069 generalis
1384 1026 1422 1058 de
1442 1025 1565 1058 duabus
1581 1025 1686 1064 dietis,
1707 1025 1799 1058 duni-

1057 1080 1152 1113 modo
1174 1080 1260 1112 ultra
1286 1085 1351 1111 tres
1378 1079 1479 1111 dietas
1514 1079 1630 1122 aliquis
1657 1079 1799 1111 auctori-

1059 1139 1119 1166 tate
1146 1132 1368 1176 praesentium
1397 1133 1427 1164 in
1461 1132 1615 1165 iudicium
1643 1143 1706 1164 non
1735 1138 1798 1164 tra-

1058 1186 1164 1225 hatur,
1193 1185 1330 1229 aliisque
1367 1185 1658 1218 constitutionibus
1693 1191 1724 1217 et
1748 1196 1800 1217 or-

1058 1239 1279 1272 dinationibus
1316 1239 1531 1282 apostolicis,
1556 1250 1610 1279 ae,
1639 1244 1799 1282 quatenus

1058 1304 1139 1336 opus
1165 1294 1214 1334 sit,
1240 1293 1512 1335 Congregationis
1538 1300 1564 1326 et
1586 1293 1800 1326 monasterio-

1057 1358 1126 1379 rum
1153 1357 1188 1379 ae
1209 1347 1338 1379 Ordinis
1360 1347 1555 1386 huiusmodi,
1573 1347 1709 1389 aliisque
1729 1347 1799 1389 qui-

1056 1400 1175 1439 busvis,
1203 1401 1299 1433 etiam
1326 1400 1520 1439 iuramento,
1547 1400 1798 1433 confirmatione

1056 1454 1244 1496 apostolica,
1276 1454 1323 1486 rel
1345 1454 1458 1496 quavis
1484 1453 1636 1486 firmitate
1662 1453 1723 1486 alia
1750 1464 1799 1486 roa

1056 1507 1189 1548 boratis,
1215 1508 1343 1541 statutis
1362 1514 1392 1541 et
1410 1507 1718 1548 consuetudinibus,
1739 1508 1801 1551 pri—

1058 1561 1184 1604 vilegiis
1211 1572 1355 1605 quoque,
1383 1562 1517 1594 indultis
1539 1566 1568 1594 et
1586 1561 1703 1594 litteris
1722 1572 1800 1604 apo-

1057 1615 1180 1647 stolicis
1227 1615 1258 1647 in
1303 1615 1500 1648 contrarium
1541 1615 1799 1658 praemissorum

1057 1667 1309 1711 quomodolibet
1333 1668 1517 1707 concessis,
1544 1668 1743 1701 confirmatis
1769 1674 1799 1699 et

1057 1721 1238 1761 innovatis;
1265 1721 1383 1764 quilius
1408 1722 1560 1754 omnibus
1586 1727 1618 1754 et,
1642 1721 1796 1763 singulis,

1056 1775 1186 1807 illorum
1214 1781 1342 1808 tenores
1368 1775 1597 1818 praesentibus
1624 1785 1683 1818 pro
1701 1775 1799 1817 plene

1057 1834 1088 1861 et
1112 1828 1310 1861 sufficienter
1334 1829 1496 1872 expressis
1525 1839 1561 1861 ac
1595 1829 1633 1861 ad
1664 1829 1798 1861 verbum

1055 1881 1190 1914 insertis
1217 1881 1385 1920 habentes,
1412 1882 1477 1914 illis
1503 1881 1582 1914 alias
1607 1881 1639 1913 in
1665 1891 1723 1913 suo
1750 1892 1800 1913 ro-

1056 1935 1135 1967 bore
1154 1935 1386 1978 permansuris,
1413 1935 1451 1967 ad
1478 1935 1733 1978 praemissorum
1755 1935 1800 1966 es-

1058 1988 1187 2029 seetum,
1214 1989 1274 2021 hac
1308 1988 1376 2021 viee
1408 1988 1585 2027 dumtaxat,
1612 1988 1800 2032 specialiter

1057 2046 1089 2074 et
1113 2052 1265 2085 expresse
1288 2042 1499 2084 derogamus,
1523 2041 1709 2085 ceterisque
1724 2051 1798 2074 eon-

1057 2095 1164 2127 trariis
1188 2095 1464 2138 quibuscumque.

1100 2150 1114 2191 g
1147 2148 1178 2181 6.
1206 2148 1358 2181 Volumus
1383 2154 1490 2182 autem
1521 2154 1555 2181 ut
1576 2148 1815 2193 praesentiunr
1848 2158 1909 2177 rm<
1938 2159 1992 2178 tran·

1056 2201 1234 2234 litterarum
1273 2202 1506 2245 transumptis,
1533 2212 1589 2235 seu
1616 2187 1943 2245 exemplis‚⁵¹¹¹”pwn'ffl'

1056 2255 1152 2288 etiam
1187 2255 1373 2298 impressis,
1398 2266 1493 2288 manu
1519 2255 1654 2288 alieuius
1681 2256 1797 2288 notarii

1056 2308 1177 2352 publici
1205 2308 1382 2352 suscriptis,
1401 2314 1433 2341 et
1453 2309 1560 2351 sigillo
1578 2319 1738 2352 personae
1766 2309 1796 2340 in

1056 2362 1214 2404 dignitate
1233 2361 1452 2394 ecclesiastiea
1473 2362 1667 2395 constitutae
1694 2362 1797 2394 muni-

1058 2415 1118 2455 tis,
1144 2415 1257 2448 eadem
1290 2425 1424 2458 prorsus
1456 2414 1535 2448 fides
1562 2415 1592 2447 in
1620 2415 1741 2448 iudicio
1767 2420 1797 2447 et

1055 2474 1143 2502 extra
1169 2468 1249 2501 illud
1275 2469 1481 2507 adhibeatur,
1502 2478 1582 2512 quae
1611 2469 1687 2512 ipsis
1706 2479 1797 2511 prae-

1054 2522 1198 2554 sentibus
1223 2522 1435 2555 adhiberetur
1455 2522 1480 2554 si
1508 2522 1609 2554 forent
1632 2521 1794 2553 exhibitae

1054 2576 1105 2608 vel
1132 2581 1298 2608 ostensae.

1097 2629 1212 2662 Datum
1232 2629 1365 2669 Romae,
1392 2629 1476 2673 apud
1498 2629 1530 2661 S.
1550 2628 1680 2662 Mariam
1700 2628 1794 2664 Maio-

1809 228 1904 256 Aac⁴
1923 229 1992 256 ΠΗ)
