2269 3203
103 227 156 256 Αη,
177 227 206 254 C.
224 225 293 254 ¹703

131 502 253 525 Clausulas.

140 2158 203 2181 fides
226 2161 284 2181 tran-

100 2189 237 2214 mmptorum.

945 218 1086 243 CLEMENS

300 272 499 307 inviolabilis
524 270 725 315 apostolicae
751 268 913 302 firmitatis
944 268 1047 301 robur

299 326 478 366 adiieimus,
503 336 539 358 ac
565 334 677 357 omnes
695 328 727 356 et
744 323 891 366 singulos
918 322 996 355 iuris
1015 327 1045 355 et

299 381 372 414 facti
398 379 559 418 defectus,
597 377 623 410 si
657 377 710 421 qui
741 377 883 421 desuper
908 377 1046 409 interve-

297 433 418 474 nerint,
441 432 645 475 supplemus.

341 488 357 531 ξ
381 486 413 521 3.
441 485 675 525 Decernentes‚
698 484 828 518 easdem
854 487 1044 527 praesentes

297 540 422 575 litteras
460 543 490 573 et
526 539 657 572 decreta
683 538 885 582 praeinserta
913 547 1046 580 semper

296 593 411 634 firma,
452 592 559 626 valida
593 597 625 625 et
662 591 805 625 efficacia
840 590 980 623 existere
1013 595 1046 623 et

296 646 379 687 fore,
406 656 549 689 suosque
574 644 743 689 plenarios
771 650 802 678 et
827 644 976 686 integros
1002 643 1045 676 ef-

294 700 397 733 fectus
435 698 542 732 sortiri
580 703 611 731 et
644 697 805 738 obtinere,
834 707 870 730 ac
902 696 978 737 illis,
1004 696 1043 729 ad

294 763 375 797 quos
400 758 525 796 spectat
551 757 583 785 et
608 763 668 796 pro
696 757 843 795 tempore
874 750 1043 794 spectabit,

292 805 484 850 plenissime
502 805 683 849 suffragari,
700 810 730 838 et
745 806 783 838 ab
799 804 843 838 eis
859 804 1042 847 respective

293 859 532 893 inviolabiliter
557 859 738 900 observari,
769 858 881 902 sicque
900 857 933 890 in
951 867 1044 901 prae-

292 912 399 946 missis
430 923 491 957 per
512 923 736 957 quoscumque
762 911 886 944 iudices
913 910 1044 944 ordina-

292 967 359 1001 rios
385 972 417 1000 et
442 967 622 1010 delegatos,
655 967 750 1000 etiam
783 976 955 998 causarum
986 975 1043 1008 pa-

291 1020 361 1054 latii
377 1020 553 1064 apostolici
570 1020 751 1060 auditores,
770 1017 909 1052 iudicari
932 1023 962 1051 et
988 1019 1042 1052 de-

291 1073 380 1107 finiri
394 1073 532 1115 debere3
547 1084 583 1106 ac
596 1073 722 1106 irritum
740 1078 771 1106 et
786 1073 883 1105 inane
902 1072 927 1105 si
946 1083 1041 1105 secus

291 1137 394 1172 super
418 1127 470 1160 his
489 1138 506 1160 a
527 1138 701 1171 quoquam,
728 1126 843 1171 quavis
865 1126 1041 1159 auctorita-

292 1188 334 1223 te,
355 1181 498 1215 scienter
516 1182 565 1214 vel
587 1181 789 1224 ignoranter,
804 1179 980 1223 contigerit
995 1185 1041 1212 at-

293 1236 423 1270 tentari.
440 1235 511 1269 Non
527 1236 733 1269 obstantibus
747 1234 1040 1268 constitutionibus

291 1295 324 1324 et
352 1289 620 1324 ordinationibus
640 1289 838 1333 apostolicis,
858 1299 904 1329 ae,
926 1294 1040 1332 quate-

291 1357 351 1380 nus
381 1357 462 1389 opus
488 1345 537 1386 sit,
559 1345 830 1388 Congregationis
856 1351 886 1378 et
910 1345 1039 1379 Ordinis

291 1400 544 1445 praedictorum,
576 1399 674 1433 etiam
700 1400 898 1440 iuramento,
923 1400 1039 1433 confir-

291 1454 435 1488 matione
457 1454 650 1498 apostolica,
675 1454 724 1486 vel
746 1453 858 1496 quavis
883 1452 1039 1488 firmitate

291 1509 356 1542 alia
380 1507 559 1548 roboratis,
584 1507 711 1540 statutis
735 1513 767 1541 et
792 1507 1040 1541 consuetudini-

293 1562 366 1601 bus,
392 1560 578 1605 privilegiis
605 1572 748 1605 quoque,
768 1561 904 1594 indultis
932 1566 965 1594 et
989 1561 1040 1594 lit-

293 1614 373 1648 teris
403 1614 591 1658 apostolicis
610 1615 643 1647 in
665 1614 865 1647 contrarium
885 1614 1040 1657 praemis-

294 1678 409 1702 sorum
434 1668 686 1711 quomodolibet
712 1668 891 1709 concessis,
920 1669 1039 1701 confir-

296 1722 391 1756 matis
417 1728 450 1755 et
474 1721 656 1762 innovatis,
680 1722 798 1765 quibus
830 1722 982 1756 omnibus
1008 1728 1040 1756 et

294 1775 445 1819 singulis,
478 1775 612 1808 illorum
649 1780 780 1808 tenores
807 1776 1037 1818 praesentibus

294 1839 356 1873 pro
373 1830 470 1873 plene
489 1834 521 1861 et
537 1828 740 1861 sufficienter
758 1829 920 1872 expressis
950 1835 981 1862 et
999 1831 1037 1863 ad

293 1882 428 1915 verbum
454 1882 585 1915 insertis
613 1882 784 1923 habentes,
811 1882 877 1916 illis
904 1883 984 1916 alias
1005 1884 1037 1917 in

294 1946 355 1970 suo
380 1936 503 1969 robore
525 1935 760 1979 permansuris,
781 1937 820 1969 atl
847 1930 1038 1979 praemisso-

292 2000 365 2023 rum
379 1989 539 2031 ess'ectum,
556 1990 617 2023 hae
634 1991 702 2023 vice
724 1991 900 2031 dumtaxat,
917 1993 1039 2035 specia-

293 2043 368 2078 liter
383 2049 415 2077 et
436 2054 588 2088 expresse
608 2044 801 2087 derogamus
819 2056 826 2085 ;
850 2045 1037 2089 ceterisque

294 2097 467 2132 contrariis
494 2098 768 2142 quibuscumque.

339 2153 354 2196 g
379 2151 412 2184 4.
439 2151 594 2184 Volumus
623 2151 758 2196 insuper
789 2157 823 2185 ut
848 2153 1037 2187 earumdem

294 2206 520 2250 praesentium
537 2205 721 2239 litterarum
737 2208 962 2251 transumptis,
978 2219 1037 2241 scu

294 2259 460 2304 exemplis,
476 2259 573 2293 etiam
587 2259 769 2303 impressis,
787 2271 884 2293 manu
899 2261 1037 2295 alicuius

294 2313 413 2346 notarii
427 2313 552 2356 publici
564 2313 771 2357 subscriptis,
792 2320 822 2347 et
840 2315 949 2357 sigillo
963 2326 1038 2359 per-

296 2376 395 2400 sonae
421 2365 455 2399 in
481 2366 705 2400 ecclesiastiea
723 2363 904 2410 dignitatae
922 2369 1038 2402 consti-

297 2423 385 2453 tutae
410 2419 554 2460 munitis,
574 2421 687 2453 eadem
713 2431 849 2464 prorsus
870 2421 950 2456 sides
971 2423 1039 2456 ubi-

297 2481 361 2515 que
384 2473 532 2506 locorum
557 2473 726 2514 habeatur,
752 2485 835 2518 quae
860 2475 1038 2510 haberetur

298 2524 377 2568 ipsis
412 2526 641 2569 praesentibus
667 2528 694 2561 si
726 2528 834 2562 forent
870 2529 1037 2565 exhibitae

297 2579 348 2613 vel
373 2583 541 2614 ostensae.

1113 219 1145 242 XI
1170 220 1217 243 ΓΡ.

1091 269 1214 301 annulo
1241 267 1428 308 piscatoris,
1448 267 1500 300 dic
1526 277 1571 300 xit
1597 267 1673 300 maii
1700 276 1834 308 nocent,

1089 322 1298 366 pontificatus
1325 321 1427 354 nostri
1450 331 1536 354 anno
1562 331 1610 354 ιιι.

1124 386 1186 413 Dat.
1208 384 1253 413 die
1277 385 1308 412 1⁶2
1329 384 1394 412 maii
1416 383 1496 418 1703,
1513 383 1612 418 pontif.
1630 391 1701 411 anno
1718 390 1756 410 iu.

1442 528 1475 561 L.

1089 610 1285 645 Conceditur
1300 609 1442 653 facultas
1467 607 1662 652 applicandi
1677 607 1838 652 quasdam

1131 664 1361 707 indulgentias
1403 663 1566 706 defunctis
1604 672 1664 705 per
1704 661 1836 694 modum

1130 718 1284 761 suffragii
1315 716 1584 760 confraterm'taei
1610 715 1837 758 Conceptionis

1130 772 1170 804 B.
1188 771 1232 804 M.
1256 770 1291 804 V.
1311 771 1348 803 in
1373 770 1515 803 ecclesiis
1539 769 1684 812 fratrum
1701 768 1739 801 de
1753 768 1837 800 Mer-

1131 824 1203 858 cede
1228 824 1373 857 civitatis
1398 824 1589 858 Alexicauae
1613 824 1635 856 ¹.

1306 905 1443 932 Clemens
1465 905 1544 937 Papa
1564 904 1612 937 XI,

1207 949 1242 976 ad
1265 952 1444 983 perpetuam
1465 948 1509 975 rei
1530 946 1715 975 memoriam.

1129 1022 1218 1062 Cum,
1233 1021 1319 1055 sicut
1337 1021 1448 1054 dilecti
1467 1020 1523 1054 silii
1542 1019 1696 1054 officiales
1716 1023 1835 1052 etcon-

1086 1076 1202 1109 fratres
1239 1074 1516 1108 confraternitatis
1553 1074 1612 1106 sub
1648 1072 1741 1105 titulo
1776 1082 1836 1105 seu

1084 1128 1290 1162 invocatione
1317 1127 1548 1172 Conceptionis
1574 1127 1609 1160 B.
1629 1126 1748 1159 Mariae
1765 1125 1836 1158 Vir-

1084 1183 1168 1225 ginis
1203 1183 1433 1216 Immaculatae
1471 1181 1503 1214 in
1540 1180 1677 1214 ecclesia
1702 1179 1832 1213 Ordinis

1083 1239 1218 1271 fratrum
1243 1238 1390 1271 eiusdem
1418 1237 1452 1269 Β.
1480 1235 1597 1268 Mariae
1625 1235 1663 1268 de
1684 1234 1834 1268 Mercede

1083 1292 1332 1335 Redemptionis
1357 1291 1559 1334 captivorum
1581 1289 1720 1322 civitatis
1742 1290 1834 1324 Mexi·

1082 1357 1183 1380 canae
1209 1346 1242 1378 in
1268 1345 1368 1378 Indiis
1385 1343 1650 1378 Occidentalibus
1677 1344 1834 1378 canonice

1081 1405 1116 1432 ut
1140 1399 1299 1432 asseritur
1318 1403 1446 1431 erectae
1469 1397 1564 1430 nobis
1582 1407 1688 1440 nuper
1714 1398 1831 1441 exponi

1082 1455 1241 1493 fecerunt,
1266 1453 1343 1486 alias
1369 1452 1589 1486 confratribus
1619 1457 1650 1484 et
1675 1462 1834 1485 consoro-

1082 1509 1172 1541 ribus
1198 1508 1304 1541 dictae
1331 1506 1619 1547 confraternitatis,
1647 1510 1731 1538 certa
1757 1509 1834 1539 tunc

1083 1572 1238 1605 expressa
1278 1560 1409 1604 pietatis
1451 1570 1551 1604 opera
1581 1559 1830 1603 peragentibus,

1082 1616 1263 1649 nonnullae
1299 1614 1522 1657 indulgentiae
1556 1618 1588 1646 et
1619 1619 1833 1656 peccatorum

1082 1669 1292 1703 remissiones
1326 1679 1362 1701 ac
1397 1667 1674 1711 poenitentiarum
1701 1667 1831 1700 relaxa-

1082 1723 1187 1756 tiones
1213 1722 1407 1755 auctoritate
1434 1721 1612 1764 apostolica
1649 1720 1681 1753 in
1716 1730 1834 1764 perpe-

1083 1783 1171 1810 tuum
1207 1787 1380 1810 concessae
1416 1776 1547 1815 fuerint,
1580 1774 1697 1818 quibus
1734 1774 1832 1807 iidem

1082 1831 1263 1865 confratres
1294 1836 1326 1863 et
1350 1839 1549 1863 consorores
1588 1829 1626 1862 de
1665 1828 1832 1872 praesenti

1082 1886 1256 1924 fruuntur3
1296 1884 1372 1917 dicti
1410 1894 1487 1917 vero
1515 1888 1733 1926 exponentes,
1757 1883 1831 1916 illas

1081 1938 1347 1972 christifidelium
1390 1937 1617 1969 defunctorum
1664 1936 1832 1969 animabus

1081 2004 1140 2037 per
1156 1993 1286 2025 modum
1305 1990 1448 2033 suffragii
1467 1989 1625 2034 applicari
1640 2000 1748 2033 posse,
1761 1991 1832 2033 plu—

1082 2047 1199 2079 rimum
1226 2045 1438 2078 desiderent:
1458 2054 1529 2083 nos,
1549 2043 1728 2087 specialem
1751 2043 1831 2087 ipsis

1082 2099 1322 2143 exponentibus
1339 2097 1475 2140 gratiam
1495 2097 1601 2130 facere
1622 2098 1781 2137 volentes,
1800 2102 1832 2130 et

1082 2164 1193 2187 eorum
1220 2153 1404 2194 singulares
1431 2162 1586 2195 personas
1616 2162 1633 2184 a
1659 2151 1829 2193 quibusvis

1082 2205 1437 2246 excommunicationis,
1473 2205 1698 2249 suspensionis
1724 2210 1756 2238 et
1780 2204 1829 2238 in-

1082 2260 1222 2301 terdicti,
1239 2259 1376 2303 aliisque
1396 2258 1627 2292 ecclesiasticis
1644 2258 1828 2299 sententiis,

1081 2314 1227 2348 censuris
1248 2318 1280 2347 et
1305 2313 1433 2356 poenis,
1459 2323 1476 2346 a
1500 2313 1569 2346 iure
1594 2313 1644 2346 vel
1670 2313 1710 2346 ab
1729 2311 1831 2346 homi-

1117 2378 1128 2403 1
1152 2377 1191 2404 Ab
1211 2376 1368 2404 Alexandro
1390 2376 1447 2402 vlll
1468 2379 1556 2403 const.
1582 2376 1648 2403 edit.
1670 2382 1769 2410 iuncxc,
1786 2375 1830 2404 die

1083 2423 1114 2449 15
1133 2422 1240 2458 aprilis,
1265 2421 1361 2458 pontif.
1387 2428 1405 2453 ι,
1432 2429 1562 2448 concessa
1584 2421 1635 2448 fuit
1659 2421 1830 2456 indulgentia

1079 2467 1225 2494 stationum
1245 2467 1271 2493 in
1291 2469 1453 2502 perpetuum
1472 2465 1740 2493 confraternitatibus
1768 2466 1830 2493 bea-

1081 2515 1123 2539 tae
1142 2512 1245 2538 Mariae
1264 2511 1297 2538 de
1324 2510 1468 2544 Mercede;
1499 2514 1526 2538 et
1553 2510 1588 2538 ab
1617 2510 1669 2537 hoc
1698 2510 1828 2538 Pontifice

1080 2560 1166 2583 const.
1183 2555 1248 2583 edit.
1265 2562 1400 2588 MDccxvtt,
1417 2555 1460 2582 die
1480 2555 1496 2582 4
1515 2556 1633 2591 augusti,
1654 2555 1748 2591 pontif.
1763 2562 1827 2590 xvii,

1080 2600 1238 2628 conceditur
1252 2599 1423 2635 indulgentia
1437 2600 1465 2626 in
1479 2599 1548 2627 festo
1567 2600 1596 2627 S.
1615 2599 1763 2636 Raymundi
1779 2608 1827 2636 pro

341 2632 458 2666 Datum
476 2632 608 2675 Romae,
634 2635 721 2678 apud
745 2635 775 2669 S.
805 2636 948 2679 Petrum,
976 2636 1035 2671 sub
1054 2646 1061 2679 l
1079 2646 1202 2675 ecclesiis
1221 2645 1336 2674 fratrum
1357 2645 1390 2674 de
1409 2644 1544 2673 Mercede.

402 2695 483 2726 Bull.
498 2695 580 2729 Rom.
597 2712 632 2720 —
650 2698 712 2728 Vol.
727 2698 804 2728 XXI.
951 2701 984 2729 12

1754 208 1797 242 89
1846 218 1895 244 Αη.
1916 217 2031 245 (21703

1882 1025 1993 1051 Concedit,
2008 1027 2031 1047 ut

1847 1054 1867 1074 in
1883 1053 1976 1074 rubrica.
