2269 3203
275 214 325 242 An.
342 214 372 243 o.
395 214 462 242 1716
509 204 572 239 708

300 1015 423 1035 Clamulae.

471 264 616 298 censuris
634 269 665 298 et
678 266 804 309 poenis,
823 276 840 299 a
856 266 925 299 iure
943 266 992 299 vel
1013 266 1052 298 ab
1069 265 1213 306 homine,

470 317 583 360 quavis
600 318 773 352 occasione
799 320 847 352 vel
874 320 969 351 causa
989 319 1074 359 latis,
1093 318 1117 350 si
1144 318 1214 361 qui-

469 370 531 403 bus
550 373 798 414 quomodolibet
822 372 1000 405 innodatus
1027 372 1147 412 existit,
1173 371 1212 404 ad
1234 367 1236 376 ¹

471 423 621 457 effectum
652 425 874 468 praesentium
904 425 1068 458 dumtaxat
1099 434 1214 457 conse-

470 477 648 519 quendum,
682 478 798 510 harum
823 477 911 510 serie
942 476 1157 510 absolventes
1182 481 1213 509 et

469 529 655 563 absolutum
684 530 753 563 sore
779 535 973 570 censentes,
1000 529 1214 572 supplicatio-

470 582 565 615 nibus
605 582 673 616 eius
709 582 843 615 nomine
879 582 975 615 nobis
1012 592 1112 625 super
1148 582 1212 615 hoc

472 634 642 668 humiliter
666 635 828 678 porrectis
854 634 1022 673 inclinati,
1045 635 1211 668 decretum

470 687 718 731 praeinsertum,
739 688 932 721 auctoritate
954 688 1146 731 apostolica,
1166 693 1213 721 te-

470 750 551 773 nore
577 741 807 784 praesentium,
833 741 1052 784 approbamus
1078 746 1109 774 el.
1134 751 1211 774 con-

470 791 644 833 firmamus,
664 793 776 837 illique
796 794 992 827 inviolabilis
1010 793 1211 837 apostolicae

469 846 628 879 firmitatis
653 847 754 880 robur
780 847 969 880 adiicimus:
990 848 1077 880 salva
1104 852 1210 880 tamen

469 909 602 943 semper
626 900 657 932 in
684 900 872 943 praemissis
902 900 1092 933 auctoritate
1118 910 1211 944 prae-

471 952 553 985 fatae
578 953 846 996 Congregationis
872 953 1097 986 cardinalium.

513 1006 528 1049 ἓ
560 1005 592 1039 3.
613 1006 844 1046 neem-nentes,
867 1007 996 1040 easdem
1021 1011 1210 1049 praesentes

468 1058 595 1092 litteras
609 1069 737 1102 semper
750 1059 869 1099 firmas,
880 1059 1001 1092 validas
1018 1064 1050 1092 et
1066 1058 1211 1091 efficaces

469 1111 611 1144 existere
637 1116 669 1144 et
693 1112 786 1151 sore,
822 1122 962 1155 suosque
987 1111 1154 1155 plenarios
1181 1117 1212 1144 et

468 1164 615 1207 integros
641 1164 772 1198 effectus
798 1164 911 1198 sortiri
933 1170 965 1198 et
988 1164 1150 1205 obtinere,
1176 1175 1212 1197 ac

468 1216 550 1257 illis,
581 1217 620 1250 ad
649 1228 728 1261 quos
757 1222 884 1261 spectat
912 1222 944 1250 et
973 1228 1032 1260 pro
1064 1223 1211 1261 tempore

469 1270 744 1314 quandocumque
755 1271 926 1314 spectabit,
942 1271 1137 1314 plenissime
1152 1271 1212 1304 sus-

467 1323 599 1366 sragari,
627 1330 659 1357 et
685 1325 725 1357 ab
751 1324 797 1358 eis
829 1324 1013 1368 respective
1042 1324 1212 1358 inviolabi-

468 1376 544 1410 liter
577 1377 768 1419 observari,
808 1377 922 1421 sicque
957 1378 990 1410 in
1023 1377 1211 1420 praemissis

468 1440 528 1473 per
545 1440 770 1474 quoscumque
803 1430 929 1463 iudices
962 1430 1149 1463 ordinarios
1180 1436 1212 1463 et

469 1484 649 1526 delegatos,
677 1484 774 1516 etiam
793 1494 963 1517 causarum
989 1483 1102 1527 palatii
1135 1495 1212 1527 apo-

469 1536 575 1570 stolici
600 1536 785 1578 auditores,
809 1537 946 1570 iudicari
964 1536 1136 1570 etdesiniri
1158 1537 1211 1570 de-

468 1589 558 1629 here,
581 1599 618 1622 ac
635 1589 761 1623 irritum
782 1594 814 1622 et
837 1590 944 1629 inane,
982 1590 1008 1622 si
1036 1599 1129 1622 secus
1161 1599 1211 1622 su-

468 1653 528 1686 per
560 1643 610 1676 his
635 1654 652 1676 a
677 1654 851 1687 quoquam,
871 1643 981 1686 quavis
1006 1643 1210 1683 auctoritate,

469 1696 610 1729 scienter
628 1698 677 1730 vel
697 1697 897 1739 ignoranter,
916 1697 1090 1739 contigerit
1108 1702 1211 1730 atten-

469 1749 543 1782 tari.
578 1749 647 1782 Non
680 1750 883 1783 obstantibus
924 1749 1210 1783 constitutionibus

470 1807 502 1834 et
527 1803 789 1836 ordinationibus
809 1803 1010 1846 apostolicis,
1028 1804 1209 1847 ceterisque

470 1855 644 1888 contrariis
671 1856 946 1899 quibuscumque.

513 1908 627 1952 Datum
653 1907 792 1948 Romae,
820 1908 906 1952 apud
932 1907 963 1941 S.
992 1908 1123 1941 Mariam
1149 1908 1211 1940 Ma-

468 1961 594 2002 iorem,
625 1962 685 1994 sub
721 1962 843 1994 annulo
877 1961 1074 2001 piscatoris,
1102 1961 1153 1995 die
1175 1971 1209 1995 111

470 2014 550 2047 iunii
586 2024 743 2055 Muccxvi,
782 2013 996 2059 pontificatus
1026 2015 1130 2048 nostri
1155 2025 1211 2048 an-

469 2077 512 2101 no
537 2078 599 2102 XVI.

505 2128 566 2157 Dat.
587 2129 631 2158 die
651 2131 666 2158 3
687 2130 754 2157 iunii
778 2131 862 2164 1716,
883 2130 980 2166 pontif„
1003 2138 1074 2159 anno
1094 2137 1148 2159 xw.

763 2265 919 2300 CCXXIX.

470 2334 662 2370 Conceditur
688 2334 897 2378 indulgentia
925 2335 1078 2378 plenaria
1100 2343 1210 2377 perpe-

515 2392 571 2420 tua
601 2388 635 2420 in
668 2388 745 2430 festo
778 2388 808 2420 S.
834 2388 928 2421 Petri
953 2387 991 2419 de
1025 2386 1209 2420 Alcantara

510 2452 570 2485 pro
594 2441 734 2474 ecclesiis
761 2442 904 2483 fratrum
934 2440 1101 2473 Minorum
1129 2441 1208 2474 Con-

512 2494 717 2527 venluulium
728 2493 748 2526 ¹.

506 2565 517 2592 1
540 2564 612 2592 Haec
632 2564 797 2600 indulgentia
817 2572 865 2600 pro
885 2563 1007 2591 ecclesiis
1027 2564 1109 2591 totius
1129 2564 1207 2591 Ordi-

469 2609 510 2638 nis
537 2616 666 2638 concessa
690 2608 739 2637 fuit
759 2617 774 2637 a
794 2608 933 2637 Clemente
951 2609 975 2636 X
1004 2609 1112 2637 constit,
1135 2609 1207 2637 edita

1051 217 1148 241 mmm
1155 216 1232 240 RIUM
1257 216 1412 242 ROMANUM

1473 265 1608 293 Clemens
1630 265 1710 299 Papa
1728 265 1776 299 xl,

1369 314 1404 339 ad
1427 314 1606 345 perpetuam
1627 311 1674 337 rei
1694 309 1878 337 memoriam.

1300 374 1467 407 Iniunctae
1493 373 1588 406 nobis
1615 372 1768 406 divinitus
1795 372 1994 416 apostolicae

1256 427 1420 460 servitutis
1446 427 1527 460 ratio
1559 427 1715 470 postulat,
1745 431 1780 458 ut
1806 426 1992 459 caelestium

1256 490 1429 513 munerum
1466 481 1636 514 thesauros
1670 479 1907 522 dispensationi
1937 490 1994 512 no-

1256 538 1342 566 strae
1357 544 1374 566 a
1389 534 1524 567 Domino
1550 534 1693 567 creditos
1715 532 1856 566 fideliter
1880 543 1994 575 eroge-

1256 597 1334 626 mus,
1371 597 1443 619 cum
1476 588 1507 620 id
1539 588 1577 620 ad
1610 587 1792 630 augendam
1831 586 1864 619 in
1900 586 1994 619 terris

1234 640 1446 673 'Sanctorum
1477 641 1509 673 in
1544 640 1641 674 caelis
1677 649 1749 673 cum
1781 639 1910 673 Christo
1944 649 1994 672 re-

1233 715 1235 730 2
1256 693 1422 735 gnantium
1447 693 1700 733 venerationem,
1723 692 1993 735 excitandamque

1233 776 1235 782 ,
1256 750 1288 779 et
1311 746 1545 779 confovendam
1573 756 1650 789 erga
1675 745 1749 778 illos
1774 743 1918 777 fidelium
1941 744 1994 776 de-

1254 799 1430 838 votionem,
1449 809 1484 831 ac
1501 800 1541 832 ad
1566 799 1745 832 animarum
1764 799 1900 831 salutem
1922 807 1994 840 spe-

1232 877 1234 894 ,
1255 862 1361 885 ramus
1382 851 1413 884 in
1438 852 1574 885 Domino
1600 852 1816 895 profuturum.

1298 903 1368 947 §4-
1403 903 1700 948 Supplicationibus
1738 905 1848 947 itaque
1881 903 1992 936 dilecti

1254 955 1311 989 filii
1336 957 1487 989 moderni
1512 957 1735 1000 procuratoris
1755 956 1919 999 generalis
1937 956 1994 989 Or-

1256 1009 1340 1042 dinis
1366 1009 1500 1042 fratrum
1526 1009 1683 1043 Minorum
1703 1008 1805 1042 sancti
1831 1009 1994 1042 Francisci

1254 1062 1520 1096 Conventualium
1565 1068 1823 1105 nuncupatorum
1863 1062 1993 1096 nomine

1256 1115 1350 1148 nobis
1387 1126 1488 1159 super
1526 1116 1590 1149 hoc
1630 1116 1796 1149 humiliter
1835 1115 1994 1160 porrectis

1255 1167 1424 1207 inclinati,
1452 1179 1487 1201 ac
1513 1169 1552 1201 de
1585 1168 1823 1212 omnipotentis
1853 1168 1910 1201 Dei
1935 1168 1994 1201 mi-

1254 1221 1432 1254 sericordia
1465 1232 1501 1254 ac
1530 1221 1701 1255 beatorum
1727 1221 1812 1254 Petri
1841 1226 1872 1254 et
1903 1220 1993 1254 Pauli

1254 1275 1475 1317 apostolorum
1503 1275 1571 1308 eius
1599 1274 1790 1308 auctoritate
1814 1273 1939 1313 contisi,
1964 1284 1995 1306 o-

1255 1327 1383 1360 mnibus
1402 1333 1434 1361 et
1451 1328 1587 1370 singulis
1605 1328 1773 1371 utriusque
1791 1338 1887 1361 sexus
1905 1327 1992 1360 chri-

1255 1380 1447 1413 stifidelibus
1481 1391 1555 1414 vere
1580 1380 1824 1424 poenitentibus
1860 1385 1891 1413 et
1915 1390 1992 1414 con-

1256 1433 1348 1465 fessis
1367 1460 1374 1472 ,
1401 1444 1437 1466 ac
1463 1437 1554 1466 sacra
1579 1434 1809 1467 communione
1835 1432 1990 1474 refectis,

1255 1485 1309 1528 qui
1336 1485 1477 1529 aliquam
1496 1497 1531 1519 ex
1551 1486 1695 1520 ecclesiis
1714 1489 1994 1530 quorumcumque

1254 1543 1468 1571 conventuum
1487 1538 1563 1572 dicti
1584 1538 1723 1578 Ordinis,
1749 1544 1811 1571 tam
1830 1538 1991 1571 hactenus

1255 1591 1369 1623 erectis
1395 1601 1489 1634 quam
1517 1592 1549 1624 in
1579 1598 1745 1635 posterum
1770 1591 1993 1635 quandocum-

1254 1654 1316 1686 que
1342 1644 1514 1686 erigendis,
1542 1655 1577 1677 ac
1607 1645 1805 1687 ubicumque
1844 1644 1993 1677 locorum

1255 1696 1489 1737 existentibus,
1516 1698 1568 1731 die
1601 1698 1682 1731 festo
1707 1697 1738 1730 S.
1766 1697 1851 1731 Petri
1878 1698 1917 1730 de
1943 1697 1992 1730 Al-

1254 1755 1406 1791 cantara‚
1437 1762 1454 1783 a
1486 1751 1603 1794 primis
1634 1751 1777 1794 vesperis
1817 1761 1920 1794 usque
1953 1750 1993 1783 ad

1255 1813 1401 1835 occasum
1428 1804 1504 1837 solis
1531 1804 1593 1837 diei
1620 1803 1826 1843 huiusmodi,
1855 1802 1993 1846 singulis

1255 1856 1346 1888 annis
1365 1856 1482 1890 devote
1501 1857 1707 1896 visitaverint,
1727 1861 1757 1890 et
1774 1856 1818 1889 ibi
1836 1867 1894 1899 pro
1912 1855 1993 1888 chri·

1255 1909 1433 1942 stianorum
1469 1910 1653 1954 principum
1680 1909 1877 1950 concordia,
1915 1908 1993 1942 hae-

1256 1973 1363 1995 resum
1389 1963 1605 2006 extirpatione
1643 1974 1679 1996 ac
1713 1961 1842 1996 sanctae
1879 1961 1992 1995 matris

1254 2014 1417 2049 Ecclesiae
1436 2017 1643 2055 exaltatione,
1659 2016 1729 2060 pias
1745 2017 1783 2049 ad
1797 2016 1899 2049 Deum
1919 2025 1994 2059 pre·

1255 2079 1307 2102 ces
1332 2069 1514 2109 effuderint,
1540 2070 1719 2114 plenariam
1751 2069 1893 2103 omnium
1919 2078 1992 2112 pec-

1255 2128 1398 2157 catorum
1424 2134 1556 2157 suorum
1575 2123 1812 2166 indulgentiam
1830 2127 1861 2155 et
1881 2121 1991 2155 remis-

1255 2176 1380 2210 sionem
1407 2177 1661 2210 misericorditer
1696 2176 1728 2209 in
1753 2175 1888 2209 Domino
1914 2184 1992 2207 con-

1254 2230 1409 2264 cedimus.
1437 2229 1663 2263 Praesentibus
1688 2228 1857 2273 perpetuis
1876 2226 1990 2261 suturis

1255 2283 1455 2327 temporibus
1480 2283 1636 2316 valituris.

1251 2393 1366 2420 unetxx,
1387 2387 1429 2413 die
1452 2388 1477 2413 11
1504 2387 1577 2419 maii,
1597 2386 1692 2421 pontif.
1714 2394 1739 2420 1;
1768 2386 1833 2414 item
1853 2386 1887 2414 ab
1906 2387 1991 2414 Inno-

1251 2432 1338 2458 centio
1359 2431 1401 2457 xl1
1423 2436 1508 2458 const.
1537 2431 1579 2458 ed.
1601 2437 1718 2463 mcxcv,
1743 2430 1787 2458 die
1817 2432 1848 2458 18
1872 2430 1989 2466 augusti,

1251 2475 1344 2511 pontif.
1357 2482 1382 2508 v,
1395 2475 1446 2502 alia
1462 2475 1580 2510 plenaria
1596 2484 1644 2511 pro
1660 2475 1774 2502 ecclesia
1789 2476 1905 2503 civitatis
1920 2475 1993 2503 Assi-

1250 2521 1361 2553 siensis3
1379 2524 1405 2546 et
1420 2528 1435 2546 a
1449 2520 1593 2547 Benedicto
1608 2520 1667 2547 Xlll
1684 2525 1769 2547 const.
1782 2520 1825 2547 ed.
1844 2526 1990 2555 nincexx1v‚

1249 2565 1292 2591 die
1312 2564 1388 2597 iunii,
1409 2563 1504 2599 pontif.
1526 2571 1544 2598 1,
1566 2564 1611 2592 ubi
1632 2564 1665 2592 de
1680 2565 1883 2594 canonizatione
1898 2565 1928 2592 B.
1945 2564 1992 2592 Ca-

1251 2608 1375 2637 tharinae
1396 2616 1410 2636 a.
1431 2608 1556 2637 Bononia.

1999 216 2046 244 An.
2068 216 2097 245 C.
2119 217 2187 245 1716

2031 382 2153 406 Exordium.

2076 911 2189 932 contento

2004 937 2127 964 praedictae
2157 938 2189 960 in-

2004 964 2135 991 dulgentiam
