2269 3203
98 222 152 250 Αη.
173 220 200 248 C.
221 221 286 250 1712

291 270 350 303 suit
374 270 405 304 in
433 271 669 306 deliberatione
695 272 856 314 positum,
889 281 927 303 an
961 276 1029 303 tuto

291 324 329 357 ad
355 325 533 359 solemnem
559 324 835 358 canonizationem
854 324 888 357 B.
910 323 954 356 rii
975 323 1029 356 de-

291 377 394 410 veniri
420 383 538 421 posset.
567 379 653 411 Licet
681 382 787 410 autem
812 387 926 410 omnes
952 387 1029 408 una-
1050 396 1051 415 3

290 430 368 462 nimi
388 441 547 464 consensu
567 430 751 463 affirmative
771 429 1028 473 respondissent,

289 482 395 516 adbuc
421 489 547 524 tamen,
574 489 745 527 antequam
773 484 804 516 in
832 489 894 516 tam
929 482 1028 515 arduo

288 537 424 578 negocio
450 536 626 580 quidquam
642 537 907 576 decerneremus,
919 536 1026 569 denuo

288 589 421 633 superni
439 589 572 623 luminis
593 590 792 623 adiutorium
811 589 1026 632 expetendum

289 652 359 675 esse
385 643 580 676 censuimus.
609 644 651 676 Ac
675 643 897 686 postmodum,
922 642 1026 675 dictae

289 694 558 738 Congregationis
583 696 757 729 secretario
783 706 842 729 nec
867 705 930 729 non
955 705 1026 727 coa-

288 747 416 781 diutore
442 748 638 791 promotoris
664 748 738 781 fidei
764 748 890 787 accitis,
918 748 969 781 die
995 757 1026 780 tv

288 801 416 843 augusti
430 810 536 834 noccx
551 804 662 835 sancto
678 801 846 834 Dominico
863 800 1024 833 fundatori

286 853 415 887 Ordinis
451 854 714 888 Praedicatorum
751 856 863 893 sacra,
895 854 1047 903 beatum]

287 906 376 940 Pium
402 907 444 947 V,
471 918 536 941 non
565 914 626 941 tam
652 908 690 941 ad
717 918 835 941 novum
861 917 897 940 ac
934 909 1047 955 prae-fl

287 960 412 994 clarum
427 961 525 994 decus
550 961 684 1004 praefati
701 961 832 994 Ordinis
851 961 889 993 dc
908 959 1025 993 Catlio-

285 1014 345 1046 lica
370 1013 515 1047 Ecclesia
540 1015 661 1058 optime
694 1014 824 1053 meriti,
851 1024 946 1056 quam
985 1013 1023 1045 ad
1045 1005 1047 1038 Ῑ

285 1067 442 1100 maiorem
460 1066 562 1110 ipsius
581 1066 788 1110 Apostolieac
806 1066 898 1099 Sedis
919 1066 1024 1099 bono·
1045 1088 1047 1115 i

287 1128 353 1152 rern
378 1124 410 1153 et
435 1120 573 1163 gloriam
601 1119 858 1153 canonizandum
885 1124 917 1151 et
939 1119 1025 1151 inter

286 1172 419 1206 Sanctos
445 1173 654 1206 referendum
681 1182 751 1206 esse
778 1172 993 1205 decrevimus.

107 1234 276 1265 ‚Unantmecar-
332 1227 346 1270 ἓ
363 1226 417 1259 45.
438 1226 607 1269 Reliquum
625 1232 690 1260 erat
709 1232 744 1258 ut
764 1231 913 1259 accurata
931 1236 1025 1269 prae-

90 1261 276 1309 ἶίιῖωέῗιίἶέιῖῗὲῗῖἓ
286 1280 457 1312 missorum
467 1279 610 1312 omnium
620 1279 736 1312 relatio
747 1279 898 1312 universo
909 1278 970 1311 SR
978 1278 1023 1311 .Ε.

89 1317 178 1337 “mm
285 1332 495 1366 cardinalium
539 1332 678 1376 collegio
715 1332 755 1365 de
791 1342 881 1365 more
918 1331 1020 1365 fieret.

283 1385 375 1424 Quod
399 1396 471 1419 enm
497 1391 584 1419 recte
609 1385 815 1430 fideliterque
840 1385 1023 1429 praestitis-

283 1446 333 1474 set
356 1444 432 1474 tunc
456 1440 488 1473 in
515 1440 665 1473 humanis
690 1450 789 1482 agens
814 1440 920 1472 bonae
957 1449 1022 1474 nte-

282 1493 404 1526 moriae
428 1493 566 1526 loannes
590 1493 688 1526 Maria
712 1493 857 1526 eiusdem
883 1492 913 1525 S,
934 1491 1018 1524 RE.

283 1545 455 1578 cardinalis
482 1544 678 1579 Gabriellius
710 1551 934 1589 nuncupatus,
961 1555 1021 1588 pro

282 1598 459 1631 venerabili
474 1598 572 1631 fratre
583 1604 692 1632 nostro
707 1598 847 1642 Gaspare
865 1599 1021 1641 episcopo

282 1650 455 1684 Sabinensi
482 1650 585 1683 dictae
610 1650 641 1684 S.
657 1651 744 1684 RE.
772 1651 929 1685 cardinali
948 1650 1021 1684 Car-

283 1704 381 1747 pineo
406 1710 616 1748 nuncupato,
641 1705 807 1747 praefatae
837 1705 1021 1748 Congreget-

285 1757 381 1790 tionis
405 1757 580 1801 praesecto,
606 1763 682 1791 tunc
706 1763 904 1801 aegrotante,
923 1758 1020 1791 totius

282 1813 405 1844 summa
429 1821 601 1855 processus
627 1812 658 1844 in
685 1811 880 1845 consistorio
907 1817 1019 1845 nostro
1042 1845 1043 1853 ἶ

282 1870 428 1905 secreto,
455 1865 507 1898 die
533 1875 570 1898 xx
597 1865 707 1909 aprilis
731 1865 877 1908 proxime
895 1869 1021 1908 praete·
1041 1861 1043 1872 ⁴

281 1918 335 1950 riti
361 1918 483 1958 habito,
509 1919 606 1962 plene
630 1920 743 1959 relata,
772 1919 889 1962 reliqui
905 1929 1017 1952 omnes

281 1971 484 2011 cardinales,
509 1972 564 2015 qui
591 1977 667 2005 tunc
692 1973 847 2012 aderant,
872 1972 1017 2005 unanimi

279 2034 356 2059 voce
388 2025 542 2058 dixerunt
579 2025 639 2058 sibi
665 2027 797 2069 placere
834 2025 919 2068 quod
958 2036 1017 2058 nos

280 2077 319 2111 ad
345 2078 526 2111 solemnem
552 2077 636 2111 beati
662 2077 707 2110 Pii
734 2078 1017 2111 canonizationem

280 2131 520 2165 deveniremus.

103 2188 272 2237 „fflfflffiwffngnt
324 2185 340 2228 ᾗ
365 2185 419 2218 46.
446 2184 601 2224 Quocirca
626 2185 775 2229 sequenti
794 2186 924 2229 publico
942 2196 1018 2219 eon-

86 2221 409 2290 gffffijsscis'hor-sistorio
428 2265 435 2278 ‚
460 2237 492 2270 in
519 2248 583 2281 quo
609 2238 747 2272 dilectus
771 2238 855 2272 silius
888 2239 1019 2272 Marcel-

281 2291 366 2325 linus
391 2291 517 2332 Corius,
542 2292 635 2325 aulae
659 2297 789 2325 nostrae
809 2293 1018 2325 consistoria-

281 2343 320 2376 lis
345 2345 533 2385 advoeatus,
558 2355 618 2388 pro
637 2345 750 2379 eadem
769 2345 1017 2378 canonizatione

280 2396 464 2430 luculenter
486 2398 669 2441 peroravit,
696 2408 732 2431 ae
756 2397 889 2431 nomine
918 2397 1017 2431 totius

281 2448 411 2482 Ordinis
436 2450 710 2492 praedicatorum,
737 2457 771 2484 ut
796 2452 834 2485 ad
859 2462 928 2485 eam
947 2463 1019 2495 pro-

282 2502 470 2535 cederemus
487 2530 494 2543 ,
518 2504 686 2538 humiliter
711 2505 921 2549 supplicavit,
948 2515 1016 2544 nOS,
1039 2529 1041 2533 ⁴

282 2556 402 2587 attenta
424 2555 471 2587 rei
507 2557 682 2598 gravitate,
719 2557 898 2591 cardinales
919 2585 926 2598 ,
963 2569 1018 2601 pa-

283 2607 461 2647 triarchas,
492 2607 757 2653 archiepiscopos
785 2615 816 2643 et
842 2611 1015 2654 episcopos

919 222 1059 246 CLEMENS
1085 223 1117 246 Xl
1143 223 1190 247 1⁷1².

1709 218 1773 251 515

1051 277 1052 312 ζ
1074 271 1194 305 ibidem
1221 278 1409 316 praesentes
1435 274 1522 306 omni
1549 275 1644 307 animi
1677 281 1810 309 conten-

1050 313 1161 362 stione
1199 325 1316 358 hortati
1360 336 1468 359 sumus
1511 332 1546 359 ut
1582 327 1809 368 orationibus,

1050 370 1201 410 'ieiuniis
1228 383 1259 410 ct
1291 378 1506 422 eleemosynis
1544 379 1657 412 sedulo
1690 380 1812 412 incum-

1050 421 1051 425 ’
1072 429 1199 470 herent,
1224 441 1288 474 quo
1315 431 1420 464 divina
1447 432 1595 464 voluntas
1620 432 1737 464 clarius
1756 442 1812 464 no-

1071 483 1120 515 bis
1147 484 1358 517 elucesceret.

1114 536 1206 579 §22
1234 537 1355 570 Deinde
1389 538 1419 570 in
1453 538 1666 581 semipublico
1698 539 1807 572 eonsi-

1048 589 1186 631 ¹storio,
1213 591 1332 623 voeatis
1359 601 1424 623 non
1450 592 1554 624 solum
1580 591 1807 632 cardinalibus,

1048 636 1049 642 ¹
1070 643 1277 685 patriarchis,
1305 644 1563 687 archiepiscopis
1589 650 1620 677 et
1645 644 1808 688 episcopis

1047 691 1273 738 Ipraedietis,
1309 696 1366 729 scd
1392 697 1487 729 etiam
1514 697 1634 730 nostris
1661 703 1690 730 et
1716 697 1807 730 Sedis

1046 733 1048 797 l
1069 748 1276 791 Apostolicae
1302 750 1446 791 notariis,
1473 750 1707 793 protonotariis
1727 761 1810 784 nun·

1046 805 1048 850 l
1069 801 1202 844 cupatis,
1230 813 1267 834 ac
1291 802 1402 845 palatii
1425 803 1528 835 nostri
1547 803 1720 846 apostolici
1738 813 1810 836 cau-

1069 866 1174 888 sarum
1189 855 1391 888 auditoribus
1406 856 1445 889 de
1462 867 1552 889 more
1568 857 1808 900 praesentibus,

1069 910 1163 952 plura
1195 920 1211 942 a
1248 908 1341 941 nobis
1377 910 1416 942 de
1452 909 1569 942 eximia
1600 910 1686 943 beati
1713 910 1758 942 Pii
1785 909 1809 942 V

1069 962 1237 996 sanctitate
1274 974 1311 995 ac
1350 963 1515 996 miraculis
1555 968 1807 996 commemorata

1069 1016 1208 1049 suerunt.
1236 1016 1379 1059 Cumque
1403 1026 1516 1049 omnes
1541 1017 1743 1050 concorditer
1768 1018 1808 1050 ad

1068 1069 1137 1101 eius
1163 1070 1444 1103 canonizationem
1470 1070 1710 1102 deveniendum
1736 1080 1807 1103 esse

1045 1121 1047 1149 ἰ
1068 1122 1226 1164 suffragiis
1250 1122 1316 1155 suis
1341 1128 1452 1166 aperte
1478 1123 1702 1163 censuissent,
1731 1133 1805 1163 nos,

1069 1176 1212 1208 unanimi
1239 1186 1351 1208 eorum
1378 1186 1539 1209 consensu
1564 1176 1675 1209 audito
1697 1204 1704 1216 ‚
1732 1187 1808 1220 ape-

1068 1229 1191 1262 ruimus
1206 1235 1398 1262 osnostrum
1413 1230 1444 1262 in
1458 1230 1756 1271 benedictionibus,
1770 1241 1807 1263 ae

1068 1282 1122 1315 Dci
1149 1289 1262 1316 nutum
1288 1289 1319 1316 et
1336 1284 1535 1316 voluntatem
1555 1284 1666 1323 secuti,
1686 1283 1807 1317 iustum

1068 1341 1099 1368 et
1114 1336 1255 1370 debitum
1278 1346 1350 1369 esse
1366 1342 1546 1377 censentes,
1562 1343 1606 1377 ut,
1625 1347 1706 1381 qnos
1724 1337 1806 1370 Deus

1068 1388 1210 1422 honorat
1235 1388 1266 1421 in
1292 1389 1412 1429 caelis,
1440 1400 1498 1422 nos
1524 1390 1743 1424 venerationis
1763 1391 1808 1424 os-

1067 1441 1138 1475 ficio
1157 1442 1325 1475 laudemus
1345 1447 1376 1475 et
1392 1442 1610 1485 glorificemus
1633 1443 1665 1475 in
1697 1443 1803 1483 terris,

1067 1495 1151 1528 diem
1189 1496 1404 1529 celebrandae
1435 1496 1691 1529 canonizationis
1724 1497 1807 1530 indi-

1067 1549 1194 1589 ximus,
1220 1554 1355 1582 eunctos
1381 1549 1543 1582 adhortati
1570 1555 1604 1582 ut
1626 1548 1657 1582 in
1683 1551 1806 1583 cratio-

1065 1603 1171 1642 nibus,
1192 1602 1322 1635 ieiuniis
1355 1608 1385 1635 et
1410 1603 1626 1646 eleemosynis
1652 1613 1806 1646 perseve—

1066 1661 1175 1688 rantes
1200 1655 1341 1698 Spiritus
1367 1655 1476 1704 Sancti
1510 1655 1644 1697 gratiam
1674 1661 1804 1689 nostrae

1066 1708 1239 1741 humilitati
1258 1708 1289 1740 in
1308 1713 1371 1740 tam
1390 1707 1452 1741 alto
1470 1708 1608 1752 negocio
1628 1708 1804 1752 impetrare

1064 1762 1248 1795 studerent.

1108 1816 1122 1858 g
1148 1814 1201 1848 48.
1229 1815 1376 1855 Demum,
1397 1815 1536 1858 peractis
1555 1816 1706 1849 omnibus
1721 1827 1803 1860 quae

1064 1879 1100 1901 cx
1126 1873 1313 1902 sanctorum
1340 1869 1468 1901 Patrum
1504 1869 1693 1902 auctoritate
1711 1897 1718 1910 ,
1754 1880 1804 1903 ca-

1063 1921 1189 1954 nonicis
1214 1921 1458 1961 sanctionibus,
1485 1922 1515 1954 S.
1544 1922 1580 1954 Γι.
1608 1922 1641 1954 Ε.
1670 1922 1803 1966 antiqua

1040 1994 1042 2012 t
1063 1975 1322 2014 consuetudine,
1349 1985 1386 2008 ac
1411 1985 1568 2008 novorum
1595 1976 1801 2009 decretorum

1062 2027 1262 2071 praescripto
1288 2028 1414 2071 agenda
1432 2033 1463 2060 et
1481 2028 1682 2062 observanda
1697 2035 1801 2069 erant,

1063 2080 1180 2121 bodie,
1209 2081 1271 2113 boc
1297 2086 1344 2113 est
1371 2081 1452 2114 sesto
1477 2081 1529 2114 SSi
1559 2081 1741 2123 Trinitatis,
1769 2083 1802 2115 in

1063 2136 1269 2168 sacrosancta
1294 2134 1327 2166 B.
1356 2134 1442 2167 Petri
1461 2135 1685 2178 apostolorum
1710 2136 1802 2179 prin-

1062 2187 1142 2230 cipis
1168 2187 1310 2228 basilica,
1337 2188 1368 2219 in
1396 2199 1458 2232 qua
1482 2189 1621 2221 solemni
1646 2189 1708 2222 ritu
1728 2200 1802 2222 cum

1062 2239 1294 2280 cardinalibus,
1320 2240 1525 2284 patriarchis,
1544 2241 1800 2285 archiepiscopis

1062 2299 1093 2326 et
1118 2293 1281 2337 episcopis
1302 2293 1507 2337 supradictis,
1527 2304 1654 2327 necnon
1674 2295 1802 2327 dilectis

1062 2346 1135 2379 filiis
1161 2347 1324 2380 Romanae
1349 2346 1464 2379 Curiae
1490 2347 1641 2390 praelatis
1668 2353 1697 2381 et
1734 2348 1803 2380 offi-

1061 2399 1197 2433 cialibus
1223 2405 1254 2433 et
1285 2399 1498 2433 familiaribus
1531 2401 1677 2441 nostris,
1715 2402 1801 2434 clero

1061 2452 1218 2486 saeculari
1245 2458 1277 2485 et
1297 2453 1451 2495 regulari,
1480 2464 1516 2486 ac
1531 2453 1668 2486 maxima
1686 2453 1800 2496 populi

1063 2505 1245 2548 frequentia
1268 2515 1363 2538 mane
1389 2505 1619 2545 convenimus,
1644 2512 1718 2549 post
1751 2516 1801 2538 re-

1038 2557 1176 2619 lpemas
1201 2568 1218 2590 a
1244 2557 1364 2590 dilecto
1390 2556 1458 2590 silio
1491 2563 1602 2590 nostro
1640 2558 1798 2590 Annibale

1060 2610 1090 2642 S.
1108 2610 1143 2643 R.
1160 2609 1194 2643 E.
1224 2611 1359 2645 diacono
1385 2611 1541 2645 cardinali
1568 2612 1692 2645 Albano
1718 2621 1801 2644 nun=

1820 227 1871 254 Λη.
1892 227 1921 255 G.
1941 227 2006 255 t‘m

1849 551 1868 571 Ιη
1902 553 2007 571 ρηηῑιῠη-

1821 578 1851 597 Γῆν.
1868 579 2006 604 semiputdtco

1821 604 1865 625 dies
1896 610 2007 625 canonin-

1821 633 1884 653 uenis
1898 633 2005 654 indicitur.

1831 1823 2001 1847 canonizationis

1815 1851 1944 1873 sotei-annas.
