2269 3203
250 244 300 271 An.
317 242 345 270 c.
364 241 434 270 1074
479 233 545 267 214

281 1635 310 1658 De
326 1635 429 1658 defunctis

248 1664 357 1684 :umorum
393 1663 428 1684 do·

247 1694 320 1711 Ckflssfl·

444 292 506 325 tius
533 291 627 326 tacita
652 291 868 336 permissione
892 291 924 324 in
943 291 1054 324 eodem
1076 291 1181 323 rituali

444 350 477 378 et
499 345 576 379 alibi
603 356 620 378 a
646 345 778 389 privatis
812 344 1001 378 doctoribus
1026 344 1179 376 insertae.

443 398 668 432 Communiter
692 405 799 431 autem
825 409 862 431 eo
887 398 988 440 magis
1013 397 1125 429 felices
1148 407 1183 428 ac

444 452 624 486 fortunatos
649 463 681 485 se
708 452 777 485 sore
809 456 925 496 putant
957 455 1009 483 aut
1034 455 1181 493 sperant,

444 516 508 549 quo
533 506 647 538 maiori
682 506 802 549 pietate
834 516 870 538 ac
906 504 1076 546 diligentia
1106 503 1182 536 soli-

443 559 483 591 tis
500 559 613 592 officiis
628 570 703 601 erga
717 559 876 601 praefatos
892 557 1064 590 defunctos
1083 557 1180 589 suncti

443 612 574 645 suerint.
586 612 627 644 Ex
640 611 775 644 classico
794 610 902 643 rituali
920 610 1015 642 etiam
1032 610 1181 650 liabetur,

443 665 541 708 quod,
559 665 591 697 in
610 664 735 697 alendis
749 663 944 696 animalibus
968 663 1006 696 ad
1023 674 1115 696 usum
1135 673 1182 696 sa-

442 717 636 751 crificiorum
653 722 718 750 tum
735 717 832 760 Xanq
854 716 901 758 Ti,
928 721 992 749 tum
1010 716 1180 760 spiritibus

443 770 603 811 omnibus,
629 770 724 803 etiam
750 770 1009 813 progenitorum,
1030 770 1063 802 in
1081 775 1182 803 teme-

441 823 498 856 lis¹
521 828 553 856 et
569 824 648 856 locis
666 823 788 856 eisdem
809 824 988 868 respective
1006 823 1119 857 dicatis
1136 824 1182 857 os-

441 877 650 911 serendorum
675 877 844 911 destinatis
861 905 868 919 ‚
899 878 1027 921 imperii
1051 878 1180 910 urbium

441 930 613 973 praesectis
639 930 677 964 de
703 931 855 964 mandato
880 931 971 974 regio
997 931 1179 964 iniunctum

441 983 482 1016 sit
502 989 537 1016 ut
561 994 691 1016 omnem
717 994 825 1016 curam
852 984 1051 1024 adhibeant,
1077 995 1181 1028 popu-

440 1036 546 1079 lisque
563 1036 594 1069 id
613 1037 719 1080 ipsum
736 1038 903 1078 suadeant,
923 1048 960 1070 eo
975 1038 1062 1081 quod
1080 1038 1118 1070 ad
1138 1038 1181 1070 fe-

439 1089 578 1123 licitates
602 1100 662 1133 pro
684 1090 807 1123 eisdem
823 1092 955 1134 populis
976 1091 1132 1134 petendas
1148 1091 1180 1123 in

440 1143 534 1176 dictis
558 1143 782 1176 oblationibus
806 1143 914 1177 offerri
934 1145 1085 1178 debeant.
1102 1145 1179 1178 Item

439 1209 475 1230 ex
502 1198 646 1231 classicis
671 1198 843 1231 ritualibus
863 1200 958 1242 plura
982 1199 1178 1236 reseruntur„

438 1251 524 1284 unde
552 1251 669 1284 deduci
695 1252 822 1284 videtur
846 1252 999 1285 Sinenses
1026 1262 1092 1285 non
1115 1258 1181 1285 tan-

439 1308 505 1336 tum
522 1314 538 1337 a
556 1304 653 1347 Xany
675 1304 722 1345 Ti,
744 1305 881 1347 aliisque
897 1304 1078 1348 spiritibus,
1095 1316 1181 1337 mon-

437 1357 519 1390 tium
554 1357 697 1398 scilicet,
730 1357 920 1398 fluminum,
949 1363 1032 1398 etc.;
1069 1369 1179 1391 verum

439 1410 534 1445 etiam
560 1422 578 1445 a
606 1410 773 1455 spiritibus
800 1411 1029 1444 defunctorum
1047 1412 1180 1445 felicita-

440 1469 488 1498 tes
499 1464 656 1509 plurimas
672 1465 808 1498 concedi
822 1465 862 1498 oh
874 1465 1033 1509 praefatas
1047 1465 1181 1499 oblatio-

439 1528 498 1551 nes
522 1518 606 1551 bene
633 1524 782 1562 peractas
815 1519 978 1559 docuisse,
1000 1520 1179 1553 credidisse

440 1572 479 1605 ab
496 1572 631 1615 antiquo
656 1577 813 1616 tempore,
833 1578 886 1605 aut
903 1574 1016 1606 saltem
1035 1572 1177 1606 finxisse.

483 1624 543 1663 Qui
568 1636 645 1659 vero
670 1626 876 1659 atheisticam
902 1627 1081 1660 doctrinam
1108 1639 1182 1671 pro-

439 1678 573 1712 fitentur
598 1685 630 1712 et
658 1686 862 1723 sequuntur,
888 1681 964 1714 licet
995 1682 1180 1715 eorumdem

440 1732 611 1776 spirituum
626 1732 831 1765 existentiam
846 1739 977 1776 negent,
989 1739 1093 1767 tamen
1109 1746 1182 1777 qua-

441 1786 514 1819 dam
550 1786 694 1819 motione
732 1786 931 1830 sympathica
962 1798 1020 1830 per
1045 1788 1182 1831 disposi-

441 1839 564 1872 tionem
594 1839 750 1872 ministris
775 1841 814 1872 ad
849 1840 1095 1874 sacrificandum
1132 1843 1180 1875 vel

441 1892 645 1925 offerendum
684 1893 917 1937 praescriptam
958 1894 1039 1926 caeli
1075 1897 1182 1927 aerem

441 1945 679 1986 tenuissimum,
697 1946 728 1978 in
746 1957 841 1990 quem
869 1947 1095 1980 defunctorum
1117 1947 1182 1991 spi-

441 1998 522 2032 ritus
546 1999 665 2033 resolvi
692 2004 851 2040 asserunt,
877 2000 1032 2033 concitari
1060 2011 1095 2033 ac
1114 2011 1183 2034 mo-

441 2053 508 2087 veri
533 2059 564 2087 et
588 2054 829 2098 quodammodo
855 2054 973 2087 attrahi
1011 2054 1049 2087 ad
1086 2056 1182 2088 obla-

443 2106 566 2140 tionem
582 2107 849 2149 insinuant,unde
862 2107 1027 2141 beneficos
1042 2108 1181 2142 influxus

443 2170 521 2203 erga
544 2161 719 2194 offerentes
736 2161 969 2205 adstantesque
987 2172 1182 2204 promanare

443 2215 571 2248 docent.
591 2214 682 2254 Quod
699 2215 838 2248 infertur
865 2215 961 2248 etiam
984 2227 1021 2249 ex
1044 2216 1082 2249 iis
1101 2227 1182 2260 quae

442 2267 603 2301 habentur
628 2268 660 2301 in
694 2268 845 2302 extractis
879 2279 915 2301 ex
953 2269 1038 2302 libro
1063 2270 1114 2302 cui
1145 2270 1183 2303 ti-

442 2321 528 2354 tulus
564 2321 738 2364 Confucius
769 2321 928 2355 Sinarum
958 2322 1181 2366 philosophus,

443 2379 475 2407 et
488 2384 545 2417 per
562 2380 668 2418 patres
685 2374 854 2408 Societatis
867 2375 983 2407 iterum
1001 2375 1179 2419 impressis,

444 2437 481 2460 ac
497 2427 529 2459 in
554 2438 652 2471 parvo
674 2428 785 2462 libello
804 2438 913 2461 sacrae
930 2427 1181 2471 Congregationi

444 2479 573 2514 oblatis.
610 2481 752 2515 Tandem
784 2481 922 2525 praefati
953 2481 1058 2522 athei,
1085 2487 1182 2526 prout

445 2533 571 2577 antiqui
597 2544 728 2575 omnes,
755 2535 813 2568 sub
838 2535 969 2568 nomine
998 2534 1087 2578 Quey
1113 2536 1182 2569 Xin

483 2605 494 2631 1
517 2604 565 2631 Vel
594 2605 725 2640 templis,
747 2605 787 2633 vel
813 2605 971 2640 thematis,
991 2613 1088 2641 graece
1115 2610 1184 2639 θαμά-

448 2652 504 2678 λιοις
522 2650 562 2684 (R.
582 2650 632 2685 ⁵12).

1028 240 1206 265 BULLARIUM
1229 239 1386 264 Romnum
1969 239 2023 267 An.
2038 239 2068 268 c.
2090 239 2158 268 17οι

1227 289 1359 332 spiritus
1384 299 1496 323 omnes
1514 290 1611 322 etiam
1628 289 1870 329 defunctorum,
1886 289 1964 322 dum

1227 343 1379 385 generice
1413 353 1468 376 eos
1498 343 1671 385 designare
1710 343 1758 375 vel
1796 342 1964 375 nominare

1224 397 1347 435 volunt,
1375 397 1668 440 comprehendunt,
1691 401 1722 428 ct
1747 396 1786 428 de
1812 395 1965 438 praefatis

1227 449 1315 492 Quey
1340 449 1408 482 Xin
1429 450 1581 492 generice
1607 450 1706 482 multa
1731 450 1900 492 praeclara
1917 459 1966 482 re-

1225 502 1344 542 ferunt,
1358 503 1468 546 sicque
1482 503 1612 546 populis
1627 513 1703 545 erga
1721 503 1795 535 illos
1812 502 1965 535 timorem

1223 555 1346 597 pariter
1371 561 1402 588 et
1422 556 1579 589 honorem
1606 556 1741 588 suadent
1765 555 1823 598 (L).

1264 618 1304 654 (L)
1326 619 1477 656 Maerens,
1499 619 1575 648 Hist.
1597 619 1691 647 India.
1714 628 1782 656 pag.
1807 618 1872 646 100.

1264 673 1370 702 Smffln.
1387 676 1462 711 part.
1484 683 1503 702 1.
1527 683 1590 711 cap.
1612 683 1714 710 cxvm,
1734 682 1803 711 pag.
1828 673 1893 710 101,
1915 672 1965 701 ubi

1223 723 1323 750 tamen
1346 724 1437 760 negat
1459 731 1521 751 esse
1542 722 1659 760 proprie
1681 721 1834 750 sacrificia.

1264 776 1418 805 ALEXAND.
1431 786 1467 805 nr.
1478 777 1606 813 Rnoons,
1622 776 1670 805 lib.
1683 785 1880 815 1‚cap.xxv11,
1895 784 1964 814 pag.

1224 825 1260 853 88
1283 827 1312 853 et
1335 826 1382 862 89,
1404 825 1454 863 qui
1475 825 1605 863 loquitur
1627 825 1662 854 de
1684 825 1849 854 Tunchino.

1264 878 1309 906 Dr:
1331 879 1440 916 Mnus,
1464 879 1512 908 lib.
1534 889 1553 917 1,
1576 889 1639 918 cap.
1664 889 1733 917 mv,
1756 879 1804 908 fol.
1828 879 1893 918 155,
1915 878 1965 917 qui

1223 927 1333 965 pariter
1353 927 1483 965 loquitur
1504 928 1541 957 de
1562 928 1727 957 Tunehino.

1269 985 1402 1018 Praeter
1426 985 1609 1028 praedictas
1634 986 1796 1018 solemnes
1825 985 1964 1019 oblatio·
2000 992 2160 1014 Deobtationi-

1974 1020 2012 1040 bus
2028 1021 2094 1040 minus
2105 1020 2159 1041 solu·

1224 1048 1293 1077 nes,
1310 1048 1392 1081 quae
1407 1037 1487 1070 fiunt
1503 1038 1535 1070 in
1559 1038 1719 1071 honorem
1737 1038 2100 1094 defunctorumfflhume
2114 1047 2159 1068 riti-

1224 1091 1491 1134 progenitorum‚
1518 1091 1599 1125 aliae
1625 1092 1723 1125 etiam
1746 1092 1854 1125 minus
1878 1094 1963 1126 sole·
2015 1089 2021 1097 ’

1224 1155 1316 1177 mnes
1341 1145 1539 1184 oblationes,
1566 1155 1696 1178 necnon
1721 1145 1775 1178 alii
1812 1145 1891 1179 ritus
1927 1156 1964 1179 ac

1224 1199 1450 1231 caeremoniae
1470 1198 1592 1231 eisdem
1610 1199 1641 1231 in
1660 1199 1796 1232 aedibus
1812 1209 1867 1231 seu
1885 1204 1966 1232 tem-

1224 1251 1286 1294 plis
1311 1251 1447 1284 diversis
1472 1252 1547 1284 anni
1573 1252 1787 1294 temporibus,
1814 1263 1965 1295 praeser-

1223 1305 1279 1336 tim
1304 1305 1407 1347 prima
1433 1305 1484 1337 die
1509 1304 1584 1337 anni
1610 1305 1726 1344 sinici,
1753 1305 1785 1337 in
1818 1305 1965 1338 solstitiis

1224 1368 1260 1390 ae
1285 1357 1422 1400 singulis
1447 1357 1625 1397 mensibus,
1651 1357 1686 1390 in
1710 1357 1878 1391 novilunio
1903 1358 1965 1391 sci-

1222 1411 1579 1454 licetetplenilunio‚in
1595 1411 1757 1444 honorem
1772 1412 1964 1444 eorumdem

1223 1464 1448 1498 defunctorum
1468 1464 1537 1497 fieri
1556 1465 1674 1497 solent.
1694 1464 1737 1497 De
1752 1464 1872 1507 quibus
1890 1464 1966 1498 licet

1222 1518 1362 1551 vicarius
1389 1517 1591 1560 apostolicus
1615 1517 1751 1560 Maigrot
1782 1517 1966 1561 specificam

1223 1572 1423 1605 mentionem
1441 1582 1504 1604 non
1519 1571 1643 1611 fecerit,
1658 1571 1812 1615 expedire
1829 1571 1964 1612 videtur,

1224 1626 1265 1658 ob
1291 1625 1449 1658 rationem
1468 1635 1565 1668 supra
1581 1625 1711 1657 allatam
1737 1625 1792 1657 ubi
1818 1625 1857 1658 de
1876 1625 1966 1658 ohla-

1226 1679 1366 1712 tionibus
1384 1679 1491 1711 minus
1505 1678 1707 1712 solemnibus
1727 1678 1882 1712 Consucio
1895 1678 1963 1711 fieri

1224 1733 1328 1765 solitis
1354 1732 1484 1774 agitur,
1511 1737 1547 1763 ut
1572 1732 1669 1764 etiam
1695 1731 1837 1775 speciale
1870 1741 1967 1775 quae-

1225 1787 1321 1819 situm
1346 1786 1399 1818 hic
1423 1785 1619 1826 instituatur,
1647 1786 1734 1818 unde
1755 1796 1763 1818 τ

1269 1849 1317 1872 111.
1358 1838 1549 1878 Quaeritur,
1577 1849 1616 1871 an
1653 1838 1842 1871 christianis
1871 1838 1966 1871 liceat

1224 1893 1257 1925 in
1283 1893 1436 1936 praefatis
1461 1892 1597 1925 aedibus
1622 1901 1676 1924 seu
1702 1892 1834 1934 templis
1855 1901 1966 1935 supra-

1225 1945 1326 1978 dictas
1341 1945 1522 1978 oblationes
1539 1944 1643 1977 minus
1658 1945 1821 1978 solemnes
1835 1945 1964 1985 offerre,

1225 2000 1258 2032 in
1284 2000 1329 2033 eis
1354 1999 1551 2039 ministrare,
1571 2009 1626 2031 seu
1651 1998 1901 2041 quomodolibet
1917 1997 1967 2031 in-

1225 2053 1356 2094 servire,
1382 2062 1510 2086 necnon
1535 2051 1616 2085 alios
1642 2051 1725 2084 ritus
1746 2057 1778 2085 et
1802 2062 1967 2086 caeremo—

1225 2107 1296 2140 nias
1321 2117 1491 2150 peragere.

1269 2161 1362 2194 Ratio
1388 2160 1569 2201 dubitandi,
1586 2164 1715 2203 praeter
1730 2170 1767 2193 ea
1785 2170 1867 2203 quae
1882 2159 1967 2193 dicta

1225 2221 1299 2249 sunt
1324 2216 1357 2248 in
1382 2214 1544 2258 superiori
1569 2214 1696 2247 ratione
1721 2213 1760 2246 ad
1782 2213 1966 2257 quaesitum

1224 2274 1377 2313 respectu
1403 2269 1624 2312 praefatorum
1649 2267 1887 2307 defunctorum,
1907 2272 1966 2307 est,

1225 2322 1301 2366 quia
1325 2321 1524 2365 supradictis
1542 2319 1744 2363 temporibus
1762 2319 1967 2352 uniuscuius-

1224 2386 1286 2420 que
1311 2375 1455 2408 familiae
1480 2383 1642 2417 personae
1667 2372 1837 2416 utriusque
1856 2383 1964 2414 sexus,

1224 2430 1263 2462 ad
1289 2439 1367 2472 quas
1385 2428 1471 2460 iuxta
1488 2426 1724 2470 praescriptum
1742 2426 1776 2459 in
1793 2426 1965 2460 ritualibus

1223 2482 1344 2522 sinicis,
1370 2491 1406 2513 ac
1430 2479 1605 2524 praecipue
1629 2479 1662 2512 in
1688 2479 1798 2512 rituali
1822 2480 1891 2513 Kia
1906 2479 1964 2523 Ly,

1225 2546 1263 2569 ex
1288 2534 1394 2568 officio
1420 2539 1554 2578 spectat,
1576 2544 1702 2567 summo
1727 2544 1823 2567 mane
1847 2533 1966 2566 debitis

1224 2599 1261 2622 ao
1278 2587 1437 2632 speciosis
1453 2586 1597 2620 vestibus
1617 2586 1758 2628 indutae,
1777 2587 1874 2620 aedes
1891 2595 1967 2629 pro-

1225 2641 1426 2686 genitoribus
1451 2640 1586 2683 dicatas‚
1612 2651 1647 2675 ac
1672 2640 1778 2684 pridie
1795 2650 1856 2684 pro
1873 2649 1964 2674 more
