2269 3203
237 226 290 253 An.
308 226 337 253 e.
355 226 423 253 1718
470 217 533 251 798

431 282 638 320 nuncupatae
664 277 696 310 in
723 278 926 320 collegialem
954 288 1008 311 seu
1028 287 1168 310 conven-

430 330 615 363 ventualem
641 331 805 373 predictae
831 331 961 363 Militiae
999 329 1167 362 ecclesiam

431 387 464 413 nt
488 383 669 425 praefertur
695 386 801 416 erecta
823 389 854 416 et
883 384 978 416 domo
1008 382 1061 425 pia
1078 392 1169 424 prae—

431 435 523 467 dictis
559 438 746 479 opportuna
778 435 1092 474 dismembratione,
1126 434 1168 466 ita

431 488 517 530 quod
544 488 641 521 liceat
665 489 794 521 Militiae
814 488 997 531 praedictae
1016 487 1167 529 illiusque

431 541 597 574 modernis
623 551 741 583 magno
760 541 913 583 magistro
932 550 987 573 seu
1008 545 1168 582 perpetuo

431 594 686 627 administratori
712 605 749 627 ac
773 594 934 626 militibus
960 593 1167 633 huiusmodi,

429 657 490 690 per
516 658 550 680 se
576 648 664 690 ipsos
689 648 738 680 vel
766 647 859 687 alios,
878 657 991 680 eorum
1018 651 1049 679 et
1073 657 1169 689 prae-

431 700 533 733 dictae
560 700 692 733 Militiae
717 700 916 740 nominibus,
945 700 1076 739 realem,
1100 709 1169 732 cor-

429 754 575 796 poralem
603 759 633 786 et
660 755 819 786 actualem
838 751 1099 797 proprietatem¹‚
1118 763 1169 785 re-

429 816 510 847 rum,
536 806 755 850 praediorum,
782 816 946 847 censuum,
965 806 1167 849 aliorumque

428 859 546 892 iurium
573 864 605 892 et
628 859 788 892 bonorum
814 859 1040 892 universorum
1063 869 1168 902 respe-

428 913 509 946 ctive
530 913 772 956 praedictorum
790 913 1051 957 possessionem,
1065 913 1168 945 cuius-

427 966 472 999 vis
506 967 635 1000 licentia
671 967 810 1010 desuper
844 967 975 999 minime
1001 966 1165 1009 requisita,

428 1021 560 1063 propria
575 1020 766 1053 auctoritate
788 1020 888 1053 libere
906 1020 1166 1063 apprehendere,

429 1080 460 1105 et
477 1074 716 1117 apprehensam
736 1079 892 1116 perpetuo
907 1073 1075 1115 retinere),
1093 1083 1168 1105 nec-

427 1135 492 1157 non
518 1135 630 1158 omnes
650 1130 680 1157 et
695 1125 841 1166 singulos
860 1125 993 1164 fructus,
1012 1124 1166 1164 redditus,

426 1183 604 1221 proventus
621 1184 652 1211 et
665 1177 887 1218 obventiones,
899 1188 933 1210 ac
948 1179 1167 1210 emolumenta

427 1241 653 1274 quaecumque
679 1241 714 1264 ex
742 1230 788 1263 eis
822 1231 1003 1273 respective
1029 1240 1167 1273 quomo-

427 1284 550 1317 dolibet
575 1285 798 1328 provenientia
824 1284 921 1327 (quae
955 1283 1064 1316 onmia
1089 1283 1166 1315 insi—

426 1339 505 1378 mul,
533 1338 680 1371 deductis
706 1337 857 1371 omnibus
890 1342 921 1369 ct
945 1336 1084 1379 singulis
1114 1346 1166 1369 ec-

427 1392 547 1425 clesiae
581 1393 616 1425 B.
644 1392 761 1425 Mariae
794 1390 883 1423 della
912 1391 1055 1423 Steccaea
1083 1401 1166 1422 nun-

426 1450 561 1487 cupatae
588 1445 620 1478 in
646 1445 851 1487 collegialem
886 1454 942 1477 seu
968 1448 1166 1477 conventua-

426 1497 488 1530 lem
515 1498 619 1531 dictae
634 1498 765 1531 Militiae
783 1497 956 1531 ecclesiam
971 1503 1005 1530 ut
1021 1497 1165 1540 praeser-

427 1555 477 1583 tur
501 1557 628 1585 erectae
650 1563 685 1585 ac
701 1552 815 1585 domus
834 1551 908 1595 piae
923 1551 1164 1594 praedictarum

427 1605 605 1648 respective
623 1605 790 1646 oneribus,
807 1605 844 1637 ad
863 1605 1062 1648 praedictam
1084 1615 1165 1637 sum-

426 1669 510 1691 mam
538 1659 790 1702 quingentorum
805 1659 1009 1702 septuaginta
1028 1659 1164 1692 duorum

426 1712 617 1745 ducatorum
652 1712 718 1744 auri
754 1713 793 1745 de
819 1712 951 1745 Camera
978 1713 1164 1746 huiusmodi

425 1764 556 1798 circiter
581 1765 756 1806 annuatim,
776 1770 810 1797 ut
832 1765 1025 1808 praefertur,
1044 1776 1161 1798 ascen-

426 1817 522 1858 dunt;
541 1829 623 1861 quae
646 1817 754 1851 omnia
781 1824 812 1851 ct
837 1818 963 1861 singula
983 1819 1163 1861 respective

425 1880 526 1903 onera
552 1871 718 1913 praedicta
744 1871 879 1913 integre,
899 1876 932 1904 et
951 1871 1071 1914 absque
1097 1872 1164 1904 ulla

424 1933 558 1966 prorsus
584 1924 713 1957 illorum
740 1923 958 1957 diminutione
989 1929 1163 1967 quantum-

424 1976 471 2008 vis
496 1976 646 2017 minima,
674 1987 805 2020 semper
831 1982 862 2009 et
895 1981 1055 2020 perpetuo
1087 1987 1163 2020 sup-

424 2029 547 2072 portari
573 2035 603 2062 et
628 2029 816 2072 adimpleri,
843 2040 971 2062 necnon
997 2030 1105 2063 omnia
1130 2034 1162 2062 et

427 2081 555 2124 singula
581 2082 845 2125 iurapatronatus
868 2082 1113 2122 beneficiorum,
1129 2082 1161 2114 in

424 2135 592 2177 praedicta
618 2135 753 2168 ecclesia
778 2137 813 2169 B.
837 2136 953 2169 Mariae
979 2135 1067 2168 <tella
1083 2135 1161 2169 Seec-

424 2192 496 2221 cata
532 2194 736 2232 nuncupatae
777 2189 809 2222 in
856 2189 1064 2232 collegialem
1106 2200 1162 2222 seu

424 2243 669 2274 conventualem
695 2242 881 2285 praedictae
907 2242 1039 2275 Militiae
1065 2243 1162 2275 eccle-

424 2294 502 2326 siam
528 2299 562 2326 ut
587 2295 770 2337 praefertur
795 2296 902 2327 erecta
928 2294 990 2327 iam
1016 2295 1163 2327 fundato-

423 2356 504 2385 rum,
530 2356 658 2388 semper
684 2352 714 2379 et
738 2351 899 2389 perpetuo
921 2348 1107 2380 conservari
1125 2357 1161 2379 ac

423 2399 553 2443 penitus
580 2399 691 2432 illaesa
709 2410 890 2440 remanere,
907 2400 1029 2443 illaque
1050 2400 1089 2432 ad
1108 2410 1161 2432 eo-

423 2462 493 2485 rum
520 2452 700 2495 respective
728 2457 883 2494 patronos
917 2463 1002 2484 nunc
1035 2458 1066 2484 et
1099 2462 1160 2495 pro

424 2512 571 2548 tempore
599 2506 775 2537 existentes
802 2510 835 2536 ut
859 2505 947 2547 prius
966 2511 1111 2548 spectare
1130 2511 1161 2538 et

423 2558 588 2601 pertinere
614 2558 755 2597 debere,
791 2558 938 2590 volumus
971 2562 1066 2600 atque
1107 2559 1161 2592 de-

459 2623 469 2647 1
492 2619 607 2647 Videtur
625 2619 772 2654 legendum
785 2620 1001 2654 proprietatum
1021 2621 1059 2655 (a.
1076 2620 1124 2655 T.).

1013 228 1112 253 BrLLA
1118 227 1195 252 mUM
1218 225 1372 251 ROMANUM

1214 275 1392 319 cernimus)
1418 285 1476 318 per
1507 284 1606 308 unam
1641 275 1784 309 eiusdem
1821 275 1952 309 Militiae

1214 328 1351 361 militum
1378 329 1417 362 ab
1443 328 1507 362 illis
1532 339 1618 361 nunc
1650 334 1682 361 ct
1713 339 1772 373 pro
1805 334 1952 373 tempore

1214 381 1371 415 existente
1408 392 1525 424 magno
1555 382 1712 425 magistro
1746 393 1801 415 seu
1833 393 1952 426 perpe-

1215 440 1267 466 tuo
1300 435 1563 468 administratore
1589 435 1815 478 eligendorum
1840 441 1872 468 et
1896 436 1953 468 de-

1214 487 1432 530 putandorum
1455 488 1590 531 eiusque
1617 488 1751 522 arbitrio
1775 499 1949 522 removen-

1214 539 1328 572 dorum
1366 540 1658 584 Congrcgationem
1691 541 1818 574 noviter
1850 541 1953 585 depu-

1215 593 1342 626 tandam
1370 594 1423 637 (ad
1450 605 1544 638 quam
1570 595 1829 638 iuspatronatus‚
1864 595 1952 639 quod

1213 647 1352 680 antebac
1385 647 1417 679 in
1450 648 1577 681 duobus
1615 659 1651 681 ex
1686 647 1860 690 praedictis
1892 648 1951 681 be-

1213 699 1362 739 neficiis,
1389 700 1419 733 in
1457 701 1622 744 praedicta
1656 702 1793 734 ecclesia
1826 701 1860 734 B.
1888 701 1952 734 Ma-

1214 752 1279 785 riae
1305 752 1393 785 della
1417 753 1563 786 Steccata
1592 759 1799 797 nuncupatae
1825 754 1858 786 in
1884 754 1952 787 col-

1213 805 1362 847 legialem
1399 816 1455 839 seu
1489 807 1737 839 conventualem
1763 806 1950 849 praedictae

1212 859 1342 892 Militiae
1370 859 1540 892 ecclesiam
1561 865 1598 891 nt
1623 860 1804 903 praefertur
1822 859 1951 893 erecta¹

1213 911 1309 944 etiam
1336 912 1487 952 fundatis,
1513 913 1551 945 ad
1566 913 1792 955 primodictam
1811 912 1951 956 Congre-

1213 965 1375 1007 gationem
1391 965 1635 1008 quomodolibet
1653 966 1819 1008 spectabat
1832 970 1864 998 et
1878 976 1952 1008 per—

1214 1018 1344 1058 tinebat,
1371 1019 1404 1051 in
1430 1023 1609 1061 posterum,
1633 1018 1771 1061 perinde
1797 1029 1833 1051 ac
1858 1018 1884 1051 si
1910 1020 1949 1051 ab

1212 1070 1341 1103 illorum
1368 1070 1549 1114 respective
1574 1071 1740 1114 primaeva
1761 1070 1950 1105 fundatione

1212 1125 1261 1157 vel
1288 1124 1453 1158 dotatione
1485 1124 1736 1157 secundodictae
1768 1124 1951 1167 Congreget-

1213 1177 1293 1210 tioni
1319 1183 1518 1211 reservatum
1540 1178 1664 1218 suisset,
1684 1183 1808 1221 spectet
1825 1183 1857 1210 et
1877 1188 1951 1220 per-

1211 1230 1319 1270 tineat,
1347 1241 1382 1263 ac
1407 1236 1555 1274 spectare
1581 1236 1613 1263 et
1636 1231 1803 1274 pertinere
1833 1231 1951 1264 debeat

1211 1289 1242 1316 ct
1262 1284 1448 1327 censeatur)
1465 1284 1602 1326 integre,
1621 1284 1769 1327 plenarie
1788 1294 1824 1317 ac
1844 1284 1948 1317 libere

1210 1337 1427 1370 administrari
1455 1337 1574 1370 debere
1601 1337 1659 1380 (ita
1684 1338 1769 1381 quod
1789 1338 1949 1371 secundo-

1208 1391 1313 1424 dictae
1335 1390 1596 1434 Congregationi,
1614 1391 1654 1424 de
1680 1402 1775 1432 novo,
1801 1396 1836 1424 ut
1853 1402 1948 1435 prae—

1208 1445 1317 1484 fertur,
1344 1444 1560 1487 deputandae,
1586 1444 1682 1477 liceat
1701 1445 1811 1477 omnia
1832 1449 1864 1477 et
1883 1445 1948 1478 sin-

1208 1498 1282 1540 gula
1307 1498 1345 1530 ad
1365 1497 1536 1530 ecclesiam
1555 1498 1589 1531 B.
1614 1497 1731 1531 Mariae
1757 1497 1846 1530 della
1863 1497 1948 1531 Stec-

1207 1554 1280 1583 cata
1312 1555 1541 1593 nuncupatae,
1577 1551 1609 1583 in
1647 1550 1853 1593 collegialem
1891 1561 1947 1584 seu

1208 1604 1455 1636 conventualem
1480 1603 1668 1646 praedictae
1693 1603 1824 1637 Militiae
1842 1605 1946 1638 eccle-

1208 1656 1287 1689 siam
1312 1662 1346 1689 ut
1370 1656 1555 1699 praefertur
1579 1661 1730 1696 erectam,
1756 1661 1789 1689 et
1813 1656 1948 1690 domum

1208 1710 1294 1753 piam
1318 1710 1480 1753 praefatas
1499 1709 1750 1753 quomodolibet
1766 1710 1947 1753 respective

1206 1763 1406 1806 pertinentia
1420 1763 1562 1806 praedia,
1581 1773 1708 1803 census,
1729 1763 1817 1796 bona
1830 1768 1862 1795 et
1876 1763 1947 1796 iura

1206 1817 1356 1849 universa
1382 1821 1542 1860 perpetuo
1568 1827 1682 1859 regere
1701 1821 1733 1849 et
1749 1816 1944 1859 gubernare,

1206 1880 1383 1912 eorumque
1410 1870 1541 1909 fructus,
1568 1869 1715 1902 redditus
1748 1874 1780 1902 et
1805 1880 1946 1912 proven-

1207 1928 1256 1955 tus
1282 1933 1508 1966 quoscumque
1534 1922 1715 1965 percipere,
1735 1922 1878 1964 exigere,
1899 1923 1945 1955 le-

1205 1987 1289 2016 vare,
1316 1976 1475 2009 dislocare
1501 1981 1532 2008 et
1556 1975 1753 2015 arrendare3
1782 1986 1854 2008 cum
1881 1976 1944 2009 hoc

1207 2034 1313 2062 tamen
1340 2029 1426 2072 quod
1460 2039 1496 2061 ex
1525 2027 1639 2061 annuis
1665 2028 1844 2069 fructibus,
1870 2029 1945 2061 red-

1207 2082 1328 2114 ditibus
1346 2086 1377 2114 et
1394 2080 1601 2124 proventibus
1623 2079 1808 2113 huiusmodi
1830 2081 1944 2114 eadem

1206 2135 1438 2168 secundodicta
1459 2134 1675 2177 Congregatio
1694 2134 1803 2167 omnia
1829 2139 1861 2166 et
1883 2134 1944 2167 sin-

1207 2189 1280 2231 gula
1306 2188 1462 2221 ccclesiae
1488 2192 1519 2221 et
1544 2187 1658 2220 domus
1674 2186 1746 2229 piae
1766 2186 1946 2230 praedicta-

1206 2253 1276 2274 rum
1296 2241 1474 2284 respective
1496 2251 1605 2280 onera,
1624 2240 1713 2272 iuxta
1729 2239 1855 2272 illarum
1874 2240 1945 2272 sun·

1206 2294 1345 2327 dationis
1371 2294 1570 2336 aliarumque
1602 2293 1726 2336 piarum
1757 2292 1945 2336 dispositio-

1206 2357 1281 2378 num
1317 2348 1422 2389 legem
1452 2345 1618 2378 annuatim
1652 2346 1874 2388 supportanda
1907 2356 1944 2379 ac

1205 2399 1422 2442 adimplenda,
1433 2404 1625 2442 supportare
1640 2403 1671 2431 et
1687 2398 1831 2441 plenarie
1846 2398 1944 2431 adim-

1205 2453 1306 2494 plere,
1334 2452 1502 2494 ipsamque
1528 2450 1707 2492 ecclesiam⁷
1725 2451 1878 2494 illiusque
1895 2461 1943 2484 sa-

1206 2505 1356 2545 cristiam,
1382 2505 1420 2538 de
1446 2505 1706 2547 supellectilibus
1732 2504 1869 2547 aliisque
1891 2515 1943 2537 re-

1205 2557 1263 2590 bus
1290 2558 1329 2590 ad
1355 2558 1476 2590 cultum
1501 2556 1644 2589 divinum
1670 2557 1860 2590 necessariis
1878 2567 1942 2590 ma-

1241 2622 1250 2646 1
1276 2620 1344 2646 Edit.
1367 2619 1445 2645 Main.
1469 2619 1532 2653 legit
1552 2622 1659 2647 erectae
1679 2621 1717 2655 (n.
1735 2621 1785 2655 T.).

1961 225 2012 255 An.
2030 226 2059 253 C.
2077 226 2147 256 1718
