2269 3203
233 235 285 262 An.
306 234 423 263 c.1704
468 224 532 258 102

426 289 458 316 et
482 284 627 327 integros
653 282 785 316 effectus
808 282 916 315 sortiri
942 286 975 314 et
999 282 1165 321 obtinere,

426 348 463 371 ac
488 337 552 370 illis
571 364 578 378 ,
612 337 650 370 ad
684 347 764 380 quos
789 341 915 380 spectat
946 340 978 368 et
1002 345 1063 378 pro
1089 340 1166 367 tem-

426 402 506 435 pore
526 391 798 435 quandocumque
825 389 997 433 spectabit,
1015 388 1047 420 in
1065 387 1168 421 omni-

426 445 486 478 bus
507 451 539 478 et
556 455 614 488 per
638 444 747 478 omnia
767 443 961 487 plenissime
987 440 1166 483 suffragari,

427 499 539 542 sicque
564 499 597 531 in
634 498 819 542 praemissis
852 507 911 540 per
945 504 1167 539 quoscumque

427 553 550 585 iudices
577 551 762 585 ordinari03
798 556 830 584 et
865 551 1046 592 delegatos,
1073 547 1167 580 etiam

428 616 600 639 causarum
632 604 743 648 palatii
770 602 940 647 apostolici
978 600 1167 639 auditores,

428 658 565 691 iudicari
591 663 620 691 et
646 657 775 690 deliniri
801 656 922 688 debere
938 682 945 695 ,
979 664 1014 686 ac
1039 652 1167 686 irritum

428 719 461 745 et
492 713 588 745 inane
626 711 650 744 si
688 721 780 743 secus
818 708 996 752 superbis
1033 718 1050 740 a
1084 717 1166 750 quo-

429 777 534 809 quam,
560 765 671 809 quavis
702 763 916 802 auctoritate,
952 762 1096 794 scienter
1121 760 1167 793 vcl

428 819 648 862 ignoranter,
687 816 863 860 contigerit
899 816 1065 848 attentari.
1098 814 1168 847 Non

430 872 635 906 obstantibus
663 870 951 904 constitutionibus
985 874 1017 901 et
1041 868 1170 901 ordina-

432 925 577 958 tionibus
603 923 811 967 apostolicis,
838 933 874 955 ac
900 927 1061 966 quatenus
1087 931 1168 964 opus

430 979 471 1011 sit
495 978 597 1011 dictae
630 976 900 1019 Congrcgationis
932 974 1107 1018 Hispaniae
1139 979 1170 1006 et

432 1032 603 1070 Iudiarnm,
629 1042 665 1064 ac
695 1029 823 1063 Ordinis
855 1028 1045 1068 huiumodi,
1073 1027 1168 1060 etiam

431 1086 641 1124 iuramento,
677 1082 928 1116 confirmatione
967 1081 1167 1125 apostolica,

431 1140 480 1172 vel
507 1138 619 1182 quavis
645 1137 794 1169 firmitate
820 1136 883 1168 alia
909 1134 1084 1174 roboratis,
1107 1139 1170 1166 sta-

433 1192 510 1224 tutis
551 1197 583 1224 et
631 1190 947 1229 consuetudinibus,
988 1187 1170 1232 privilegiis

432 1256 574 1289 quoque,
608 1244 743 1276 indultis
769 1248 801 1275 et
833 1242 953 1275 litteris
979 1241 1169 1285 apostolicis

431 1299 463 1331 in
495 1298 695 1331 contrarium
733 1296 989 1340 praemissorum
1027 1305 1166 1337 quomo-

433 1352 559 1385 dolibet
595 1351 780 1391 concessis,
823 1347 1024 1382 confirmatis
1057 1353 1089 1380 et
1124 1347 1173 1380 in-

432 1405 581 1446 novatis;
616 1404 733 1448 quibus
769 1402 919 1436 omnibus
955 1407 985 1434 et
1011 1401 1171 1443 singulis,

433 1459 564 1492 illorum
591 1463 718 1491 tenores
742 1456 974 1501 praesentibus
994 1465 1055 1499 pro
1075 1455 1173 1497 plene

434 1517 466 1546 et
502 1512 702 1545 sufficienter
726 1510 889 1554 expressis
915 1520 952 1542 ae
977 1509 1015 1541 ad
1041 1508 1174 1540 verbum

434 1566 564 1599 insertis
589 1565 747 1598 habentes
764 1591 771 1605 ‚
792 1564 856 1597 illis
881 1563 959 1596 alias
985 1562 1017 1595 in
1044 1572 1101 1594 suo
1127 1571 1175 1594 ro-

434 1620 515 1652 bore
540 1618 771 1663 permansuris,
798 1617 837 1650 ad
862 1615 1114 1660 praemissorum
1133 1615 1176 1647 es-

436 1678 561 1713 eetum,
587 1672 647 1705 hae
677 1671 745 1704 vice
772 1671 953 1710 dumtaxat,
990 1668 1176 1712 specialiter

437 1731 469 1758 ct
493 1736 647 1768 expresse
666 1724 877 1767 derogamus,
897 1722 1084 1765 ceterisque
1101 1731 1176 1754 con-

438 1779 544 1811 trariis
569 1779 844 1822 quibuscumque.

480 1833 595 1865 Datum
609 1833 739 1872 Romae,
754 1831 838 1875 apud
849 1830 880 1864 S.
894 1830 1035 1869 Petrum,
1046 1828 1104 1862 sub
1123 1839 1177 1861 an-

438 1887 516 1919 nulo
534 1885 719 1925 Piscatoris,
731 1885 782 1918 die
798 1894 855 1917 xnl
876 1882 1027 1916 februarii
1042 1891 1173 1922 unceiv,

439 1939 644 1982 pontificatus
670 1938 774 1971 nostri
800 1947 884 1970 anno
910 1947 952 1970 1v.

475 2001 532 2028 [tat.
551 2001 593 2027 die
610 2001 642 2028 13
657 2000 788 2027 februarii
808 2000 885 2033 1704,
906 1998 1000 2034 pontif.
1019 2006 1088 2024 anno
1105 2004 1139 2024 tv.

757 2145 859 2179 LVIII.

444 2227 506 2261 Con
510 2226 664 2270 firmatur
677 2227 837 2260 decretum
847 2225 1113 2270 Conglreqationis
1123 2225 1180 2258 Ri-

489 2285 581 2312 tuum
597 2280 634 2312 de
651 2280 863 2312 celebratione
879 2280 995 2312 missae
1012 2279 1052 2311 B.
1072 2278 1116 2310 M.
1142 2277 1175 2310 V.

487 2332 629 2375 sinyulis
661 2334 743 2366 anni
765 2332 903 2365 sabbatis
924 2342 983 2375 pro
1019 2332 1180 2364 Minorum

488 2385 525 2418 de
554 2385 761 2418 Observantio
795 2385 1071 2418 Discalcealorum
1107 2394 1180 2428 pro-

488 2438 615 2472 vinciae
639 2438 820 2472 Baeticae¹.

483 2547 493 2573 1
517 2545 546 2572 ln
561 2544 710 2572 Innocentii
731 2544 761 2571 XI
782 2548 867 2571 const.
889 2545 932 2572 ed.
954 2551 1116 2578 imctxxxw,
1137 2543 1180 2571 die

447 2591 464 2618 5
483 2589 656 2626 septembris,
677 2592 752 2624 pont.
773 2597 798 2621 x,
815 2593 887 2616 extat
902 2589 1071 2617 confirmatio
1090 2589 1180 2615 indul-

446 2635 597 2671 gentiarum
622 2633 766 2662 Ordinibus
785 2633 818 2661 de
838 2632 1014 2662 Observantia
1033 2641 1178 2662 concessa-

1015 229 1195 257 BULLARIUM
1218 227 1374 255 ROMANUM

1428 279 1562 306 Clemens
1583 278 1661 311 Papa
1681 276 1730 310 XI,

1350 325 1386 351 ad
1405 324 1538 351 futuram
1558 322 1602 349 rei
1623 320 1804 348 memoriam.

1254 388 1268 430 ἓ
1287 387 1318 419 t.
1338 386 1502 419 Einanavit
1526 395 1632 428 nuper
1649 395 1666 417 a
1686 382 1945 426 Congregatione

1211 440 1446 472 venerabilium
1465 440 1597 472 fratrum
1618 442 1802 471 nostrorum
1818 436 1848 469 S.
1862 435 1945 468 ΚΕ.

1211 493 1424 525 cardinalium
1439 491 1538 524 sacris
1549 491 1661 523 ritibus
1676 489 1946 533 praepositorum,

1212 546 1249 577 ad
1276 545 1547 588 supplicationem
1574 543 1685 576 dilecti
1707 542 1764 575 filii
1787 541 1949 574 Baltliasa·

1213 598 1255 630 ris
1280 609 1296 630 a
1322 597 1352 630 S.
1381 597 1517 636 Didae-o,
1544 595 1653 628 fratris
1689 605 1841 638 expresse
1873 603 1951 637 pro-

1214 651 1285 684 scssi
1313 662 1350 683 ac
1375 649 1598 694 procuratoris
1632 648 1820 692 provinciae
1845 647 1949 681 Baeti-

1212 715 1268 737 cae
1302 704 1431 736 Ordinis
1468 704 1626 736 Minorum
1652 702 1683 735 S.
1717 701 1878 734 Francisci
1910 700 1949 733 de

1211 758 1419 791 Observantiz‘t
1443 757 1714 790 Discalceatorum
1745 759 1951 798 nuncupato-

1213 822 1299 850 rum,
1337 811 1504 843 decretum
1538 809 1661 843 tenoris
1695 809 1749 852 qui
1782 807 1948 852 sequitur,

1212 864 1378 897 videlicet:

1269 926 1382 957 Ordinis
1419 926 1652 956 Discalcealorum
1687 926 1775 956 scuirli
1809 924 1953 955 Francisci

1209 977 1370 1015 prorinciae
1406 975 1533 1005 Baeticae
1568 977 1625 1004 sice
1661 974 1843 1014 Hispalensis.
1881 973 1950 1004 Cum

1212 1025 1241 1054 in
1272 1024 1421 1063 provincia
1451 1023 1568 1053 Baetica
1600 1022 1676 1053 Ordo
1707 1023 1951 1052 Discalceatorum

1213 1074 1242 1102 S.
1277 1072 1426 1102 Francisci
1459 1082 1474 1101 a
1508 1072 1653 1111 principio
1690 1080 1759 1101 suae
1794 1070 1952 1101 erectionis

1214 1125 1301 1160 prout
1329 1120 1529 1157 asserebatur,
1560 1120 1595 1150 ob
1623 1120 1783 1158 singularia
1812 1119 1954 1149 interces-

1213 1170 1294 1199 sione
1316 1169 1502 1199 beatissimae
1516 1169 1640 1207 virginis
1649 1169 1755 1199 Mariae
1772 1172 1891 1208 accepta
1904 1168 1954 1198 be-

1214 1218 1333 1253 neficia,
1357 1218 1386 1247 in
1418 1218 1606 1256 gratitudinis
1628 1217 1800 1257 obsequium
1829 1217 1953 1255 singulis

1214 1267 1316 1297 diebus
1332 1266 1444 1297 sabbati
1465 1276 1515 1306 pro
1527 1267 1554 1297 S.
1566 1267 1600 1297 R.
1612 1267 1643 1296 E.
1662 1266 1837 1296 exaltatione
1852 1275 1884 1295 ac
1902 1275 1953 1306 pro

1215 1315 1436 1345 conservatione
1458 1316 1551 1354 ipsius
1575 1315 1750 1354 provinciae,
1768 1324 1825 1345 nen
1845 1315 1954 1344 omissa

1216 1369 1280 1403 post
1296 1364 1425 1394 Tertiam
1443 1364 1641 1401 conventuali,
1655 1364 1690 1393 de
1706 1364 1770 1403 ipsa
1785 1363 1954 1393 beatissima

1216 1413 1335 1452 Virgine
1357 1414 1387 1443 in
1410 1414 1515 1443 aurora
1538 1413 1656 1442 missam
1679 1412 1828 1443 celebrare
1851 1422 1881 1442 se
1903 1411 1955 1442 ob-

1216 1462 1406 1501 strinxerint3
1430 1471 1565 1501 cumque,
1591 1466 1678 1502 prout
1712 1461 1801 1492 etiam
1829 1470 1956 1501 expone-

1216 1511 1313 1548 batur,
1337 1510 1373 1541 ob
1396 1511 1570 1550 multiplicia
1601 1511 1674 1541 ritus
1697 1510 1824 1550 duplicis
1846 1510 1953 1548 officia,

1217 1561 1251 1590 ad
1274 1570 1347 1600 quae
1370 1560 1446 1590 Ordo
1470 1560 1635 1600 praedictus
1658 1564 1785 1599 tenetur,
1803 1569 1955 1600 nunquam

1217 1611 1261 1641 vel
1284 1620 1350 1641 raro
1373 1611 1460 1640 missa
1484 1611 1518 1640 de
1534 1610 1700 1640 beatissima
1716 1610 1835 1648 Virgine
1862 1609 1956 1639 valeat

1218 1660 1359 1690 celebrari
1378 1662 1399 1689 ¹:
1431 1660 1542 1690 idcirco
1572 1669 1587 1689 a
1622 1660 1711 1690 fratre
1742 1659 1910 1690 Balthasare
1940 1668 1955 1688 a

1218 1711 1247 1740 S.
1272 1710 1389 1747 Dirlaco,
1415 1709 1584 1748 provinciae
1606 1709 1738 1739 Baeticae
1764 1708 1955 1739 Discalceato-

1217 1768 1282 1789 rum
1296 1759 1389 1788 sancti
1402 1758 1549 1788 Francisci
1562 1762 1761 1797 procuratore,
1771 1758 1956 1788 sanctissimo

1218 1808 1336 1838 domiuo
1368 1811 1467 1837 nostro
1490 1815 1543 1846 pro
1570 1807 1757 1836 concessione
1783 1806 1888 1836 indulti
1911 1815 1956 1836 ce-

1218 1857 1349 1888 lebrandi
1364 1856 1526 1896 praedictas
1544 1856 1647 1885 missas
1662 1855 1697 1885 de
1713 1855 1881 1885 beatissima
1894 1854 1957 1884 Vir-

1218 1907 1284 1945 gine
1300 1906 1422 1944 singulis
1439 1906 1507 1935 anni
1521 1905 1650 1935 sabbatis
1665 1906 1695 1934 in
1711 1905 1829 1942 aurora,
1847 1908 1875 1934 et
1889 1903 1958 1934 licet

1219 1956 1290 1985 t'esto
1313 1955 1423 1994 duplici
1445 1954 1605 1994 impeditis,
1630 1962 1781 1993 nunquam
1808 1957 1903 1982 tamen
1926 1953 1956 1983 in

1219 2004 1323 2034 iisdem
1346 2003 1474 2034 sabbatis
1493 2003 1600 2033 omissa
1622 2003 1742 2033 alterius
1766 2002 1870 2032 missae
1889 2011 1958 2032 con-

1219 2052 1363 2083 ventualis
1378 2051 1584 2089 celebratione,
1599 2050 1750 2080 humiliter
1762 2050 1957 2090 supplicatum

1220 2102 1290 2139 suit3
1315 2101 1497 2140 supplicique
1520 2099 1618 2129 libello
1641 2099 1739 2129 eidem
1768 2098 1957 2129 Sanctissimo

1221 2154 1365 2190 porrecto,
1383 2160 1397 2179 a
1416 2149 1559 2180 Santitate
1577 2148 1635 2178 Sua
1652 2148 1686 2178 ad
1702 2157 1814 2178 sacram
1837 2147 1956 2178 Rituum

1220 2198 1480 2238 Congregationem
1502 2197 1636 2235 remisso,
1662 2206 1753 2236 eoque
1776 2196 1811 2226 ab
1827 2197 1958 2227 eminen—

1222 2250 1334 2279 tissimo
1356 2252 1383 2278 et
1405 2246 1652 2277 reverendissimo
1675 2247 1793 2276 domino
1816 2246 1958 2276 cardinali

1222 2296 1420 2328 solemniis
1432 2296 1533 2330 relato,
1544 2305 1625 2325 sacra
1639 2295 1740 2325 eadem
1754 2295 1873 2325 Rituum
1885 2294 1957 2325 Con-

1222 2346 1364 2385 gregatio,
1381 2345 1510 2384 exceptis
1529 2344 1574 2374 die
1587 2344 1763 2382 NativitatiS,
1781 2353 1813 2373 ac
1830 2343 1957 2374 sabbatis

1222 2394 1370 2426 Paschatis
1401 2396 1429 2424 et
1460 2394 1658 2431 PentecosteS,
1688 2402 1740 2432 pro
1772 2391 1958 2423 Discaleeatis

1223 2506 1296 2530 rum;
1317 2500 1343 2524 et
1362 2497 1390 2523 in
1415 2495 1496 2523 huius
1515 2495 1656 2522 Pontificis
1677 2498 1762 2521 const.
1785 2494 1828 2522 ed.
1849 2500 1956 2527 MDCCV,

1222 2543 1266 2569 die
1285 2542 1300 2569 8
1321 2541 1395 2576 maii,
1415 2544 1489 2576 pont.
1510 2547 1536 2574 v,
1554 2539 1711 2566 conceditur
1730 2539 1826 2567 eadem
1846 2539 1958 2567 facultas

1222 2585 1350 2614 fratribus
1369 2585 1525 2620 provinciae
1544 2584 1706 2611 lilexicanae.
1725 2604 1728 2606 .

1256 2632 1268 2660 1
1292 2631 1361 2659 Edit.
1378 2630 1456 2658 lllain.
1473 2629 1537 2665 legit
1552 2629 1696 2658 celebrare
1711 2629 1750 2665 (R.
1767 2631 1815 2664 τ.).

1952 224 2003 251 An.
2025 223 2055 251 C.
2073 224 2139 252 170⁴

1985 392 2099 417 Exposuit).

2034 925 2146 947 Decretum

1962 953 2095 979 praedictum
2106 969 2111 977 ,
2127 959 2147 974 ιιι

1963 986 2004 1006 quo
2015 980 2059 1000 eiu-x
2071 985 2145 1004 causa,

1963 1009 1983 1025 nt
2007 1006 2098 1027 facultas
2112 1012 2147 1027 ce·

1962 1032 2058 1053 lebrandi
2068 1033 2147 1054 dictam

1962 1060 2047 1079 missam
2060 1060 2147 1084 singulis

1962 1086 2065 1110 sabbatis,
2087 1092 2147 1107 exce-

1962 1113 2149 1138 piisittisPaseha-

1964 1140 1989 1159 tls
2004 1141 2026 1159 et
2046 1140 2149 1160 Penteco-

1963 1168 2014 1188 stes,
2029 1171 2054 1186 ac
2071 1167 2097 1187 de
2109 1166 2149 1187 Na·

1964 1192 2060 1217 tivitate,
2083 1194 2149 1214 couti-

1964 1222 2033 1239 uetur.
