2269 3203
254 281 302 307 An.
319 281 348 307 c.
373 281 433 308 1721
484 273 547 306 856

447 332 610 374 pellarent
629 342 646 365 a
664 332 835 365 sententiis
861 332 996 375 praefati
1022 331 1186 374 arehiepi-

447 385 545 428 scopi,
568 395 624 417 seu
652 384 721 418 eius
746 385 864 424 vicarii,
882 385 965 417 inter
985 383 1073 417 illius
1097 383 1186 416 dioe-

447 447 583 470 cesanos
602 437 751 471 videlicet
768 437 799 469 in
818 437 931 481 prima,
947 438 995 469 vel
1019 436 1105 469 inter
1124 436 1187 468 suf-

448 491 618 533 fraganeos
648 497 701 524 aut
729 502 800 524 eum
822 490 901 523 fisco
922 501 1001 523 suae
1027 489 1185 523 ecclesiae

445 545 494 576 vel
519 543 656 576 aliorum
683 543 963 585 suffraganeorum
990 542 1021 575 in
1048 542 1186 576 secunda

446 596 601 629 instantia
627 596 710 636 latis,
729 601 763 628 ut
787 606 895 638 supra,
922 595 1188 638 intelligerentur

447 651 629 693 appellasse
655 650 693 682 ad
719 650 825 692 ipsum
852 648 1036 691 collegium,
1062 648 1188 691 privile-

447 702 506 745 giis
527 707 559 735 et
576 702 710 734 indultis
729 701 920 745 apostolicis
945 706 1008 733 tam
1026 701 1188 744 archiepi-

446 766 547 798 scopo
566 766 660 799 quam
679 755 819 797 collegio
842 755 1029 788 huiusmodi
1047 760 1082 787 ut
1098 765 1188 798 prae·

448 809 549 840 fertur
574 808 739 841 concessis
774 808 878 851 quoad
917 807 1045 851 reliqua
1078 807 1186 840 omnia

447 860 543 893 salvis
575 871 709 904 prorsus
741 871 777 893 ac
814 860 957 894 illaesis:
985 865 1185 893 memoratus

445 913 520 946 Pius
552 913 789 956 praedecessor
825 913 1013 946 huiusmodi
1047 923 1184 946 concor-

446 966 530 998 diam
553 976 610 998 seu
634 966 885 999 transactionem
911 965 1111 1009 amplissime
1132 976 1187 1009 ap-

445 1019 633 1063 probaverit
644 1024 675 1052 et
689 1018 926 1052 confirmaverit
939 1029 998 1062 per
1012 1029 1085 1051 suas
1101 1028 1186 1052 anno

445 1082 582 1113 MDinu,
596 1081 651 1105 x111
669 1072 824 1105 kalendas
841 1071 958 1112 martii,
976 1071 1033 1104 sub
1051 1071 1187 1115 plumbo

447 1125 615 1168 expeditas
642 1125 766 1158 litteras
792 1125 916 1158 tenoris
942 1124 1124 1168 sequentis,
1147 1124 1188 1157 vi-

434 1178 583 1213 ‘delicetz

308 1246 434 1266 canaam
490 1233 504 1276 ἓ
522 1232 574 1265 10.
594 1233 679 1266 Pius
692 1232 869 1277 episcopus,
890 1242 999 1265 servus
1023 1242 1187 1264 servorum

250 1275 281 1294 Ριι
302 1274 326 1294 lV
351 1280 370 1293 m
410 1281 413 1291 ι

250 1301 341 1321 ren-‚m
372 1280 518 1327 stiffi-{Ded
546 1286 589 1319 ad
611 1290 803 1330 perpetuam
835 1286 883 1318 rei
916 1286 1117 1318 memoriam.
1144 1285 1187 1318 Ex

251 1328 318 1347 :atara
346 1327 391 1347 iulii
420 1327 435 1348 ΙΙ

251 1356 381 1374 constitutio.

446 1342 542 1374 solita
567 1340 772 1384 Apostolicae
790 1339 882 1373 Sedis
909 1340 1122 1384 providentia,
1140 1351 1186 1380 ea,

447 1405 529 1438 quae
555 1405 615 1438 pro
639 1395 727 1428 bono
753 1394 841 1437 pacis
867 1398 899 1426 et
923 1393 1119 1426 concordiae
1140 1393 1188 1426 iu-

448 1455 495 1482 ter
530 1458 687 1491 personas
724 1447 887 1491 quaslibet
922 1458 958 1480 ac
992 1447 1186 1490 praesertim

448 1501 666 1534 cardinalatus
681 1505 712 1533 et
730 1500 909 1543 pontificali
925 1499 1081 1542 dignitate
1096 1509 1188 1542 prae-

450 1555 532 1587 ditas
558 1554 733 1587 concordia
756 1553 927 1586 terminata
953 1553 1053 1585 fuisse
1076 1553 1188 1586 dicun-

450 1613 512 1647 tur,
537 1618 577 1640 ne
603 1607 635 1639 in
661 1607 821 1640 recidivae
854 1606 1074 1639 contentionis
1099 1616 1187 1638 scru-

448 1662 562 1704 pulum
588 1660 787 1699 dilabantur,
815 1669 963 1703 quaeque
990 1659 1021 1691 in
1048 1659 1186 1692 iustitiae

447 1713 703 1756 praesidentium
723 1713 878 1753 favorem,
897 1712 1067 1746 commoda
1086 1718 1117 1745 ct
1135 1713 1188 1745 de-

448 1777 503 1800 cus
528 1777 586 1810 per
610 1767 881 1809 praedecessores
914 1772 1042 1799 nostros
1074 1766 1189 1798 Roma-

448 1831 507 1854 nos
524 1820 696 1854 Pontifices
723 1831 879 1854 concessa
904 1821 1000 1853 fuisse
1026 1819 1186 1860 dicuntur,

447 1880 482 1907 ut
506 1874 638 1907 maioris
658 1874 786 1907 roboris
807 1874 989 1907 firmitatem
1019 1873 1188 1906 obtineant

448 1934 480 1962 et
499 1933 661 1972 perpetuo
679 1928 805 1961 illibata
829 1928 1017 1971 persistant,
1037 1927 1187 1967 libenter,

448 1993 519 2015 cum
544 1993 561 2016 a
585 1981 680 2015 nobis
705 1982 849 2025 petitur,
875 1981 1057 2025 apostolico
1082 1980 1189 2013 muni-

447 2035 534 2068 mine
557 2035 759 2075 roboramus,
778 2045 813 2068 ac
832 2035 973 2078 desuper
987 2034 1188 2077 disponimus

448 2091 543 2132 prout
564 2087 595 2120 in
614 2088 752 2120 Domino
773 2087 994 2131 conspicimus
1013 2087 1189 2120 salubriter

448 2141 615 2184 expedire.
642 2141 725 2174 Sane
760 2141 853 2174 nobis
880 2151 985 2185 nuper
1009 2151 1068 2184 pro
1095 2145 1188 2184 parte

449 2195 644 2228 dilectorum
683 2194 822 2228 filiorum
867 2194 997 2237 collegii
1034 2194 1189 2227 tredecim

448 2247 620 2281 doctorum
647 2247 824 2290 nuncupati
850 2246 1075 2280 Urbiuatensis
1101 2247 1190 2280 exhi-

448 2300 515 2333 bita
541 2300 655 2343 petitio
678 2300 874 2339 continebat,
891 2310 926 2332 ac
947 2300 1086 2333 dilectus
1105 2301 1189 2334 filius

448 2352 479 2386 S.
508 2352 591 2385 Petri
618 2352 657 2385 ad
678 2352 812 2385 Vincula
837 2352 990 2386 diaconus
1015 2353 1188 2386 cardinalis

449 2407 489 2439 de
526 2405 648 2438 Urbino
682 2411 886 2449 nuncupatus
924 2416 959 2438 ac
990 2406 1188 2439 venerabilis

448 2460 550 2492 frater
579 2458 666 2491 Felix
703 2459 880 2492 modernus
917 2458 1188 2502 archiepiscopus

448 2511 673 2546 Urbinatensis
690 2517 720 2547 et
737 2511 892 2554 magister
916 2512 1029 2544 domus
1059 2522 1189 2545 necnon

448 2566 613 2610 praelatus
650 2564 844 2598 domesticus
877 2569 989 2598 noster
1023 2574 1186 2609 exposue-

448 2624 524 2652 runt
542 2646 549 2660 ,
574 2618 662 2662 quod
698 2618 777 2651 alias
803 2617 920 2661 (felicis
952 2617 1189 2651 recordationis

448 2671 527 2706 Iulio
552 2671 656 2716 Papae
672 2670 697 2704 11
718 2671 964 2716 praedecessori
990 2676 1102 2706 nostro
1128 2681 1188 2716 pro

1015 284 1195 307 BULLARIUM
1222 281 1378 306 ROMANUM

1228 335 1318 373 parte
1344 329 1537 364 Guidobaldi
1572 335 1646 363 tunc
1674 330 1788 364 Urbini
1814 331 1905 365 ducis
1934 342 1971 365 ac

1231 383 1457 416 universorum
1482 384 1551 417 eius
1576 384 1779 417 subditorum
1805 385 1969 428 exposito,

1230 437 1325 479 quod,
1344 437 1421 470 licet
1438 443 1532 471 antea
1549 437 1621 481 piae
1640 437 1817 471 memoriae
1839 439 1971 471 Alexan-

1230 489 1288 522 der
1304 490 1390 534 Papa
1410 491 1445 523 Vl
1468 491 1563 524 etiam
1590 491 1823 534 praedecessor
1843 496 1968 531 noster,

1232 549 1305 575 tunc
1329 554 1417 583 suus,
1443 545 1578 587 cupiens
1605 544 1808 578 indemnitati
1834 544 1970 577 univer-

1231 607 1341 629 sorum
1367 597 1571 630 subditorum
1590 597 1724 630 ducatus
1744 597 1970 631 Urbinatensis

1232 651 1412 690 consulere,
1430 650 1535 693 ipsum
1551 651 1701 684 ducatum
1719 650 1968 684 Urbinatensem

1231 712 1267 735 ac
1302 702 1461 735 civitatem
1497 703 1776 746 Senogalliensem
1815 703 1968 747 illiusque

1231 755 1412 788 districtum
1439 755 1477 789 ab
1502 757 1588 789 omni
1615 756 1839 789 iurisdictione
1864 761 1970 790 recto-

1230 807 1273 840 ris
1291 808 1474 851 provinciae
1499 809 1658 842 Mareliiae
1685 810 1905 843 Anconitanae
1923 819 1971 842 sc-

1231 862 1436 904 gregavisset,
1457 872 1493 895 ac
1510 869 1630 894 certum
1657 863 1830 905 collegium
1857 862 1971 895 docto-

1231 926 1311 955 rum,
1326 915 1441 948 Rotam
1461 921 1691 959 nuncupatum,
1707 916 1739 948 in
1758 916 1971 950 Romandiolz't

1231 968 1433 1007 instituisset,
1460 969 1611 1012 quodque
1637 979 1749 1001 omnes
1775 979 1890 1001 causae
1915 980 1971 1012 ap-

1232 1021 1445 1064 pellationum
1465 1022 1496 1054 iu
1515 1023 1773 1065 quibuscumque
1796 1022 1899 1054 causis
1921 1033 1971 1056 ec-

1231 1074 1422 1107 clesiasticis
1467 1081 1498 1107 et
1539 1075 1682 1117 profanis
1722 1075 1970 1108 devolverentur

1232 1127 1271 1160 ad
1309 1127 1388 1160 illud
1426 1127 1632 1168 ordinasset,
1665 1133 1697 1160 et
1721 1128 1808 1170 quod
1834 1132 1971 1170 propter

1233 1186 1417 1223 temporum
1443 1181 1666 1214 conditionem
1685 1180 1842 1213 institutio
1863 1180 1972 1213 huius-

1232 1235 1318 1267 modi
1345 1245 1436 1267 suum
1454 1234 1567 1267 sortita
1592 1233 1740 1267 effectum
1758 1244 1823 1266 non
1841 1233 1968 1274 fuisset;

1232 1288 1446 1320 nihilominus
1482 1288 1567 1321 idem
1604 1288 1688 1328 dux,
1714 1287 1810 1320 etiam
1837 1287 1970 1330 cupiens

1231 1341 1499 1374 indemnitatibus
1517 1346 1547 1374 et
1564 1341 1846 1374 commoditatibus
1871 1340 1971 1373 dicto-

1232 1405 1301 1427 rum
1326 1405 1458 1427 suorum
1484 1394 1689 1427 subditorum
1715 1394 1906 1437 providere,
1937 1393 1970 1426 in

1230 1447 1358 1480 civitate
1383 1447 1494 1480 Urbini
1522 1457 1622 1479 unum
1655 1447 1830 1490 collegium
1856 1446 1967 1479 trede-

1230 1500 1291 1533 cim
1310 1500 1687 1541 doctoruminstituerat,
1709 1506 1749 1539 et,
1762 1499 1847 1543 quod
1862 1509 1969 1532 coram

1231 1554 1276 1587 eis
1302 1565 1415 1587 omnes
1442 1559 1472 1586 et
1497 1553 1643 1596 singulae
1680 1563 1794 1586 causae
1820 1552 1971 1586 ecclesia·

1230 1608 1329 1640 sticae
1361 1613 1393 1639 et
1424 1607 1581 1650 profanae
1612 1611 1828 1639 tractarentur
1852 1616 1889 1639 ac
1915 1605 1971 1638 de-

1229 1660 1411 1700 finirentur,
1439 1661 1534 1693 etiam
1563 1660 1781 1703 ordinaverat)
1806 1659 1971 1702 praefatus

1230 1714 1327 1747 Iulius
1345 1714 1588 1757 praedecessor,
1608 1712 1697 1746 ducis
1715 1722 1751 1745 ac
1769 1712 1971 1745 subditorum

1232 1767 1429 1807 huiusmodi,
1448 1777 1574 1800 necnon
1600 1767 1697 1799 etiam
1722 1766 1829 1799 bonae
1849 1775 1971 1799 memo-

1231 1821 1297 1854 riae
1323 1819 1486 1853 Francisci
1512 1819 1628 1852 Mariae
1654 1824 1730 1851 tunc
1755 1819 1858 1851 almae
1876 1817 1970 1851 Urbis

1230 1873 1385 1916 praefecti
1412 1872 1704 1916 supplicationibus
1721 1871 1901 1912 inclinatus,
1923 1870 1971 1903 in-

1231 1927 1435 1959 stitutionem
1454 1936 1491 1959 ac
1517 1925 1756 1958 ordinationem
1784 1924 1969 1957 huiusmodi

1231 1980 1419 2013 auctoritate
1455 1979 1635 2023 apostolica
1666 1988 1725 2022 per
1749 1987 1820 2011 suas
1845 1977 1970 2011 litteras

1231 2032 1430 2066 confirmavit
1455 2038 1486 2065 et
1518 2031 1731 2076 approbavit,
1757 2031 1910 2075 quodque
1936 2031 1968 2064 in

1232 2087 1377 2120 secunda
1394 2092 1426 2120 et
1443 2086 1535 2119 tertia
1554 2086 1705 2120 instantia
1721 2095 1833 2118 omnes
1851 2094 1968 2118 causae

1233 2145 1297 2174 tam
1337 2140 1575 2174 ecclesiasticae
1613 2150 1708 2184 quam
1741 2139 1896 2183 profanae
1937 2143 1969 2171 et

1231 2194 1349 2227 mixtae
1380 2199 1411 2227 et
1436 2193 1645 2227 beneficiales
1670 2193 1784 2236 (mere
1817 2191 1969 2224 ecclesia-

1231 2247 1320 2281 sticis
1345 2248 1511 2280 dumtaxat
1528 2246 1694 2290 exceptis)
1713 2246 1845 2279 ducatus
1863 2249 1895 2278 et
1911 2245 1969 2278 do-

1231 2301 1322 2334 minii
1348 2300 1579 2344 praefatorum,
1600 2305 1674 2332 tunc
1694 2304 1724 2332 et
1741 2309 1800 2342 pro
1820 2303 1967 2342 tempore

1231 2354 1400 2387 existentis
1436 2353 1526 2386 ducis
1550 2357 1582 2386 et
1605 2352 1808 2385 subditorum
1833 2362 1968 2385 suorum

1232 2405 1420 2438 huiusmodi
1447 2411 1522 2438 tunc
1539 2410 1571 2438 et
1588 2415 1645 2448 pro
1666 2410 1811 2447 tempore
1829 2404 1968 2438 existen*-

1232 2459 1330 2499 tium,
1358 2465 1419 2492 tam
1444 2460 1570 2492 ratione
1597 2458 1672 2492 dicti
1710 2459 1843 2492 ducatus
1870 2469 1966 2502 quam

1232 2512 1370 2545 aliorum
1396 2512 1541 2545 eiusdem
1568 2511 1784 2545 dominiorum
1814 2522 1968 2555 quorum·

1231 2576 1379 2609 cumque,
1400 2576 1508 2598 coram
1536 2564 1620 2598 dicto
1645 2565 1787 2608 collegio
1814 2564 1967 2598 tredecim

1232 2620 1423 2660 doctorum,
1457 2629 1492 2651 ac
1520 2618 1642 2651 eisdem
1668 2618 1763 2652 modo
1800 2623 1831 2651 et
1866 2618 1967 2652 forma

1231 2672 1348 2718 quibus
1373 2682 1480 2706 coram
1498 2677 1623 2706 rectore
1649 2671 1752 2706 dictae
1777 2670 1966 2717 provinciae

1975 283 2027 309 An.
2048 282 2077 310 C.
2095 284 2159 311 ¹721

2244 3131 2265 3203 *2⁶*-
