2269 3203
217 308 253 334 An
283 305 312 330 c.
332 300 397 328 1717
445 287 509 322 784

334 1790 448 1815 Dei-:matio

267 1823 426 1841 ⁹⁰¹¹¹¹⁶¹¹⁰¹⁰¹¹¹'
462 1836 495 1864 et
512 1822 770 1862 ordinationibus
791 1812 992 1860 apostolicis,
1011 1808 1105 1842 etiam
1124 1813 1200 1837 con-

411 354 464 388 ut,
497 344 560 377 illis
586 339 718 374 minime
745 344 810 368 non
837 325 1049 364 obstantibus,
1079 322 1151 354 iura

415 405 523 434 nostra
555 401 587 430 et
620 389 819 436 Apostolicae
855 381 947 417 Sedis
980 378 1152 417 dictaeque

415 451 570 488 ecclesiae
597 443 743 481 Astensis
768 446 898 481 semper
916 438 948 466 et
966 429 1054 464 omni
1077 433 1154 460 tem-

416 517 496 551 pore
524 503 732 537 remaneant,
754 494 818 527 sint
842 495 874 523 et
899 487 1070 521 serventur
1088 508 1095 521 ,
1122 489 1157 512 ac

420 557 545 594 censeri
579 555 719 587 debeant
753 551 858 584 sarta,
886 545 986 578 tecta,
1011 536 1157 576 integra,

421 615 534 646 illaesa
560 613 591 641 et
618 604 769 638 illibata,
802 599 831 630 in
859 592 1008 628 omnibus
1039 593 1071 621 et
1101 594 1161 629 per

423 664 549 701 omnia,
571 652 849 703 ‹picinadmodum
875 650 969 680 erant
994 647 1068 675 ante
1095 637 1162 671 edi-

424 719 544 751 tionem
573 708 708 756 praelati
736 703 831 738 edicti
857 710 911 733 seu
930 691 1095 741 praecepti
1115 700 1165 723 ce-

426 775 636 808 terorumque
663 758 935 805 praemissorum,
964 754 996 782 et
1028 743 1165 790 perinde

428 835 464 858 ac
487 823 513 855 si
539 821 595 853 illa
617 823 781 858 nunquam
808 807 1024 842 emanassent,
1046 808 1107 831 nec
1126 796 1168 828 sa-

430 883 480 911 cta
507 874 655 909 Γιιίςεοιιῑ,
680 875 787 909 neque
804 868 948 904 unquam
967 855 1084 887 tierent
1112 858 1167 882 seu

432 929 612 964 evenirent.
640 921 860 955 Decernentes
880 912 925 945 sic
943 914 975 943 et
991 915 1056 940 non
1078 902 1171 936 aliter

433 985 464 1017 in
483 977 637 1027 praelatis¹
659 973 810 1008 omnibus
835 972 866 1000 et
886 960 1023 1006 singulis
1046 953 1171 991 censeri

435 1047 494 1081 per
519 1037 738 1077 quoscumque
771 1021 896 1056 iudices
932 1011 1116 1050 ordinarios
1144 1012 1175 1040 ct

437 1090 616 1130 delegatOS,
642 1081 738 1115 etiam
764 1081 929 1109 causarum
961 1063 1072 1112 palatii
1100 1071 1176 1104 apo-

438 1140 542 1175 stolici
573 1135 751 1171 auditores,
778 1139 815 1162 ac
839 1129 985 1159 nostram
1010 1118 1176 1152 Cameram

441 1192 653 1239 praedictam,
675 1185 811 1226 eiusque
831 1176 984 1212 officiales
1001 1167 1179 1215 quomodo-

441 1256 579 1289 cumque
599 1243 812 1281 nuncupatos,
832 1237 863 1265 et
882 1227 1028 1264 eiusdem
1042 1223 1073 1256 S.
1091 1221 1127 1253 R.
1143 1219 1178 1252 E.

443 1298 641 1334 cardinales,
666 1292 762 1325 etiam
789 1288 828 1320 de
857 1286 959 1317 latere
983 1279 1123 1320 legatos,
1151 1277 1183 1306 et

446 1351 575 1398 quosvis
593 1347 673 1381 alios
686 1347 892 1387 quacumque
906 1331 1096 1368 auctoritate
1115 1326 1184 1358 lun-

447 1410 562 1451 gentes
589 1407 620 1435 et
645 1400 825 1433 iuncturos,
852 1388 980 1423 sublata
1005 1384 1051 1416 eis
1077 1386 1109 1414 et
1133 1388 1185 1412 eo-

448 1470 520 1493 rum
547 1453 681 1489 cuilibet
706 1446 819 1492 quavis
845 1443 940 1476 aliter
964 1433 1130 1470 iudicandi
1156 1435 1187 1463 et

449 1505 686 1553 interpretandi
706 1501 857 1535 facultate
875 1499 906 1528 et
924 1488 1126 1526 auctoritate,
1140 1485 1189 1517 iu-

453 1563 552 1598 dicari
571 1566 603 1594 et
628 1554 757 1592 deliniri
782 1551 923 1587 debere,
950 1550 981 1578 et
1004 1542 1135 1575 irritum
1160 1541 1192 1569 et

453 1619 552 1651 inane
580 1614 605 1646 si
631 1619 724 1644 secus
761 1613 861 1648 super
892 1600 944 1633 liis
968 1608 985 1630 a
1010 1601 1193 1639 quoquam,

456 1669 568 1714 quavis
602 1661 812 1699 auctoritate,
848 1654 993 1687 scienter
1020 1648 1070 1680 vel
1100 1645 1195 1687 igno-

457 1728 568 1757 ranter
584 1747 591 1761 ‚
621 1712 797 1757 contigerit
823 1704 990 1742 attentari.

504 1778 518 1819 ἓ
543 1775 574 1808 3.
601 1772 670 1805 Non
688 1764 894 1807 obstantibus
912 1751 1197 1792 constitutionibus

463 1881 643 1918 ciliaribus,
668 1882 796 1908 necnon
822 1868 950 1911 legibus
975 1857 1201 1904 imperialibus

466 1943 497 1971 et
523 1927 787 1973 municipalibus
807 1929 851 1962 et,
871 1924 1029 1964 quatenus
1054 1921 1135 1955 opus
1153 1909 1203 1947 sit,

467 1990 578 2024 nostra
605 1990 636 2018 et
660 1976 878 2016 Cancellariae
916 1967 1123 2015 Apostolicae
1156 1972 1206 1994 re-

468 2043 542 2086 gula
567 2040 606 2073 de
633 2038 702 2070 iure
729 2030 874 2077 quaesito
900 2035 965 2059 non
992 2019 1147 2057 tollendo,
1173 2025 1208 2048 ac

470 2097 542 2140 piae
567 2088 744 2125 memoriae
768 2084 814 2118 Pii
827 2083 934 2124 Papae
951 2077 987 2110 lv
1006 2074 1101 2109 etiam
1119 2079 1211 2114 prae-

472 2143 651 2182 decessoris
677 2138 778 2174 nostri
804 2131 1035 2170 constitutione
1068 2126 1106 2159 dc
1141 2133 1212 2167 gra-

475 2202 538 2241 tiis,
554 2198 793 2242 qualecumque
818 2191 978 2223 interesse
1003 2182 1155 2216 Gamerae
1175 2177 1213 2209 A·

477 2253 656 2299 postolicae
670 2242 960 2282 concernentibus,
974 2238 1006 2270 in
1028 2234 1143 2268 eadem
1161 2231 1215 2264 Ca-

477 2308 566 2340 mera
582 2298 830 2347 praesentandis
844 2302 875 2329 ct
893 2287 1119 2334 registrandis,
1136 2284 1218 2316 itaut

480 2362 671 2404 praesentes
707 2353 852 2388 litterae,
885 2343 1009 2380 etiamsi
1043 2341 1075 2373 in
1106 2338 1218 2371 eadem

482 2412 614 2446 camera
634 2407 724 2440 nullo
744 2412 887 2446 unquam
906 2395 1053 2439 tempore
1070 2399 1221 2435 praesen-

485 2469 594 2498 tentur
620 2466 650 2493 et.
674 2458 905 2500 registrentur,
931 2446 1144 2482 nibilominus
1170 2451 1222 2473 va-

485 2519 573 2551 leant
599 2515 795 2558 plenamque
813 2504 942 2539 roboris
966 2499 1149 2534 firmitatem
1168 2494 1224 2528 ob-

490 2571 622 2606 tineant,
636 2573 765 2599 necnon
781 2561 882 2594 dictae
899 2554 1055 2590 ecclesiae
1070 2547 1226 2585 Astensis,

490 2623 586 2657 etiam
612 2621 807 2656 iuramento,
828 2607 1075 2645 confirmatione
1099 2605 1227 2646 aposto-

491 2676 564 2716 lica,
593 2673 640 2705 vel
667 2668 776 2717 quavis
799 2663 944 2698 tirmitalc
972 2659 1034 2694 alisi
1057 2653 1229 2693 roboratis,

984 270 1164 300 BULLARH'M
1189 264 1345 291 ROMANUM

1194 312 1322 348 statutis
1352 300 1720 344 etveonsuetudinibus,
1749 289 1930 338 privilegiis

1196 376 1347 412 quoque,
1380 358 1515 395 indultis
1544 361 1576 389 et
1603 351 1721 387 litteris
1746 343 1933 391 apostolicis

1198 422 1305 455 eidem
1334 414 1492 451 ecclcsiae
1509 409 1669 450 illiusque
1699 399 1859 447 praesuli,
1884 406 1935 429 ca-

1200 474 1303 518 pitulo
1330 476 1361 504 et
1385 463 1551 512 quibusvis
1584 456 1756 504 personis,
1781 451 1839 485 sub
1868 448 1938 492 qui-

1201 529 1402 566 buscumque
1429 516 1598 552 tenoribus
1617 517 1648 545 et
1669 507 1792 546 formis,
1813 515 1850 537 ac
1867 512 1938 535 cum

1204 576 1369 624 quibusvis
1402 572 1498 606 etiarn
1535 561 1815 608 derogatoriarum
1849 557 1942 589 dero-

1206 630 1352 676 gatoriis,
1367 626 1503 668 aliisque
1526 615 1773 654 efficacioribus,
1793 607 1942 644 efficacis-

1208 685 1297 719 simis
1324 687 1355 715 et
1379 676 1521 713 insolitis
1547 669 1710 708 clausulis,
1727 661 1944 699 irritantibus-

1210 748 1272 783 que
1299 740 1329 770 et
1353 733 1422 767 aliis
1447 726 1599 765 decretis,
1626 724 1657 755 in
1683 728 1804 764 genere
1836 715 1886 748 vel
1912 713 1944 745 in

1211 790 1331 836 specie,
1359 797 1395 820 ac
1419 784 1496 818 alias
1521 781 1553 813 in
1575 775 1772 811 contrarium
1793 765 1947 813 praemis-

1212 853 1319 879 sorum
1355 833 1605 884 quomodolibet
1639 823 1802 862 concessis
1834 825 1866 854 et
1900 818 1932 850 in

1215 895 1339 931 novatis
1360 904 1368 934 ;
1394 890 1512 935 quibus
1551 881 1702 918 omnibus
1735 881 1766 910 et
1790 871 1926 916 singulis
1943 896 1950 910 ‚

1216 959 1329 985 eorum
1359 943 1503 979 omnium
1534 943 1565 972 et
1589 933 1791 977 singulorum
1820 933 1951 960 tenores

1216 999 1442 1048 praesentibus
1459 1004 1519 1039 pro
1535 992 1633 1036 plene
1649 991 1679 1020 et
1693 981 1887 1018 sufficienter
1905 987 1956 1010 ex-

1218 1053 1338 1101 pressis
1366 1056 1397 1084 et
1415 1049 1454 1083 de
1478 1045 1579 1080 verbo
1605 1040 1644 1074 ad
1665 1037 1799 1071 verbum
1825 1028 1956 1064 insertis

1220 1108 1390 1143 habentes,
1416 1100 1480 1135 illis
1502 1098 1580 1132 alias
1605 1094 1638 1126 in
1663 1100 1722 1125 suo
1747 1087 1865 1121 robore
1889 1091 1958 1126 per-

1222 1158 1404 1197 mansuris,
1430 1154 1469 1187 ad
1501 1147 1754 1195 praemissorum
1794 1137 1959 1174 effectum,

1222 1211 1410 1258 specialiter
1434 1211 1466 1240 et
1489 1210 1642 1247 expresse
1671 1197 1881 1236 derogamus3
1910 1196 1962 1220 ce-

1224 1267 1368 1308 terisque
1392 1256 1563 1294 contrariis
1588 1252 1862 1297 quibuscumque.

1270 1322 1284 1365 g
1308 1320 1340 1352 4.
1367 1318 1445 1352 Cum
1473 1316 1579 1346 autem
1604 1305 1734 1340 eaedem
1771 1300 1961 1344 praesentes

1230 1427 1349 1462 cularis
1389 1417 1559 1467 potestatis
1605 1409 1758 1447 subiectis
1800 1405 1967 1447 nequeant

1232 1489 1297 1517 tute
1322 1473 1493 1523 publicari,
1516 1475 1552 1503 ut
1575 1469 1733 1501 haetenus
1770 1454 1971 1503 experientia

1234 1536 1433 1577 compertum
1452 1531 1500 1560 est
1518 1529 1549 1558 et
1565 1520 1658 1555 nobis
1681 1513 1809 1550 notorie
1828 1512 1972 1547 constat,

1235 1590 1385 1623 volumus
1421 1582 1492 1614 illas
1528 1586 1583 1610 seu
1620 1580 1729 1606 earum
1763 1562 1911 1606 exempla
1935 1559 1975 1592 ad

1238 1643 1344 1676 valvas
1363 1633 1520 1671 ecclesiae
1535 1621 1761 1662 Lateranensis
1778 1624 1808 1651 et
1820 1613 1976 1650 basilicae

1239 1691 1400 1735 Principis
1427 1683 1669 1731 Apostolorum,
1692 1682 1822 1708 necnon
1847 1665 1979 1702 Cancel-

1242 1748 1339 1783 lariae
1361 1738 1588 1786 Apostolicae‚
1614 1730 1793 1770 Curiaeque
1818 1718 1980 1766 generalis

1244 1803 1276 1835 in
1300 1800 1409 1834 Monte
1429 1788 1595 1828 Citatorio,
1622 1795 1658 1818 ac
1693 1783 1726 1815 in
1763 1777 1831 1812 acie
1857 1771 1982 1815 Campi-

1245 1856 1346 1888 florae
1367 1851 1406 1884 de
1431 1845 1526 1883 Urbe,
1551 1846 1587 1873 ut
1621 1835 1722 1871 rnoris
1755 1836 1816 1870 est,
1840 1825 1926 1869 affigi
1952 1828 1984 1856 et

1247 1903 1420 1953 publicari,
1445 1900 1557 1941 sicque
1582 1891 1763 1938 publicatas
1800 1888 1832 1917 et
1864 1879 1984 1917 affixas,

1250 1969 1363 1995 omnes
1389 1960 1421 1989 et
1452 1949 1611 1993 singulos,
1639 1952 1721 1987 quos
1753 1939 1828 1971 illae
1858 1940 1988 1967 concer-

1251 2020 1351 2053 nunt,
1377 2006 1515 2054 perinde
1541 2005 1672 2035 arctare„
1688 1999 1720 2028 et
1744 1991 1882 2027 afficere,
1903 1995 1939 2019 ac
1963 1983 1988 2016 si

1253 2067 1430 2109 unicuique
1463 2066 1575 2093 eorum
1611 2046 1800 2086 nominatim
1825 2048 1857 2075 et
1881 2048 1992 2084 perso-

1254 2122 1372 2157 naliter
1395 2115 1561 2150 intimatae
1591 2106 1751 2140 suissent:
1785 2102 1886 2139 utque
1911 2092 1993 2135 ipsa-

1255 2185 1326 2209 rum
1351 2172 1530 2206 littcrarum
1560 2153 1780 2198 transumptis,
1806 2159 1861 2182 seu
1894 2154 1996 2179 exem-

1258 2228 1321 2272 plis
1347 2220 1442 2258 etc‚¹.

1303 2279 1416 2312 Datum
1441 2272 1571 2306 Romae,
1605 2261 1691 2307 apud
1720 2259 1751 2292 S.
1778 2254 1910 2290 Mariam
1933 2250 1998 2284 Ma-

1262 2333 1376 2369 iorem,
1414 2325 1471 2359 sub
1508 2318 1630 2355 annulo
1666 2308 1852 2347 Piscatoris,
1887 2304 1939 2338 die
1962 2311 2000 2335 xx

1263 2381 1406 2418 octobris
1423 2382 1588 2413 MDCCXVH,
1603 2365 1811 2414 pontificatus
1827 2357 1927 2393 nostri
1946 2365 2002 2389 an-

1266 2447 1307 2471 no
1332 2444 1408 2469 xvii.

1304 2498 1362 2524 Dat.
1379 2494 1423 2520 die
1442 2491 1478 2518 ⁶20
1496 2486 1613 2516 octobris
1634 2482 1711 2516 1717,
1733 2476 1833 2515 pontif.
1850 2481 1923 2502 anno
1938 2475 2004 2499 xvn.

1308 2606 1317 2632 l
1334 2601 1446 2636 [leliqua
1462 2597 1494 2625 de
1511 2601 1584 2622 more
1599 2591 1689 2623 solito,
1706 2591 1734 2615 ut
1749 2593 1809 2622 pag.
1825 2581 1876 2611 704
1887 2590 1904 2609 a
1917 2576 2008 2616 (ῐι.”τ.).

1535 2653 1757 2666 θ’-ῤ

1932 239 1982 265 An.
2002 238 2032 263 C.
2054 234 2121 262 ⁴717

2013 1304 2158 1326 Praesenuum

1974 1333 2089 1358 publicatio
2100 1334 2121 1351 et
2135 1331 2159 1350 fi-

1227 1377 1356 1410 litterae
1382 1371 1414 1402 in
1438 1365 1519 1401 locis
1545 1359 1660 1396 ditioni
1684 1354 1870 1401 praedictae
1895 1358 1965 1382 sae·
1976 1360 2021 1380 aes.
