2269 3203
246 232 296 259 An*
315 232 344 259 C,
370 230 435 258 1723
482 222 546 255 944

526 279 543 296 Γ

286 292 348 312 Fides
373 294 430 312 tran-

245 322 384 345 sumptorum.

287 1133 430 1153 accensentur

246 1159 355 1183 fundano,
372 1166 409 1179 eve
423 1169 430 1174 -

244 1192 291 1209 ruo,
308 1186 431 1205 reaedifica-

245 1214 275 1232 tm
291 1214 311 1232 et
330 1218 431 1237 aggrega-

245 1240 274 1258 tio
303 1238 354 1258 dicti
383 1244 430 1258 cue-

245 1264 303 1284 nnbu
329 1270 431 1284 memora-

246 1293 279 1311 tae
297 1292 428 1316 provinciae.

486 280 501 323 g
527 291 557 312 ο.
585 280 740 313 Volumus
774 284 898 320 autem,
930 284 963 311 ut
995 277 1182 311 earumdem

441 333 660 376 praesentium
678 332 860 365 litterarum
876 331 1098 374 transumptis,
1109 328 1182 363 etc.¹

485 385 598 417 Datum
626 385 762 424 Romae,
791 385 875 427 apud
901 383 932 416 S.
960 383 1090 416 Mariam
1115 383 1180 415 Ma-

441 438 543 471 iorem
569 437 628 470 sub
655 438 775 470 annulo
802 435 987 476 piscatoris,
1014 435 1065 468 die
1087 435 1184 469 111iu-

441 490 484 522 nii
503 499 679 530 MDccxxln,
692 489 900 532 pontificatus
915 488 1016 521 nostri
1032 498 1118 521 anno
1132 497 1180 521 111.

476 551 535 578 Dat.
558 550 602 577 die
624 551 639 578 3
659 550 727 577 iunii
748 550 827 583 1722,
850 548 950 585 pontif.
972 556 1044 576 anno
1064 555 1104 575 111.

746 692 877 725 xxxvl.

443 773 664 815 Confirmalur
696 772 882 806 constitutio
915 771 1102 805 Imzocentii
1134 770 1187 804 XI

483 825 522 858 de
555 825 704 858 coenobio
740 825 946 858 Thoruizensi
975 823 1185 867 ayyreyando

481 878 671 921 provinciae
695 877 856 911 Poloniae
879 877 1016 910 maioris
1040 878 1184 919 fratrum

484 931 655 965 Minorum
679 930 717 964 de
743 929 988 964 Observantiffl.

617 1009 813 1038 Innocentius
842 1009 920 1043 Papa
939 1009 1006 1037 XIII

583 1055 620 1082 ad
640 1055 773 1081 futuram
792 1053 836 1081 rei
857 1053 1041 1081 memoriam.

485 1127 500 1169 g
525 1125 556 1158 1.
586 1125 672 1158 Alias
698 1124 801 1157 felicis
828 1124 1066 1157 recordationis
1089 1123 1184 1157 Inno-

442 1178 549 1211 centio
563 1178 668 1220 Papae
681 1177 719 1210 XI
739 1176 984 1220 praedecessori
999 1182 1110 1209 nostro
1124 1186 1183 1219 pro

441 1235 532 1273 parte
547 1235 622 1262 tunc
637 1229 802 1262 existentis
817 1229 960 1262 ministri
975 1229 1184 1272 provincialis

442 1282 598 1316 Poloniae
623 1282 755 1315 maioris
775 1281 904 1315 Ordinis
926 1282 1063 1314 fratrum
1084 1282 1184 1315 Mino-

441 1346 514 1368 run]
528 1334 631 1368 sancti
647 1334 808 1368 Francisci
824 1335 862 1367 de
877 1334 1090 1368 Observantia
1103 1344 1184 1367 nun-

441 1394 636 1433 cupatorum
653 1388 814 1431 exposito,
830 1389 916 1432 quod
932 1388 1054 1421 dudum
1068 1387 1101 1420 in
1120 1387 1183 1420 vim

441 1442 651 1486 quarumdam
677 1441 858 1474 litterarum
894 1441 1090 1474 recolendae
1116 1451 1183 1473 me-

440 1495 562 1529 moriae
596 1494 684 1528 Pauli
717 1494 821 1537 Papae
854 1494 879 1526 ΙΙ
914 1493 1182 1537 praedecessoris

440 1549 567 1592 pariter
591 1548 692 1581 nostri
719 1558 805 1580 anno
825 1547 1063 1580 Incarnationis
1084 1548 1183 1580 domi-

440 1602 532 1634 nicae
557 1610 727 1641 MCDLXVII,
752 1610 802 1633 xv1
829 1600 984 1633 kalendas
1010 1600 1181 1642 februarii,

441 1654 647 1697 pontificatus
683 1653 730 1685 sui
761 1663 847 1685 anuo
885 1663 913 1686 1v
940 1653 1181 1696 expeditarum,

441 1713 506 1739 tres
524 1711 703 1738 conventus
723 1704 798 1737 dicti
817 1704 953 1744 Ordinis,
971 1715 1087 1748 nempe
1103 1705 1184 1738 Tho-

440 1758 592 1791 runensis
619 1757 776 1790 dioecesis
801 1757 991 1798 Culmensis,
1017 1757 1183 1790 Gedanen-

441 1812 484 1844 sis
518 1811 680 1844 dioecesis
706 1809 970 1843 Yladislaviensis
1004 1816 1036 1843 et
1068 1810 1183 1843 Civita-

441 1867 610 1906 tisnovae,
655 1870 686 1897 et
726 1864 933 1907 Elbingensis
973 1863 1182 1898 Germanicae

441 1918 599 1951 dioecesis
622 1916 820 1950 Vormiensis
847 1917 906 1949 sub
928 1917 1088 1959 gubernio
1108 1922 1183 1950 tunc

441 1971 539 2004 etiam
583 1970 751 2002 existentis
793 1969 932 2001 ministri
975 1969 1183 2013 provincialis

440 2023 628 2067 provinciae
670 2022 827 2055 Saxoniae
870 2022 991 2055 fundati
1032 2023 1183 2056 fuerant:

441 2087 554 2109 verum
595 2075 733 2108 subinde
771 2075 867 2109 iidem
906 2081 971 2109 tres
1008 2081 1183 2110 conventus

442 2131 506 2162 una
538 2139 610 2161 cum
644 2128 776 2172 reliquis
814 2128 959 2161 eiusdem
996 2129 1183 2172 provinciae

441 2181 601 2215 Saxoniae
628 2181 840 2214 conventibus
865 2181 904 2214 ab
930 2181 1104 2215 haereticis
1129 2182 1184 2215 de-

443 2233 555 2266 structi
582 2233 725 2273 fuerant,
753 2234 901 2277 dictaque
932 2234 1098 2277 provincia
1130 2234 1184 2268 Sa-

480 2305 491 2330 1
515 2302 627 2337 Reliqua
647 2306 677 2329 ut
696 2310 757 2337 pag.
779 2303 830 2330 704
849 2310 868 2329 α
888 2305 926 2335 (a.
943 2305 993 2336 τ.).

476 2348 493 2374 2
513 2347 609 2374 Variae
626 2347 831 2373 constitutiones
850 2347 1018 2382 pertinentes
1046 2347 1078 2375 ad
1092 2348 1184 2375 huius-

441 2391 514 2419 modi
540 2390 704 2418 coenobium
728 2390 772 2417 hic
798 2391 964 2418 reseruntur.
986 2392 1024 2418 De
1052 2391 1184 2419 divisione

442 2436 599 2471 provinciae
614 2435 642 2461 S.
660 2434 766 2461 Antonii
781 2435 807 2461 in
824 2435 961 2470 Hispania,
973 2435 1033 2462 vide
1050 2436 1184 2462 Innocen-

442 2481 472 2507 tii
488 2480 531 2507 Xll
547 2483 633 2507 const.
647 2479 825 2513 ed.mncxc1v‚
838 2480 880 2506 die
897 2481 929 2507 19
945 2480 1017 2513 maii,
1030 2480 1125 2515 pontif.
1139 2486 1182 2514 1¹13

442 2524 469 2551 in
492 2523 629 2551 Benedicti
644 2523 703 2550 XIII
726 2527 815 2551 const.
832 2524 876 2550 ed.
891 2530 1063 2558 Muccxxvm,
1085 2525 1129 2551 die
1149 2531 1185 2551 vu

442 2569 545 2602 martii,
566 2568 663 2603 pontif.
681 2574 705 2603 v,
723 2571 794 2595 extat
809 2567 956 2604 prohibitio
976 2568 1099 2604 erigendi
1120 2577 1183 2598 eoe-

443 2613 524 2642 nobia
538 2613 565 2640 in
585 2613 731 2650 Hispanus.

1026 230 1205 254 RULLARIUM
1233 230 1386 254 ROMANL'M

1226 277 1341 311 xoniae
1367 279 1435 311 solo
1467 277 1560 311 titulo
1585 276 1697 310 Ordini
1721 277 1891 321 praedicto
1916 287 1966 311 re-

1226 336 1406 364 manserat:
1440 341 1538 375 porro
1575 331 1632 363 sub
1663 330 1853 374 pontificatu
1893 330 1966 373 piae

1227 384 1403 418 memoriae
1428 383 1600 417 Clementis
1621 383 1681 417 1³1³.
1695 383 1759 416 VIII
1776 383 1967 427 praedeces-

1227 438 1309 470 soris
1334 437 1456 480 pariter
1480 437 1593 477 nostri,
1613 447 1685 470 cum
1704 436 1806 470 dictos
1828 447 1968 470 conven-

1228 496 1277 523 tus
1301 490 1550 523 Civitatisnovae
1575 501 1633 523 seu
1657 489 1785 532 Elbingi
1803 489 1968 523 Germani-

1227 553 1282 576 cae
1308 548 1340 576 et
1363 542 1609 576 Thorunensem
1629 542 1847 586 recuperandi
1867 548 1899 575 et
1915 553 1968 576 re-

1228 595 1422 628 aedificandi
1447 606 1520 639 spes
1546 595 1654 638 aliqua
1674 594 1861 635 effulsisset,
1881 594 1965 628 idern

1227 649 1376 682 Clemens
1393 650 1628 692 praedecessor
1642 659 1702 692 per
1719 649 1874 692 quasdam
1893 658 1967 682 suas

1229 703 1261 735 in
1285 702 1383 736 simili
1415 703 1516 736 forma
1549 702 1660 736 Brevis
1689 702 1815 735 litteras
1846 702 1898 734 die
1923 710 1966 736 xn

1228 755 1297 788 iulii
1321 764 1427 789 MDcm
1452 760 1616 788 emanatas
1637 755 1698 788 hos
1725 755 1805 787 duos
1832 763 1968 787 conven‘

1230 816 1278 841 tus
1306 807 1492 852 provinciae
1527 807 1682 840 Poloniae
1714 806 1844 840 Ordinis
1872 817 1966 850 prae-

1229 860 1305 894 dicti
1336 865 1569 902 aggregaverat
1592 865 1623 893 et
1648 864 1864 903 supposuerat
1880 885 1887 899 ,
1914 869 1968 892 ve-

1228 924 1298 946 rum
1326 912 1408 946 nihil
1442 912 1574 956 quidem
1610 917 1686 945 tunc
1713 911 1864 955 temporis
1889 909 1966 944 effe-

1228 971 1312 998 ctum
1340 966 1457 1006 suerat3
1490 965 1547 997 sed
1571 964 1707 997 subinde
1740 973 1814 1006 spes
1839 962 1967 1006 praedi-

1228 1023 1277 1051 cta
1302 1018 1460 1051 revixerat
1477 1016 1534 1049 sub
1552 1016 1741 1060 pontificatu
1758 1015 1831 1058 piae
1849 1025 1967 1048 memo-

1228 1071 1295 1104 riae
1326 1069 1446 1103 Urbani
1472 1069 1537 1102 VIll
1573 1069 1668 1102 etiam
1703 1067 1966 1111 praedecessoris

1227 1123 1340 1163 nostri,
1356 1123 1417 1163 cui,
1433 1132 1504 1156 cum
1519 1121 1699 1164 expositum
1718 1121 1829 1154 suisset
1849 1121 1967 1153 dictam

1227 1176 1427 1220 provinciam
1453 1175 1605 1208 Poloniae
1631 1185 1691 1218 pro
1717 1174 1830 1207 maiori
1849 1174 1968 1217 guber-

1227 1231 1272 1263 nii
1288 1229 1517 1262 commoditate
1531 1229 1563 1261 in
1579 1229 1657 1262 duas
1676 1238 1793 1271 nempe
1809 1228 1965 1263 Poloniae

1227 1283 1359 1316 maioris
1385 1287 1417 1315 et
1442 1282 1596 1315 Poloniae
1626 1281 1762 1314 minoris
1786 1281 1967 1324 provincias

1228 1336 1360 1370 divisam
1386 1334 1577 1378 suisse,ipse
1594 1334 1744 1367 Urbanus
1769 1335 1966 1377 praedeces-

1227 1400 1292 1430 sor,
1313 1388 1390 1432 per¹
1408 1388 1563 1432 quasdam
1582 1397 1654 1420 suas
1676 1387 1788 1420 itidem
1807 1387 1839 1420 in
1862 1388 1966 1421 forma

1226 1442 1334 1476 Brevis
1361 1441 1412 1474 die
1437 1450 1459 1473 11
1483 1439 1668 1473 novembris
1685 1449 1817 1474 MDCXLH
1835 1441 1966 1484 expedi·

1227 1501 1273 1528 tas
1298 1495 1432 1535 litteras,
1459 1493 1591 1527 eosdem
1613 1493 1693 1526 duos
1719 1499 1897 1527 conventus
1922 1493 1968 1527 di·

1226 1554 1296 1582 ctae
1322 1547 1508 1591 provinciae
1529 1546 1685 1579 Poloniae
1710 1545 1841 1579 maioris
1857 1557 1968 1590 aggre-

1225 1606 1374 1643 gaverat,
1409 1600 1542 1643 Deoque
1579 1599 1704 1631 favente
1741 1599 1780 1631 de
1814 1600 1966 1633 manibus

1226 1653 1469 1686 haereticorum
1495 1657 1706 1694 recuperatus
1730 1651 1836 1685 suerat
1862 1652 1967 1685 dictus

1225 1710 1407 1739 conventus
1439 1704 1709 1744 Civitatisnovae‚
1741 1713 1799 1737 seu
1835 1704 1966 1747 Elbingi

1225 1757 1445 1798 Germanicae,
1461 1757 1515 1800 qui
1531 1757 1692 1799 gubernio
1709 1756 1895 1800 primodicti
1910 1757 1968 1790 mi-

1226 1812 1319 1844 nistri
1344 1810 1554 1855 provincialis
1578 1809 1770 1852 exponentis
1796 1815 1873 1843 tunc
1892 1811 1968 1843 sub-

1225 1865 1368 1904 iacebat,
1403 1869 1434 1896 et
1458 1863 1521 1895 iam
1547 1863 1740 1906 sperabatur
1772 1868 1968 1896 conventum

1226 1928 1358 1962 quoque
1379 1917 1628 1950 Thorunensem
1652 1916 1857 1960 praedictum
1881 1917 1968 1960 pari-

1226 1977 1276 2004 ter
1300 1974 1570 2014 recuperaturum
1595 1968 1695 2002 fuisse
1712 1970 1790 2001 cura
1807 1973 1839 2001 et
1856 1969 1965 2003 studio

1226 2025 1333 2058 bonae
1357 2023 1534 2057 memoriae
1572 2028 1646 2056 tunc
1671 2022 1769 2056 etiam
1795 2022 1965 2056 existentis

1226 2078 1372 2122 episcopi
1398 2075 1590 2117 Culmensis,
1613 2075 1667 2120 qui
1686 2086 1745 2119 pro
1763 2086 1963 2120 recuperan-

1227 2130 1276 2164 dis
1298 2141 1335 2163 ex
1356 2129 1596 2163 baereticorum
1615 2129 1764 2162 manibus
1782 2139 1859 2163 suae
1877 2129 1966 2163 dioe-

1227 2183 1309 2217 cesis
1334 2183 1414 2216 locis
1430 2182 1595 2226 intrepide
1617 2182 1798 2215 laborabat:
1817 2181 1897 2215 etin
1916 2183 1966 2215 ea-

1228 2237 1299 2270 dem
1313 2236 1518 2280 expositione
1533 2234 1876 2278 subiuncto,quod²,ut
1888 2234 1965 2268 dicti

1227 2294 1403 2323 conventus
1417 2288 1640 2322 Thorunensis
1653 2288 1857 2331 recuperatio
1871 2289 1910 2321 ad
1923 2289 1967 2322 sa-

1227 2353 1334 2376 vorem
1362 2342 1569 2385 supradictae
1600 2340 1786 2383 provinciae
1811 2341 1966 2377 Poloniae

1227 2395 1360 2427 maioris
1386 2405 1458 2427 cum
1478 2393 1593 2427 maiori
1612 2393 1721 2436 quiete
1742 2399 1773 2427 et
1790 2394 1965 2427 securitate

1227 2447 1328 2488 fieret,
1354 2447 1568 2490 primodictus
1593 2446 1742 2479 minister
1756 2446 1964 2489 provincialis

1228 2511 1404 2544 exponens,
1421 2500 1549 2543 gratiaS,
1570 2510 1587 2532 a
1605 2500 1789 2533 memoratis
1807 2499 1966 2533 Pontifici-

1264 2573 1274 2597 1
1296 2570 1448 2605 Praeposit.
1465 2578 1520 2604 per
1540 2577 1589 2596 nos
1609 2568 1732 2596 addimus
1753 2570 1792 2602 (n.
1808 2571 1858 2602 T.).

1260 2615 1276 2642 2
1296 2615 1429 2643 Particul.
1451 2614 1527 2650 quod
1548 2622 1596 2642 nos
1616 2613 1740 2642 addimus
1758 2616 1798 2650 (n.
1820 2613 1869 2649 τ.).

1977 229 2025 255 An.
2039 228 2069 255 C.
2095 228 2162 256 1723
