2269 3203
315 240 362 267 Αη.
381 241 409 266 (2.
435 240 501 266 1710

548 230 613 264 384

506 288 598 329 vitae,
626 288 798 322 virtutibus
819 293 850 322 ct
870 288 1044 329 miraculis,
1063 299 1134 322 cum
1156 287 1246 321 exhi-

506 341 630 375 bitione
655 341 750 375 etiam
776 343 1009 375 nonnullorum
1040 341 1245 384 antiquorum

507 396 777 428 documentorum
804 405 903 438 super
928 394 1131 437 stigmatibus
1163 404 1244 437 quae

508 448 587 480 inibi
607 447 757 481 dicuntur
775 447 933 490 impressa
951 447 983 479 in
1002 457 1141 490 corpore
1155 457 1245 489 prae·

509 501 612 534 dictae
637 501 751 534 beatae
775 500 911 542 Luciac>
938 500 1102 532 decretum
1131 499 1244 540 suerit,

508 554 627 596 signari
646 563 741 596 posse
759 552 1018 585 commissionem
1037 551 1246 584 introductio-

508 607 556 639 nis
582 605 678 638 huius
715 615 830 637 causae
863 604 968 637 eidem
994 603 1244 647 Congregationi

507 658 719 691 cardinalium
737 657 903 698 directam,
923 663 957 689 ut
973 662 1188 700 cognosceret
1205 668 1245 690 an

507 711 569 744 rite
595 715 627 744 et
660 716 747 744 recte
772 710 1024 753 pronunciatum
1049 710 1161 743 suisset
1185 720 1246 753 per

507 763 727 807 supradictum
741 763 949 796 Franciscum
959 762 1089 796 Mariam
1104 763 1246 796 cardina-

506 818 568 850 lem
590 822 621 849 et
641 817 823 860 praesulem
842 826 940 859 super
958 826 1033 849 casu
1055 820 1189 859 excepto
1208 826 1243 848 ex

505 868 770 909 immemorabili,
796 868 828 900 in
849 868 1037 901 huiusmodi
1063 878 1137 901 vero
1164 878 1246 901 com-

506 921 670 955 missionis
695 920 936 961 executionem,
963 920 1100 953 subinde
1126 930 1142 952 a
1171 920 1245 963 piae

506 975 680 1008 memoriae
722 974 903 1007 Alexandro
939 974 1024 1018 Papa
1058 973 1108 1007 vn
1149 973 1245 1006 etiam

507 1027 764 1070 praedecessore
796 1032 907 1060 nostro
941 1026 1096 1069 signatae,
1126 1036 1243 1070 nuper,

509 1090 627 1123 nempe
639 1079 689 1113 die
699 1090 736 1113 xv
748 1079 902 1113 februarii
913 1079 1058 1123 proxime
1068 1079 1244 1123 praeteriti,

507 1133 548 1167 ad
574 1132 771 1166 humillimas
796 1132 908 1165 itidem
926 1142 1039 1176 preces
1059 1131 1167 1165 dilecti
1188 1130 1245 1164 filii

506 1185 612 1219 nostri
630 1185 759 1229 losephi
780 1185 864 1218 tituli
889 1185 917 1218 S.
933 1185 1047 1218 Mariae
1061 1185 1246 1228 Transpon-

507 1239 592 1273 tinae
619 1239 763 1272 eiusdem
788 1237 819 1271 S.
846 1238 883 1270 R.
911 1238 944 1271 E.
972 1238 1151 1282 presbyteri
1178 1248 1246 1271 car-

506 1292 622 1326 dinalis
639 1291 835 1334 Sacripantis
862 1291 1052 1335 nuncupati,
1072 1291 1167 1324 etiarn
1186 1302 1245 1324 no-

507 1346 594 1379 mine
620 1346 811 1378 dilectorum
838 1344 978 1378 tiliorum
1005 1344 1245 1377 communitatis

507 1404 539 1432 et
557 1398 726 1432 hominum
745 1398 848 1431 dictae
866 1397 1003 1430 civitatis
1020 1403 1151 1430 nostrae
1169 1397 1246 1430 Nar-

506 1452 637 1491 niensis,
664 1451 785 1494 patriae
811 1461 896 1491 suae,
922 1456 1097 1494 porrectas,
1118 1461 1244 1484 necnon

507 1504 616 1538 dilecti
642 1503 697 1537 filii
717 1503 870 1536 Antonini
890 1503 1009 1536 Cloche
1028 1503 1171 1546 magistri
1191 1515 1244 1546 ge-

506 1557 626 1590 neralis
650 1556 819 1590 memorati
845 1555 973 1589 Ordinis
999 1556 1130 1589 fratrum
1150 1556 1245 1590 Prae-

507 1610 687 1643 dicatorum
704 1620 739 1643 ac
757 1609 945 1642 dilectarum
966 1609 996 1642 in
1021 1609 1151 1643 Christo
1168 1609 1244 1643 filia-

507 1673 578 1696 rum
603 1662 793 1696 monialium
824 1662 1013 1696 monasterii
1041 1662 1072 1696 S.
1100 1662 1244 1696 Cathari-

507 1727 567 1750 nae
608 1717 646 1749 de
687 1716 780 1749 Senis
819 1716 981 1759 praefatae
1021 1717 1156 1749 civitatis
1189 1727 1244 1750 no-

507 1775 591 1803 strae
623 1769 859 1810 Ferrariensis,
889 1775 986 1813 prout
1011 1770 1106 1802 etiam
1136 1770 1243 1803 dilecti

507 1823 564 1856 filii
590 1823 732 1856 Thomae
746 1823 866 1866 Ripoll,
881 1823 987 1856 fratris
1006 1833 1157 1866 expresse
1174 1834 1245 1866 pro—

508 1876 584 1909 fessi
604 1875 750 1910 eiusdem
768 1875 907 1916 Ordinis,
925 1875 956 1908 in
974 1878 1064 1909 sacra
1081 1876 1244 1919 theologia

508 1929 666 1972 magistri,
685 1939 801 1962 causae
817 1929 1003 1962 huiusmodi
1025 1929 1242 1972 postillatoris,

507 1981 538 2014 in
563 1982 818 2025 Congregatione
848 1982 1084 2016 venerabilium
1111 1983 1243 2015 fratrum

508 2039 693 2068 nostrorum
718 2034 819 2078 ipsius
852 2035 882 2067 S.
910 2035 947 2067 R.
966 2035 1001 2068 E.
1030 2036 1242 2068 cardinalium

508 2087 627 2120 eisdem
660 2087 758 2120 sacris
796 2086 911 2120 ritibus
940 2087 1201 2131 praepositorum
1227 2098 1243 2120 a

508 2139 628 2173 dilecto
654 2139 749 2173 etiam
775 2139 840 2173 tilio
865 2145 974 2173 nostro
1000 2141 1124 2174 Thoma
1162 2141 1242 2174 tituli

506 2192 538 2227 S.
571 2192 745 2225 Clementis
777 2192 881 2225 dictae
913 2193 943 2226 S.
976 2193 1012 2226 R.
1045 2193 1079 2226 E.
1110 2194 1243 2237 presby-

508 2250 577 2277 tero
612 2244 767 2276 cardinali
802 2245 950 2277 Ferrario
985 2251 1182 2288 nuncupato,
1211 2246 1240 2278 in

507 2297 613 2329 locum
640 2297 806 2329 memorati
828 2297 919 2330 Bacci
946 2298 1120 2330 cardinalis
1144 2298 1243 2341 depu-

508 2354 574 2382 tato
611 2359 666 2381 seu
703 2349 886 2392 subrogato,
913 2350 1116 2393 propositum
1147 2350 1244 2383 tuerit

508 2400 654 2441 dubium,
673 2411 711 2433 an
730 2401 892 2434 sententia
910 2402 1066 2444 praedicti
1082 2402 1241 2435 Francisci

506 2453 623 2487 Mariae
637 2453 809 2487 cardinalis
825 2459 856 2487 et
869 2455 1025 2497 praesulis
1041 2465 1140 2497 super
1154 2455 1242 2488 cultu

508 2506 758 2540 immemorabili
798 2517 873 2549 erga
908 2507 1083 2549 praefatam
1117 2508 1243 2540 beatam

507 2560 636 2593 Luciam
661 2559 816 2603 praestito
853 2564 941 2593 esset
965 2559 1186 2594 confirmanda
1210 2561 1242 2594 in

508 2623 583 2648 casu
608 2618 639 2648 et
658 2613 697 2648 ad
722 2611 869 2648 effectum
894 2613 932 2647 de
962 2623 1027 2659 quo
1061 2613 1239 2658 agebatur,

1087 240 1264 263 mmmmm
1290 240 1441 263 ROMAM'M

1288 287 1473 331 auditisque
1499 288 1654 331 desuper,
1682 292 1746 320 tam
1770 288 1802 321 in
1828 298 1904 322 voce
1929 299 2022 333 quam

1288 341 1321 373 in
1340 341 1477 385 scriptis,
1498 340 1588 384 prius
1605 341 1736 385 quidem
1752 342 1914 385 quondam
1931 342 2023 376 Ioan-

1288 404 1328 426 ne
1354 393 1497 436 Baptista
1522 393 1673 433 Bottinio,
1695 394 1770 427 dum
1795 393 1881 435 vixit,
1899 395 1966 428 fisci
1992 401 2025 429 et

1289 445 1439 479 Gamerae
1472 451 1601 479 nostrae
1636 446 1834 489 apostolicae
1859 447 2023 488 advocato,

1289 503 1384 541 atque
1417 499 1455 531 ad
1491 499 1690 542 supplendas
1720 499 1803 532 vices
1826 500 2024 534 venerabilis

1289 551 1395 585 fratris
1423 551 1571 596 Prosperi
1602 552 1838 596 archiepiscopi
1871 553 2023 597 Myrensis

1288 605 1482 647 promotoris
1518 604 1592 638 fidei
1628 605 1812 648 specialiter
1844 606 2022 650 deputato,

1288 656 1424 690 subinde
1449 667 1525 690 vero
1551 657 1669 691 dilecto
1700 657 1767 691 lilio
1800 658 1958 702 Prospero
1984 659 2024 692 de

1289 709 1513 750 Lambertinis,
1528 711 1619 743 aulae
1638 716 1768 744 nostrae
1790 711 2023 745 consistorialis

1288 763 1454 802 advocato,
1479 772 1608 796 necnon
1634 763 1777 796 eiusdem
1798 763 1948 807 Prosperi
1974 774 2024 796 ar-

1288 814 1492 858 chiepiscopi
1526 821 1557 849 et
1588 815 1783 859 promotoris
1816 815 2022 856 coadiutore,

1288 868 1490 901 ultimodicta
1503 867 1716 912 Congregatio
1728 868 1939 902 cardinalium
1953 879 2024 902 cen-

1288 920 1389 953 suerit
1412 921 1608 954 sententiam
1633 921 1767 964 praefati
1785 921 1945 955 Francisci
1962 922 2024 955 Ma-

1288 974 1354 1007 riae
1385 973 1557 1007 cardinalis
1593 979 1625 1007 et
1659 974 1817 1017 praesulis
1854 979 1889 1006 ut
1924 985 2021 1018 prae-

1289 1027 1389 1060 fertur
1413 1028 1509 1060 latam
1534 1038 1630 1071 super
1661 1029 1748 1062 cultu
1772 1027 2024 1061 immemorabili

1289 1090 1355 1113 non
1380 1090 1450 1113 esse
1476 1079 1701 1114 infirmandam
1727 1081 1758 1113 in
1784 1090 1858 1113 casu
1877 1081 1966 1113 etad
1985 1081 2024 1113 es·

1290 1133 1409 1165 sectum
1434 1133 1472 1166 de
1499 1144 1562 1177 quo
1588 1134 1755 1176 agebatur,
1791 1133 1817 1166 si
1854 1133 1897 1166 ita
1928 1133 2023 1166 nobis

1290 1186 1389 1219 risum
1411 1187 1544 1220 suisset:
1572 1187 1648 1219 hinc
1679 1193 1729 1220 est
1753 1187 1841 1230 quod
1866 1197 1936 1227 nos,
1962 1186 2024 1230 piis

1288 1245 1384 1283 atque
1410 1239 1510 1272 enixis
1536 1239 1681 1272 eiusdem
1698 1239 1826 1282 Iosepbi
1852 1238 2024 1273 cardinalis

1289 1293 1577 1336 supplicationibus
1602 1293 1697 1326 nobis
1721 1303 1820 1335 super
1840 1292 1903 1325 hoc
1920 1292 2026 1325 humi-

1289 1346 1361 1379 liter
1379 1347 1535 1389 porrectis
1557 1345 1777 1379 favorabiliter
1801 1356 1943 1379 annuere
1968 1357 2025 1379 cu-

1288 1399 1425 1443 pienteS,
1444 1399 1605 1432 decretum
1631 1399 1670 1431 ab
1695 1399 1897 1432 ultimodicta
1920 1399 2026 1432 cardi-

1288 1452 1407 1485 nalium
1431 1452 1688 1494 Congregatione
1714 1452 1848 1492 editum,
1875 1457 1911 1484 ut
1933 1462 2026 1495 prae-

1289 1505 1401 1545 fertur,
1419 1504 1505 1548 quod
1527 1504 1651 1538 scilicet
1667 1504 1828 1538 sententia
1849 1504 2025 1548 supradicti

1288 1557 1448 1590 Francisci
1466 1557 1581 1590 Mariae
1608 1557 1779 1591 cardinalis
1805 1563 1837 1591 et
1860 1557 2024 1601 praesulis

1288 1620 1385 1654 snper
1410 1611 1497 1643 cultu
1523 1610 1770 1644 immemorabili
1788 1610 1893 1644 dictae
1910 1610 2024 1644 beatae

1287 1663 1402 1696 aniae
1440 1673 1505 1696 non
1541 1662 1582 1695 sit
1617 1662 1818 1703 infirmanda,
1844 1663 2025 1707 apostolica

1287 1715 1489 1756 auctoritate,
1508 1721 1621 1748 tenore
1647 1715 1879 1759 praesentium,
1906 1714 2025 1748 confir-

1288 1779 1413 1802 mamus
1435 1774 1467 1801 et
1489 1768 1720 1812 approbamus,
1749 1768 1863 1811 illique
1890 1767 2026 1801 inviola-

1287 1821 1362 1855 bilis
1393 1821 1552 1854 firmitatis
1584 1821 1686 1853 robur
1721 1819 1907 1861 adiicimus;
1938 1819 2025 1852 salva

1287 1879 1395 1908 tamen
1429 1884 1558 1917 semper
1593 1873 1626 1906 in
1665 1873 1850 1916 praemissis
1887 1871 2025 1905 auctori-

1289 1933 1352 1961 tate
1379 1926 1601 1960 nltimodictae
1626 1924 1897 1969 Congregationis
1921 1924 2025 1959 cardi-

1287 1981 1422 2014 nalium.

1330 2034 1344 2077 g
1369 2033 1399 2065 ⁶2.
1427 2033 1654 2073 Decernentes‚
1676 2032 1806 2065 easdem
1832 2037 2025 2075 praesentes

1285 2086 1410 2120 litteras
1436 2094 1566 2128 semper
1589 2084 1708 2125 firmas,
1728 2084 1849 2118 validas
1868 2088 1900 2117 et
1918 2084 2024 2117 effica-

1286 2149 1338 2172 ces
1357 2138 1496 2172 existere
1514 2142 1546 2170 et
1561 2137 1648 2178 sore,
1664 2147 1803 2180 suosque
1816 2136 1981 2181 plenarios
1995 2141 2025 2169 et

1285 2192 1430 2234 integros
1455 2190 1586 2224 effectus
1610 2190 1718 2224 sortiri
1743 2195 1775 2223 et
1799 2189 1962 2230 obtinere,
1988 2200 2026 2223 ac

1285 2245 1362 2285 illis,
1388 2244 1427 2277 ad
1458 2254 1539 2288 quos
1576 2247 1701 2286 spectat
1738 2246 1769 2275 et
1800 2241 1962 2285 spectabit
1992 2242 2025 2276 in

1287 2297 1445 2337 futurum,
1474 2295 1665 2340 plenissime
1699 2294 1879 2337 suffragari,
1918 2300 1951 2328 et
1985 2296 2026 2329 ab

1285 2350 1331 2383 eis
1363 2349 1545 2393 respective
1574 2347 1808 2381 inviolabiliter
1833 2348 2023 2389 observari,

1285 2402 1397 2445 sicque
1415 2402 1447 2434 in
1464 2400 1649 2445 praemissis
1667 2412 1727 2445 per
1741 2411 1967 2446 quoscumque
1984 2402 2027 2435 iu-

1286 2454 1373 2488 dices
1390 2454 1576 2488 ordinarios
1596 2460 1628 2487 et
1645 2454 1822 2497 delegatos,
1842 2454 1940 2488 etiam
1958 2465 2027 2488 cau-

1285 2518 1392 2540 sarum
1418 2507 1529 2551 palatii
1556 2507 1728 2551 apostolici
1748 2508 1924 2547 auditores,
1942 2507 2026 2541 iudi-

1284 2561 1350 2594 cari
1385 2567 1416 2593 et
1444 2560 1571 2594 definiri
1596 2561 1715 2594 debere
1732 2588 1740 2602 ,
1774 2571 1811 2594 ac
1835 2560 1961 2594 irritum
1993 2565 2026 2593 et

1284 2614 1380 2650 inane
1415 2614 1442 2649 si
1471 2624 1564 2650 secus
1588 2624 1688 2659 super
1720 2614 1771 2649 his
1798 2624 1816 2650 a
1840 2623 2022 2660 quoquam,

2033 241 2082 268 An.
2098 241 2126 268 C.
2148 242 2216 269 1710

2063 2040 2182 2061 Clausum.
