2269 3203
294 225 345 252 An.
367 224 482 254 c.1713
528 215 592 249 560

318 1338 474 1358 Contrariorum

292 1365 408 1389 derogatio.

485 275 676 309 auctoritate
709 276 908 319 apostolica,
936 281 1049 309 tenore
1075 285 1225 318 praesen-

487 329 575 370 tium,
586 330 804 373 approbamus
815 335 845 362 et
854 329 1095 369 confirmamus,
1111 327 1224 371 illique

485 382 681 416 inviolabilis
710 383 909 426 apostolicae
938 381 1099 414 firmitatis
1125 381 1224 414 robur

485 435 669 475 adiicimus;
693 437 778 468 salva
799 441 905 467 tamen
931 444 1062 477 semper
1080 433 1111 466 in
1129 444 1224 477 prae-

485 488 592 520 missis
613 487 804 520 auctoritate
826 486 1095 530 Congregationis
1120 485 1224 519 cardi-

484 541 618 574 nalium.
641 541 869 580 Decernentes,
885 540 1014 573 easdem
1033 545 1222 582 praesentes

485 595 609 627 litteras
624 604 753 637 semper
767 592 882 633 firmas,
897 593 1019 626 validas
1034 597 1065 625 et
1079 592 1224 625 efficaces

487 647 624 679 existere
650 652 682 679 et
706 646 797 688 sore,
826 656 970 689 suosque
999 644 1165 689 plenarios
1192 650 1225 677 ct

485 700 628 742 integros
655 698 785 733 effectus
809 699 918 732 sortiri
948 703 979 732 ct
1004 697 1162 739 obtinere,
1189 707 1224 730 ac

485 753 558 792 illis,
594 752 632 785 ad
666 763 746 796 quos
779 757 904 795 spectat
935 758 966 785 et
985 763 1045 795 pro
1079 757 1223 795 tempore

485 805 760 850 quandocumque
780 805 949 849 spectabit,
971 805 1002 837 in
1022 803 1171 838 omnibus
1193 808 1225 836 et

485 868 542 900 per
571 858 680 891 omnia
708 857 899 901 plenissime
928 856 1108 899 suffragari,
1128 861 1159 889 et
1185 855 1223 888 ab

484 911 530 944 eis
558 911 740 954 respective
774 910 1009 944 inviolabiliter
1041 909 1223 949 observari,

485 963 596 1006 sicque
616 963 646 995 in
662 963 849 1006 praemissis
868 973 927 1006 per
940 972 1158 1005 quoscumque
1178 961 1225 993 in·

485 1015 572 1048 dices
591 1016 774 1048 ordinarios
793 1020 824 1047 et
846 1015 1027 1057 delegatos,
1041 1014 1137 1046 etiam
1150 1023 1223 1045 cau-

484 1078 590 1101 sarum
612 1067 722 1112 palatii
748 1067 919 1111 apostolici
946 1067 1123 1107 auditores,
1143 1065 1225 1098 iudi·

485 1121 550 1154 cari
583 1126 615 1154 et
645 1120 772 1154 deliniri
802 1120 939 1161 debere,
973 1130 1008 1153 ac
1042 1119 1167 1152 irritum
1194 1125 1225 1152 et

485 1174 580 1207 inane
606 1174 631 1207 si
659 1184 752 1207 secus
780 1184 878 1218 super
913 1173 964 1206 his
990 1184 1007 1206 a
1036 1182 1222 1216 quoquam,

485 1226 596 1270 quavis
617 1227 817 1266 auctoritate,
839 1227 980 1259 scienter
1001 1227 1049 1259 vel
1076 1225 1226 1268 ignorau-

487 1287 545 1322 ter,
563 1280 763 1324 contingerit
785 1279 949 1313 attentari.

530 1334 593 1377 53.
614 1334 686 1367 Non
709 1332 913 1366 obstantibus
940 1331 1225 1366 constitutionibus

487 1393 517 1420 et
546 1387 809 1420 ordinationibus
841 1386 1049 1429 apostolicis,
1076 1395 1224 1426 necnon,

487 1445 649 1483 quatenus
668 1450 750 1483 opus
765 1439 816 1479 sit,
834 1439 1074 1483 provinciarum
1089 1444 1120 1472 et
1136 1438 1227 1471 Ordi-

487 1493 535 1525 nis
553 1492 803 1536 praedictorum‚
822 1493 918 1525 etiam
933 1492 1123 1531 iuramento,
1151 1502 1227 1525 con-

488 1545 670 1579 firmatione
683 1546 873 1588 apostolica,
889 1547 938 1579 vel
955 1545 1064 1589 quavis
1080 1545 1227 1577 firmitate

487 1599 549 1632 alia
559 1598 731 1638 roboratis,
747 1599 872 1631 statutis
884 1597 1225 1643 etcousuetudinilmsy

486 1651 666 1696 privilegiis
699 1661 852 1694 quoque,
884 1650 1017 1684 indultis
1052 1655 1083 1683 et
1111 1650 1228 1684 litteris

488 1705 678 1748 apostolicis
705 1705 736 1737 in
754 1705 950 1737 contrarium
976 1705 1227 1748 praemissorum

487 1758 733 1801 quomodolibet
763 1759 942 1798 concessis,
971 1757 1170 1791 confirmatis
1197 1763 1229 1790 et

488 1811 667 1851 innovatis;
702 1811 818 1855 quibus
834 1811 982 1845 omnibus
1011 1816 1042 1844 et
1073 1810 1225 1852 singulis,

487 1864 618 1897 illorum
645 1869 774 1897 tenores
802 1864 1031 1907 praesentibus
1051 1874 1111 1907 pro
1130 1863 1227 1906 plene

488 1923 519 1949 et
548 1916 747 1951 sufficienter
772 1917 936 1960 expressis
967 1927 1003 1949 ac
1031 1917 1069 1949 ad
1094 1917 1226 1949 verbum

487 1970 618 2003 insertis
630 1970 798 2010 habentes,
813 1970 876 2003 illis
894 1970 972 2003 alias
991 1970 1022 2002 in
1037 1979 1093 2003 suo
1109 1970 1227 2003 robore

488 2023 720 2065 permansuris,
740 2024 778 2057 ad
797 2023 1051 2068 praemissorum
1069 2022 1226 2063 effectum,

488 2076 547 2108 hac
566 2076 633 2109 vice
649 2077 821 2117 dumtaxat,
838 2077 1225 2120 specialiteretexpresse

487 2128 705 2171 derogamus3
742 2130 925 2173 ceterisque
962 2129 1134 2163 contrariis
1162 2130 1228 2173 qui-

486 2182 698 2226 buscumque.

532 2235 646 2268 Datum
668 2236 701 2268 in
719 2236 798 2269 Arce
820 2236 1015 2280 Gandalphi,
1035 2236 1227 2270 Albanensis

487 2287 657 2327 dioecesis,
677 2288 736 2320 sub
763 2290 884 2322 annulo
902 2289 1090 2329 Piscatoris,
1110 2289 1161 2322 die
1178 2299 1227 2323 xxt

487 2339 565 2372 iunii
598 2349 768 2380 nnccxm,
802 2340 1006 2384 pontificatus
1040 2341 1142 2374 nostri
1172 2351 1228 2373 an-

488 2404 530 2426 uo
558 2403 627 2427 xui.

523 2454 582 2481 Dat.
601 2454 645 2482 die
660 2454 689 2481 21
710 2454 775 2481 iunii
795 2455 873 2489 1713,
896 2455 994 2490 pontif.
1017 2462 1088 2483 anno
1105 2461 1158 2482 x111.

1075 225 1253 250 nt‘LLAB-tt't!
1278 225 1431 250 ROHANUM

1552 272 1719 308 CLxxxv.

1267 344 1463 378 Declaratur
1482 345 1610 378 mellum
1636 345 1777 378 edictum
1801 347 1931 379 nom-ine
1949 346 2005 379 du-

1311 399 1355 430 cis
1386 398 1570 432 Sabaudiae
1594 398 1719 431 editum
1741 409 1839 442 super
1861 400 2006 432 censuris

1311 451 1351 484 ab
1382 452 1525 494 episcopo
1562 451 1728 485 Casalensi
1754 451 1830 484 latis
1853 452 2007 485 adversus

1312 504 1458 536 comitem
1494 504 1674 544 Nemours,
1711 514 1785 537 cum
1816 504 1938 537 decreto
1969 505 2008 538 de

1311 556 1469 598 firmitate
1512 561 1540 589 et
1574 557 1782 590 observantici
1819 557 2008 591 carumdem

1312 619 1526 642 censurarum
1549 609 1570 644 ¹.

1481 689 1617 717 clemens
1644 690 1726 724 Papa
1746 690 1792 720 XI,

1409 733 1445 760 ad
1465 734 1599 761 futuram
1618 734 1663 761 rei
1682 734 1866 762 memoriam.

1311 803 1326 847 g
1341 803 1371 836 t.
1388 803 1457 837 Non
1470 804 1538 837 sine
1554 804 1676 847 ingenti
1691 805 1789 838 animi
1807 805 1907 839 nostri
1922 815 2006 840 moe·

1268 867 1343 890 rore
1369 856 1545 890 novissime
1575 857 1780 902 accepimus,
1808 858 1894 902 quod
1921 858 2006 901 (cum

1269 918 1385 952 nuper,
1405 919 1522 953 nempe
1540 920 1652 943 mense
1671 910 1762 944 iunio
1780 911 1929 954 proxime
1947 913 2006 946 ela-

1268 971 1337 1005 pso,
1358 961 1556 995 venerabilis
1577 962 1676 996 frater
1692 963 1806 996 Petrus
1822 963 2004 1005 Secundus,

1270 1014 1443 1057 episcopus
1459 1013 1652 1056 Casalensis,
1672 1015 1770 1049 divini
1785 1016 1921 1050 honoris
1934 1018 2006 1051 zelo

1269 1066 1395 1108 ductus,
1413 1067 1520 1111 palam
1546 1067 1883 1110 excommunicaverit,
1904 1079 1960 1102 seu
1973 1069 2006 1102 in

1268 1119 1426 1153 maiorem
1448 1120 1817 1155 excommunicationem
1839 1120 2004 1162 incidisse,

1269 1173 1419 1216 adeoque
1445 1173 1484 1206 ab
1502 1173 1653 1207 omnibus
1679 1174 1843 1208 vitandum
1864 1185 1934 1208 esse
1952 1174 2008 1208 de-

1270 1226 1439 1259 claraverit
1452 1226 1603 1259 comitem
1618 1226 1770 1260 Iacobum
1785 1227 1957 1269 Nemours,
1969 1238 2007 1262 eo

1270 1280 1345 1324 quia
1365 1280 1452 1324 ipse,
1471 1280 1546 1313 dum
1565 1280 1716 1313 solemnis
1735 1281 1933 1324 supplicatio
1950 1292 2007 1315 seu

1270 1333 1434 1377 processio
1453 1333 1506 1367 SS.
1527 1332 1678 1376 Corporis
1697 1333 1814 1366 Christi
1834 1334 1865 1366 in
1879 1334 2007 1368 civitate

1270 1387 1433 1420 Casalensi
1448 1386 1638 1428 habebatur,
1661 1392 1800 1420 nontam
1813 1387 1920 1420 loeiac
1934 1393 2008 1421 tcm-

1270 1440 1378 1484 poris‚
1402 1450 1497 1484 quam
1522 1439 1724 1473 reverentiae
1749 1439 1927 1484 episcopali
1954 1441 2005 1473 di-

1271 1493 1384 1537 gnitati
1404 1493 1532 1526 debitae
1547 1493 1727 1533 immemor,
1745 1498 1786 1534 et,
1805 1493 1890 1536 quod
1912 1494 2008 1536 longe

1272 1545 1415 1579 deterius
1447 1551 1515 1586 est,
1546 1545 1608 1589 ipsi
1639 1556 1770 1589 quoque
1802 1546 2008 1580 sanctissimo

1271 1598 1491 1631 Eucharistiae
1521 1604 1726 1632 sacramento
1761 1598 1889 1633 debitae
1913 1609 2009 1633 vene-

1271 1651 1406 1684 rationis
1424 1650 1555 1691 oblitus,
1575 1650 1720 1684 excitatis
1738 1650 1891 1684 inanibus
1910 1656 1940 1685 et
1953 1651 2009 1684 im-

1271 1703 1419 1747 portunis
1451 1703 1728 1744 contentionibus,
1750 1703 1898 1737 eiusdem
1926 1714 2005 1748 sup-

1271 1757 1458 1800 plicationis
1475 1767 1684 1800 progressum
1700 1758 1894 1801 abrumpere
1912 1767 2007 1790 ausus

1272 1809 1393 1850 suerat,
1413 1814 1444 1843 et
1462 1809 1605 1853 quamvis
1623 1819 1640 1842 a
1659 1810 1804 1853 praefato
1829 1809 1925 1843 Petro
1950 1810 2008 1844 Se-

1271 1863 1377 1897 cundo
1396 1863 1561 1907 episcopo,
1580 1863 1666 1896 idem
1695 1863 1932 1896 sanctissimum
1958 1874 2008 1897 sa-

1271 1921 1473 1949 cramentum
1500 1916 1681 1957 deserente,
1712 1916 1773 1959 piis
1797 1915 2008 1960 paternisque

1271 1969 1616 2010 vocibusadmonitus,
1639 1974 1736 2013 atque
1757 1969 1853 2003 etiam
1877 1974 2007 2013 rogatus

1304 2085 1316 2111 1
1341 2084 1431 2112 Const.
1447 2084 1491 2111 ed.
1507 2090 1605 2118 nuccii,
1625 2083 1668 2111 die
1682 2089 1751 2111 xxvn
1766 2083 1895 2117 octobris,
1911 2084 2006 2120 pontif.

1271 2137 1298 2164 x,
1319 2129 1454 2156 declarata
1473 2128 1522 2155 fuit
1538 2128 1612 2155 nulla
1627 2128 1765 2164 deputatio
1781 2128 1878 2156 iudicis
1889 2131 1916 2156 et
1930 2136 2010 2156 oeco-

1270 2173 1343 2200 nomi
1366 2173 1393 2199 in
1413 2172 1523 2200 abbatia
1541 2172 1567 2199 S.
1589 2172 1701 2208 Benigni
1728 2173 1779 2200 sub
1798 2173 1908 2200 nomine
1930 2172 2007 2200 ducis

1269 2218 1430 2251 Sabaudiae3
1447 2222 1533 2245 const.
1551 2218 1594 2245 ed.
1610 2224 1726 2252 unccxu,
1741 2218 1784 2244 die
1798 2224 1828 2244 111
1843 2217 2006 2250 decembris,

1270 2263 1364 2298 pontif.
1386 2270 1446 2296 xm,
1467 2262 1628 2296 abrogatum
1641 2262 1691 2288 fuit
1705 2261 1822 2288 edictum
1833 2261 2008 2297 Reipublicae

1270 2306 1411 2333 lanuensis
1428 2310 1521 2333 contra
1535 2306 1679 2341 quamdam
1690 2306 2006 2339 excommunicationem

1271 2354 1355 2377 const.
1376 2349 1420 2376 ed.
1440 2355 1567 2383 unccxni,
1588 2349 1631 2376 die
1649 2355 1710 2376 xxm
1729 2349 1892 2383 decembris,
1909 2350 2006 2386 pontif.

1269 2400 1323 2425 xlv,
1343 2394 1518 2421 declarantur
1536 2393 1609 2420 nulla
1629 2397 1705 2429 gesta
1724 2403 1739 2420 a
1759 2395 1918 2422 monarchia
1936 2395 2007 2422 Sici·

1270 2438 1320 2464 liae
1331 2441 1424 2464 contra
1440 2437 1583 2472 quamdam
1599 2438 1907 2466 excommunicationem
1923 2442 1950 2466 et
1963 2439 2007 2466 in-

1270 2481 1424 2514 terdictum;
1446 2485 1473 2508 et
1491 2485 1577 2509 const.
1598 2481 1641 2509 ed.
1662 2488 1795 2517 MDccxxu,
1816 2483 1860 2510 die
1879 2491 1913 2511 xx
1932 2487 2007 2511 octo-

1270 2525 1343 2560 bris,
1360 2524 1455 2560 pontif·
1482 2532 1547 2558 xvn,
1575 2525 1729 2553 declaratur
1757 2526 1860 2554 nullum
1888 2526 2006 2554 edictum

1270 2569 1411 2605 potestatis
1425 2569 1571 2597 saecularis
1590 2569 1616 2596 in
1637 2569 1770 2598 Sabaudia
1788 2573 1815 2598 et
1830 2569 2006 2599 Pedemontio

1271 2617 1366 2642 contra
1380 2612 1529 2642 dominium
1542 2613 1656 2643 Sanctae
1674 2613 1760 2643 Sedis.

2009 227 2060 254 An.
2083 227 2112 254 C.
2130 227 2198 257 ¹713

2089 817 2200 840 Factorum

2017 849 2132 868 enarratu).
