2269 3203
32 210 82 237 An.
96 208 127 236 C.
150 207 218 235 1714

58 535 145 562 spi-ctos
158 536 214 556 tacti.

46 1122 156 1143 Deeratnm
166 1123 217 1143 Con-

32 1150 160 1173 gre-tationis

31 1181 69 1200 per
89 1176 156 1196 tribus
179 1183 200 1195 ιι

31 1202 72 1221 luis
92 1205 112 1222 et
131 1203 217 1223 manda-

32 1231 73 1248 tum
84 1229 217 1249 Sanctissimi

58 1262 68 1274 υ
84 1256 262 1282 θψοὼῐίῡῠοθκ
280 1253 339 1282 una
361 1257 388 1282 et
411 1253 514 1282 fratres
537 1253 625 1282 laicos
647 1253 776 1282 eiusdem
800 1252 969 1292 provinciae

51 1287 111 1302 ΓΘῪΙΞ-

854 204 996 229 CLEMENS
1022 203 1056 227 xi
1081 204 1129 227 1¹1³.

269 267 330 300 que
356 257 460 297 titulo,
484 266 544 300 pro
564 255 730 300 provincia
755 254 888 288 Baetica
908 253 961 287 Or-

269 310 359 344 dinis
382 311 550 344 Minoo-mn
574 309 611 343 de
637 309 845 343 Obseruantia
860 306 880 340 ¹.

446 401 581 428 Clemens
602 399 681 433 Papa
699 398 749 431 XI,

361 445 397 473 ad
418 445 552 473 futuram
571 444 616 472 rei
636 442 820 471 memoriam.

271 526 285 567 ξ
303 526 334 559 ’1.
357 525 522 559 Emanavit
543 534 648 567 nuper
668 534 685 556 a
705 522 966 565 Congregatione

227 578 462 612 venerabilium
488 579 619 611 fratrum
642 582 828 610 nostrorum
849 575 964 609 sulz.

228 632 442 664 cardinalium
468 630 607 673 negotiis
625 635 656 662 et
674 629 966 662 consultationilms

229 685 459 728 cpiscoporum
485 688 517 716 et
540 682 740 726 regularium
766 682 964 725 praeposita,

226 738 258 769 in
280 740 373 771 causa
390 741 584 781 praetensae
611 735 858 769 consuetudinis
879 745 968 778 prae-

226 790 397 822 cedentiae
422 789 504 822 inter
536 789 672 822 dilectos
708 788 792 821 filios
829 787 965 820 clericos

226 841 356 874 Ordinis
376 841 536 874 Minorum
553 841 653 874 sancti
669 841 831 873 Francisci
850 841 889 873 de
907 840 967 873 Ol)-

226 894 388 927 servanti-:1
408 894 593 938 provinciae
610 893 768 933 Baeticae,
787 904 825 926 ex
844 895 917 934 una,
937 898 965 926 et

228 947 342 980 fratres
360 947 459 980 laicos
487 946 631 980 eiusdem
652 946 850 990 provinciae,
869 957 904 979 ex
924 947 967 979 al-

227 1001 295 1032 tera
307 1000 467 1043 partibus,
484 1005 641 1040 vertente,
657 1000 825 1032 decretum
845 999 966 1032 tenoris

228 1053 281 1095 qui
308 1053 466 1096 sequitur,
487 1052 656 1086 videlicet:

269 1105 299 1134 ln
323 1107 409 1135 causa
433 1110 604 1145 praetensae
634 1106 855 1136 consuetudinis
883 1115 965 1145 prae-

183 1154 378 1196 ss‘flcedentiae
401 1159 533 1184 vertente
552 1155 627 1184 inter
650 1155 754 1184 fratres
777 1155 898 1184 clericos
914 1154 967 1184 Or-

228 1203 304 1233 dinis
327 1204 361 1233 de
383 1203 576 1234 Observantia
604 1204 772 1243 provinciae
794 1204 966 1233 Andalutiae

228 1310 263 1330 ex
285 1301 396 1339 altera,
421 1301 456 1331 de
480 1305 508 1330 et
529 1310 617 1341 super
640 1301 835 1340 infrascriptis
857 1301 964 1335 dubiis,

227 1359 347 1390 nempe:
372 1359 390 1379 1.
411 1350 453 1379 An
475 1350 578 1380 fratres
597 1350 663 1380 laici
682 1350 798 1380 Ordinis
823 1350 966 1380 Minorum

228 1399 322 1429 sancti
345 1399 494 1428 Francisci
523 1399 557 1428 de
580 1398 775 1428 Observantia
798 1399 966 1438 provinciae

228 1448 359 1478 Baeticae
389 1452 447 1478 tam
481 1451 679 1477 conventuum
711 1447 745 1477 de
773 1448 967 1477 Observantia

229 1506 316 1536 quam
333 1497 563 1527 Recollectorum
583 1497 755 1536 praecedere
772 1496 896 1526 debeant
912 1497 968 1526 fra-

230 1550 288 1575 tres
304 1545 427 1575 clericos
439 1555 497 1575 non
513 1545 542 1575 in
560 1546 650 1575 sacris
666 1546 849 1583 constitutos,
868 1554 967 1584 qnam—

229 1593 273 1623 vis
295 1594 441 1624 choristae
475 1594 533 1623 sint
565 1594 731 1633 receptione
764 1594 892 1624 iuniores
909 1617 916 1630 ‚
940 1598 968 1624 et

229 1642 296 1672 laici
319 1643 377 1672 sint
398 1643 566 1682 receptione
588 1643 786 1682 antiquiores3
803 1652 833 1673 n.
852 1643 894 1673 An
912 1643 967 1672 fra-

230 1695 289 1721 tres
312 1691 378 1721 laici
401 1691 585 1721 denominari
608 1691 733 1721 debeant
755 1692 869 1729 fratres,
888 1696 916 1721 et
933 1692 968 1721 ti-

231 1740 291 1770 tulo
313 1741 495 1771 reverentiae
528 1741 601 1778 frui,
627 1745 711 1779 prout
740 1741 968 1770 denominantur

230 1794 258 1819 et
281 1790 419 1820 fruuntur
451 1789 616 1819 sacerdotes
649 1789 778 1819 eiusdem
800 1788 918 1819 Ordinis
942 1793 969 1818 et

233 1838 414 1877 provinciae,
433 1838 476 1867 vel
490 1838 587 1877 potius
609 1838 738 1867 contenti
761 1846 823 1867 esse
846 1837 969 1867 debeant

231 1886 316 1917 titulo
339 1887 503 1924 charitatis,
528 1887 604 1916 sicut
629 1886 729 1916 clerici
751 1895 802 1916 seu
825 1886 968 1916 choristae

231 1935 363 1966 eiusdem
385 1935 523 1973 Ordinis3
548 1945 587 1965 111.
612 1936 655 1966 An
689 1936 726 1965 sit
760 1935 968 1974 imponendum

231 1989 403 2024 perpetuum
426 1985 576 2014 silentium
608 1984 638 2014 in
669 1993 737 2014 casn
753 2007 760 2021 ,
785 1988 859 2014 etc.:
883 1984 969 2013 Sacra

231 2033 422 2072 Congregatio
444 2033 747 2063 eminentissimorum
777 2037 805 2062 et
834 2042 970 2063 reveren-

231 2081 421 2112 dissimorum
442 2082 471 2113 S.
495 2083 530 2112 R.
555 2083 589 2111 R.
614 2081 645 2111 Ε.
670 2081 860 2111 cardinalium
884 2092 970 2120 nego-

232 2130 280 2160 tiis
295 2135 322 2160 et
345 2131 610 2162 consultationibus
623 2131 826 2170 episcoporum
843 2135 870 2160 et
886 2140 971 2169 regn-

232 2179 337 2209 larium
360 2181 539 2220 praeposita,
563 2180 709 2210 referente
738 2179 970 2209 eminentissimo

233 2227 262 2257 S.
285 2228 423 2267 Priscae,
447 2233 634 2269 procuratore
663 2228 814 2258 dumtaxat
846 2228 969 2258 fratrum

270 2340 281 2365 1
304 2338 341 2366 De
356 2340 471 2375 primatu
482 2340 554 2368 inter
568 2339 666 2367 fratres
680 2340 859 2368 Discalceatos
871 2343 897 2367 et
911 2348 971 2368 ere-

235 2383 313 2410 mitas
331 2383 357 2411 S.
378 2385 520 2419 Augustini
547 2385 702 2420 provinciae
730 2385 887 2411 Mexicanae
910 2385 971 2412 vide

234 2428 343 2454 constit.
359 2427 422 2454 edit.
435 2435 535 2463 MDCCV,
550 2429 593 2456 die
607 2430 638 2456 12
649 2429 812 2463 decembris,
824 2429 921 2464 pontif.
935 2436 970 2462 v13

235 2475 263 2498 et
287 2472 439 2498 Innocentii
468 2472 525 2498 xm
554 2474 661 2500 constit.
683 2474 748 2500 edit.
769 2480 901 2506 Muccxxl,
929 2474 973 2500 die

234 2515 250 2542 5
267 2515 335 2550 iulii,
356 2515 451 2550 pontif.
468 2521 486 2549 1,
502 2515 535 2542 de
554 2517 671 2551 primatu
691 2517 761 2544 inter
775 2517 860 2544 laicos
875 2522 901 2544 et
915 2518 971 2545 cle-

235 2559 305 2586 ricos
331 2559 492 2587 reformatos
521 2562 546 2586 et
574 2561 659 2587 Tertii
687 2561 793 2588 Ordinis
828 2562 854 2588 in
888 2570 972 2597 regno

234 2603 349 2630 Siciliae.

1710 116 1728 130 ῐι.

1009 252 1181 282 clericorum
1198 251 1385 289 informante,
1403 260 1434 281 ac
1451 252 1540 282 altero
1557 252 1678 282 fratrum
1695 253 1747 283 lai-

1009 310 1122 337 corum,
1147 301 1214 330 licet
1238 301 1346 340 pluries
1365 301 1509 335 intimato,
1528 300 1683 330 informare
1703 311 1747 330 re-

1009 354 1130 379 cusante
1156 353 1183 379 et
1206 350 1376 379 dilationem
1401 354 1516 388 petente
1533 349 1566 379 ad
1584 350 1747 389 suprascri-

1010 403 1057 437 pta
1080 398 1411 437 dubia,infrascriptum
1436 399 1465 427 in
1489 398 1604 427 modum
1628 407 1747 437 respon-

1010 447 1136 476 dendnm
1155 448 1287 477 censuit:
1312 448 1352 477 Ad
1378 448 1504 487 primum
1528 447 1679 486 negative,
1703 447 1746 476 Ad

1010 496 1169 525 Secundum
1194 496 1327 534 negative
1350 496 1442 535 quoad
1466 496 1589 535 primam
1614 500 1745 535 partem,

1010 549 1037 574 et
1059 545 1238 574 affermative
1255 545 1347 584 quoad
1371 545 1545 581 secundanu
1562 544 1605 574 Ad
1629 545 1746 574 tertium

1010 593 1209 624 atl'erinative:
1234 597 1262 622 et
1284 593 1409 632 amplius
1441 593 1606 623 huiusmodi
1630 602 1747 622 causan]

1010 651 1066 671 non
1092 642 1214 681 proponi
1238 642 1395 679 mandavit,
1414 646 1500 680 prout
1523 641 1685 680 praesentis
1701 641 1748 670 dc-

1011 690 1084 719 creti
1101 690 1199 727 vigore
1215 690 1339 729 amplius
1363 699 1420 719 non
1445 690 1567 729 proponi
1590 689 1706 719 mandat
1722 694 1749 719 et

1011 738 1162 777 praecipit.
1184 739 1303 774 Romae,
1328 748 1393 767 xxxi
1410 738 1525 775 augusti
1549 746 1687 767 anmoxrv.
1710 755 1750 761 —

1010 785 1121 816 Oblatis
1137 786 1261 816 subinde
1280 786 1416 825 precibus
1433 786 1616 816 sanctissimo
1633 786 1749 816 domino

1011 839 1111 864 nostro
1127 844 1161 863 ex
1178 839 1258 874 parte
1281 835 1423 864 laicorum
1447 834 1674 874 supplicantium
1698 844 1749 874 pro

1011 883 1202 922 suspensione
1225 884 1325 913 Brevis
1347 884 1557 914 conlirmatorii
1588 884 1750 923 praedicto-

1011 941 1075 961 rum
1098 932 1282 962 decretorum
1305 933 1375 962 editi
1399 933 1446 962 die
1460 942 1526 962 xxxl
1545 933 1660 970 augusti
1684 941 1750 971 pro-

1011 980 1081 1010 ximi
1104 981 1275 1020 praeteriti,
1299 986 1327 1011 et
1349 990 1399 1021 pro
1422 983 1498 1011 nova.
1519 981 1677 1017 audientia,
1701 981 1749 1010 iis-

1010 1038 1066 1068 que
1089 1039 1139 1068 pcr
1157 1029 1343 1060 Sanctitatem
1362 1030 1449 1060 Suam
1472 1030 1507 1060 ad
1530 1029 1663 1060 eumdem
1679 1030 1750 1059 cmi-

1010 1078 1217 1108 nentissimum
1240 1079 1268 1109 S.
1293 1079 1410 1109 Priscae
1442 1083 1597 1118 ponentem
1619 1079 1748 1109 remissis

1011 1136 1062 1166 pro
1080 1128 1221 1158 relatione
1238 1137 1358 1167 precum
1374 1128 1404 1158 in
1421 1129 1513 1167 prim-51
1528 1127 1661 1167 proxima
1676 1128 1749 1157 Con-

1010 1176 1189 1213 gregatione,
1214 1181 1241 1206 et
1265 1186 1315 1215 per
1337 1177 1525 1206 eminentiam
1548 1186 1628 1206 suam
1649 1176 1749 1206 relatis

1011 1225 1039 1252 in
1062 1224 1289 1263 Congregatione
1323 1225 1423 1254 habita
1445 1225 1498 1254 sub
1526 1225 1572 1255 die.
1595 1233 1681 1255 xxvnl
1705 1234 1749 1253 se-

1011 1270 1150 1309 ptembris
1172 1271 1241 1301 dicti
1265 1271 1344 1307 anni,
1362 1271 1462 1301 eadem
1485 1280 1565 1301 sacra
1588 1272 1750 1310 Congrega-

1010 1317 1048 1345 tio
1077 1317 1204 1347 decrevit
1237 1318 1447 1348 consulendum
1479 1318 1667 1347 Sanctissimo
1699 1327 1750 1357 pro

1009 1364 1194 1402 expeditione
1208 1364 1306 1393 Brevis
1321 1374 1327 1400 3
1346 1368 1372 1393 et
1389 1364 1434 1394 die
1452 1373 1517 1393 xxix
1540 1364 1611 1393 dicti
1628 1364 1748 1399 mensis,

1010 1409 1083 1440 facta
1108 1419 1158 1450 per
1181 1419 1226 1440 me
1247 1411 1471 1450 infrascriptum
1503 1410 1692 1440 secretarium
1714 1410 1750 1440 de

1011 1457 1178 1495 praemissis
1203 1457 1343 1487 relatione
1366 1457 1550 1487 sanctissimo
1565 1457 1682 1487 domino
1701 1467 1751 1486 no-

1010 1506 1070 1531 stro
1092 1502 1121 1532 in
1144 1503 1229 1532 solita
1252 1503 1412 1538 audientia,
1430 1504 1575 1533 Sanctitas
1592 1504 1649 1533 Sua
1665 1503 1750 1533 iussit

1010 1549 1139 1587 expediri
1162 1549 1266 1587 Breve,
1283 1559 1338 1579 non
1358 1549 1552 1586 obstantibus,
1570 1554 1627 1580 etc.
1640 1550 1752 1580 —Car-

1010 1595 1114 1624 dinalis
1125 1596 1238 1625 Annua.
1250 1614 1287 1619 —
1299 1596 1330 1625 F.
1344 1596 1582 1636 archiepiscopus
1594 1596 1750 1634 Nicaenus,

1010 1642 1196 1672 secretarius.

1054 1691 1069 1733 ἓ
1090 1690 1119 1722 2.
1134 1690 1210 1723 Cum
1230 1696 1348 1731 antem,
1368 1690 1449 1723 sicut
1470 1690 1609 1724 dilectus
1627 1691 1752 1735 pariter

1012 1741 1096 1775 filius
1122 1743 1310 1776 Dominicus
1331 1754 1348 1776 a
1374 1743 1443 1776 lesu
1469 1743 1568 1776 Maria
1593 1744 1750 1787 praedicti

1011 1794 1140 1828 Ordinis
1165 1797 1299 1829 fratrum
1325 1797 1363 1829 de
1389 1797 1601 1830 Observantia
1625 1798 1752 1840 profes—

1012 1858 1075 1887 sus,
1103 1854 1133 1881 et
1157 1849 1343 1891 provinciae
1371 1850 1518 1882 Baeticae
1544 1856 1748 1893 procurator,

1012 1900 1107 1933 nobis
1131 1901 1268 1934 subinde
1295 1903 1415 1945 exponi
1441 1902 1523 1943 fecit,
1550 1904 1619 1945 ipse
1646 1903 1754 1935 decre-

1014 1959 1080 1986 tum
1106 1954 1316 1994 huiusmodi,
1350 1965 1415 1998 quo
1449 1954 1570 1988 firmius
1587 1956 1750 1996 subsistat,

1013 2007 1213 2049 apostolicae
1228 2007 1484 2040 confirmationis
1501 2013 1632 2041 nostrae
1647 2014 1754 2052 patro-

1013 2060 1100 2092 cinio
1126 2060 1319 2092 communiri
1337 2071 1545 2104 summopere
1571 2061 1752 2094 desiderett

1013 2123 1085 2153 nos,
1105 2113 1210 2155 ipsum
1230 2113 1431 2146 Dominicum
1449 2114 1647 2156 specialibus
1671 2114 1753 2147 savo-

1013 2166 1102 2198 ribus
1127 2171 1158 2199 et
1182 2167 1296 2209 gratiis
1325 2167 1482 2210 prosequi
1507 2167 1663 2207 volentes,
1683 2173 1751 2200 eta

1013 2218 1182 2262 quibusvis
1214 2219 1589 2260 excommunicationis,
1616 2229 1755 2263 suspen—

1013 2272 1115 2305 sionis
1129 2277 1161 2305 et
1178 2272 1353 2313 interdicti,
1369 2272 1505 2316 aliisque
1524 2274 1756 2307 ecclesiasticis

1013 2326 1197 2366 sententiis,
1216 2325 1365 2359 censuris
1384 2331 1415 2358 et
1439 2326 1567 2369 poenis,
1584 2337 1602 2359 a
1619 2327 1688 2360 iure
1705 2328 1755 2360 vel

1014 2379 1052 2412 ab
1074 2379 1218 2419 homine,
1241 2378 1353 2422 quavis
1379 2379 1552 2412 occasione
1578 2381 1628 2414 vel
1657 2382 1754 2413 causa

1014 2433 1099 2472 latis,
1116 2432 1142 2465 si
1168 2432 1286 2475 quibus
1308 2433 1560 2476 quomodolibet
1579 2433 1756 2467 innodatus

1015 2487 1133 2526 existit,
1152 2487 1191 2519 ad
1208 2486 1358 2520 effectum
1383 2488 1607 2530 praesentium
1632 2488 1756 2521 dumtan

1016 2545 1067 2572 xat
1090 2540 1369 2583 consequendum,
1397 2541 1512 2573 harum
1538 2541 1622 2574 serie
1647 2541 1756 2574 absol-

1014 2600 1125 2627 ventes
1157 2599 1188 2626 et
1221 2595 1410 2627 absolutum
1448 2595 1515 2629 sore
1557 2600 1752 2638 censentes,

1642 194 1706 228 629
1754 203 1802 232 An.
1821 203 1849 232 c.
1870 203 1940 232 1714

1810 1698 1920 1718 cantui-..n
1927 1702 1946 1718 to

1743 1744 1749 1749 ,
1761 1726 1823 1746 relati
1838 1726 1928 1745 decreti.
