2269 3203
77 253 126 280 An.
145 253 173 280 C.
197 252 261 280 1721

91 684 202 704 claumate
215 689 261 710 pai·

78 710 186 731 ueniam.

150 1899 263 1926 nepuizno

79 1928 222 1948 executurum.

855 250 1065 275 INNOCENTII'S
1092 250 1148 273 XIII
1174 250 1223 273 Pr.

271 300 418 344 Gregorii
445 300 496 334 XV
525 312 561 335 ac
593 300 715 334 Urbani
741 300 829 340 Vlll,
857 300 1012 333 Clemen—

273 354 312 388 tis
338 355 400 395 lx,
433 354 608 388 Clementis
644 355 667 388 X
699 360 729 388 et
764 353 947 388 Innocentii
975 352 1011 386 Χ]

272 407 562 450 praedecessorum
600 408 726 442 litteras
746 435 754 448 ,
781 407 957 450 omniaque
984 412 1036 439 etx

271 460 398 504 singula
414 461 446 494 in
473 461 519 494 eis
540 466 703 500 contenta,
723 466 837 493 tenore
864 470 1015 503 praesen—

272 513 363 553 tium,
382 519 543 558 perpetuo
559 514 779 557 approbamus
798 519 830 546 et
847 513 1013 547 confirma·

273 559 355 607 mus,
381 567 512 610 illisque
545 572 725 610 perpetuae
760 573 790 600 et
817 567 1014 600 inviolabilis

274 621 476 663 apostolicae
502 619 662 652 firmitatis
681 620 780 653 robur
806 620 989 653 adiieinnis.

317 674 332 717 ἓ
355 672 386 706 3.
412 673 647 712 Decerncntes‚
673 678 864 716 praesentes
890 673 1014 705 litteras
1036 701 1038 704 ,

273 726 364 760 nullo
388 736 530 769 unquam
558 730 703 768 tempore
731 726 770 758 de
795 726 1016 769 subreptionis

274 780 324 813 vel
349 778 553 822 obreptionis
579 784 632 812 aut
660 779 818 812 nullitatis
844 778 932 819 vitio,
960 789 1015 811 seu

273 832 465 866 intentionis
498 836 650 872 nostrae,
676 833 726 865 vel
765 833 919 876 quopiam
953 832 1016 865 alio

274 885 413 925 defectu,
434 885 530 918 etiam
557 895 593 918 ex
620 895 658 918 eo
686 885 772 928 qnod
799 886 943 918 locorum
962 884 1017 918 Or-

274 938 391 972 dinarii
417 939 456 972 ad
483 938 547 972 hoc
571 938 674 972 vocati
700 949 766 971 non
792 938 931 979 suerint,
959 949 1016 971 no-

274 991 347 1031 tari,
372 991 558 1034 impugnari
579 992 627 1025 vel
655 991 826 1024 invalidari
851 992 1015 1024 ullatenus

274 1055 381 1088 posse,
404 1044 574 1088 minusque
590 1045 648 1078 sub
672 1044 839 1088 quibusvis
866 1044 1016 1077 similium

274 1099 325 1130 vel
355 1097 561 1130 dissimilium
593 1097 769 1140 gratiarum
801 1097 1017 1130 revocationi-

274 1151 357 1190 bus,
384 1150 658 1190 liinitalionibus,
692 1150 954 1183 restrictionibus
985 1155 1017 1183 et

275 1193 542 1246 derogationibus
567 1204 805 1247 comprehendi
832 1214 942 1247 posse,
960 1204 1014 1236 sed

275 1267 404 1301 semper
428 1256 468 1289 ab
493 1257 557 1289 illis
584 1262 743 1300 exceptas,
764 1263 805 1297 et,
826 1257 954 1301 quoties
981 1257 1017 1290 il-

275 1310 326 1343 lae
351 1309 559 1349 emanabant,
587 1309 681 1343 toties
706 1309 737 1342 in
764 1309 935 1353 pristinum
954 1315 1016 1343 sta-

276 1368 341 1396 tum
367 1362 544 1403 restitutas,
569 1362 730 1405 repositas
749 1367 779 1395 et
798 1362 944 1406 plenarie
966 1373 1016 1395 re-

274 1416 452 1460 integratas
471 1426 561 1456 esse,
585 1415 697 1459 sicque
712 1416 752 1449 ab
772 1416 923 1449 omnibus
942 1426 1016 1450 cen-

275 1469 353 1510 seri,
380 1473 412 1502 et
436 1468 481 1502 ita
504 1478 564 1513 per
589 1479 811 1512 quoscumque
837 1469 960 1502 iudices
985 1474 1017 1503 et

266 1521 516 1556 ·commissai·ios
534 1521 647 1565 quavis
668 1522 860 1556 auctoritate
881 1522 1017 1565 fungen-

276 1580 347 1615 tes,
373 1576 471 1609 etiam
495 1586 666 1609 causarum
701 1576 810 1619 palatii
846 1576 1015 1619 apostolici

276 1628 459 1669 auditores,
488 1640 526 1662 ac
558 1629 702 1662 eiusdem
728 1629 759 1663 S.
788 1629 825 1662 R.
852 1629 887 1662 E.
915 1629 1016 1663 cardi-

274 1682 379 1723 nales,
397 1681 532 1715 iudicari
553 1688 584 1715 et
609 1681 737 1715 definiri
764 1682 898 1722 debere,
918 1693 953 1715 ac
975 1683 1016 1715 ir-

275 1734 373 1767 ritum
410 1740 443 1768 et
474 1734 571 1767 inane
603 1734 627 1767 si
666 1745 757 1768 secus
793 1745 891 1778 super
923 1735 974 1768 his
999 1746 1016 1768 a

275 1797 462 1831 quoquam,
488 1787 600 1831 quavis
634 1787 825 1820 auctoritate
841 1814 848 1827 ,
873 1779 1016 1821 scienter

274 1841 323 1874 vel
350 1841 549 1884 ignoranter,
577 1841 756 1883 contigerit
781 1841 947 1874 attentari.

318 1894 332 1937 ἓ
357 1893 388 1926 4.
412 1893 569 1932 Quocirca
594 1893 838 1926 venerabilibus
860 1893 1014 1926 fratribus

273 1945 510 1989 Moguntinensi
533 1951 564 1979 et
588 1945 829 1989 Salisburgensi
856 1946 1016 1990 arehiepi-

273 1999 381 2043 scopis
405 2010 446 2032 ac
472 1999 590 2033 dilecto
616 2000 683 2033 silio
710 2010 880 2033 causarum
906 2000 1015 2033 curiae

271 2053 426 2098 Camqae
454 2053 658 2096 Apostolicae
695 2053 842 2096 generali
873 2053 1014 2086 auditori

270 2115 331 2150 per
354 2111 546 2148 praesentes
573 2105 805 2139 committimus
831 2112 863 2138 et
886 2106 1015 2140 manda-

270 2169 341 2192 mus
375 2163 535 2202 quatenus
563 2158 633 2202 ipsi,
661 2160 710 2192 vel
740 2159 823 2200 duo,
850 2164 904 2191 aut
929 2170 1014 2192 unus

272 2221 392 2251 eorum,
410 2220 469 2253 per
486 2221 528 2251 se,
548 2211 597 2243 vel
616 2211 727 2251 alium,
745 2221 801 2244 seu
819 2211 911 2252 alios,
925 2222 1014 2255 prae-

273 2269 381 2296 sentes
405 2263 528 2297 litteras
554 2268 587 2296 et
611 2264 642 2296 in
668 2264 714 2297 eis
741 2269 895 2298 contenta
920 2275 1016 2308 quae-

273 2326 421 2359 cumque,
447 2316 502 2349 ubi
528 2322 559 2350 et
583 2317 713 2360 quando
739 2327 822 2360 opus
846 2318 956 2358 suerit,
984 2323 1016 2350 et

274 2369 400 2412 quoties
419 2380 478 2412 pro
496 2375 595 2413 ‘parte
612 2370 801 2404 eorumdem
820 2370 963 2413 magistri
984 2376 1015 2404 et

272 2421 413 2454 militum
431 2432 466 2454 ac
490 2422 623 2455 fratrum
648 2423 724 2456 dicti
750 2423 922 2466 hospitalis
939 2423 1014 2457 bea-

274 2478 324 2507 tae
338 2473 456 2506 Mariae
472 2473 747 2509 Theutonicoruin
766 2476 886 2509 suerint
905 2477 1014 2519 requi—

272 2526 347 2567 siti,
373 2527 564 2560 solemniter
588 2529 815 2579 ptiblicaqtes,
843 2529 955 2573 eisque
983 2530 1013 2562 in

273 2579 462 2623 praemissis
480 2579 617 2613 efficacis
638 2581 835 2616 defensionis
849 2582 1012 2626 praesidio

274 2631 474 2675 assistentes,
495 2632 612 2667 faciant
628 2634 819 2670 auctoritate
832 2637 943 2670 nostra
957 2645 1013 2670 eos

1055 298 1276 341 praesentium
1301 299 1478 333 litterarum
1505 302 1675 335 commodo
1702 308 1731 335 et
1753 303 1798 335 ef-

1056 352 1141 385 fectu
1166 351 1297 395 pacifice
1325 353 1386 386 nui
1413 359 1443 386 et
1462 354 1618 396 gaudere3
1642 365 1706 387 non
1729 366 1799 398 pei·-

1057 405 1224 440 mittentes
1252 418 1307 440 eos
1332 418 1390 450 per
1415 406 1604 440 Ordinarios
1638 409 1800 451 praelatos

1057 463 1112 491 aut
1138 470 1359 503 quoscumque
1392 459 1472 493 alios
1505 465 1616 492 contra
1645 471 1798 503 praesen·

1059 512 1136 544 tium
1165 517 1311 545 tenorem
1339 512 1585 556 quomodolibet
1612 514 1773 546 molestari
1792 540 1799 552 ,

1058 565 1243 608 perturbari
1271 571 1324 597 aut
1356 565 1553 609 inquietari;
1581 566 1801 600 contradicto-

1058 628 1109 651 res
1135 618 1299 661 quoslibet
1317 624 1348 651 et
1369 618 1509 651 rebelles
1531 628 1590 661 per
1610 619 1800 657 sententias,

1059 682 1212 704 censuras
1238 677 1269 704 et
1294 681 1415 714 poenas
1440 672 1697 711 ecclesiasticas,
1724 672 1800 705 alia-

1059 736 1120 768 que
1147 730 1333 768 opportuna
1365 724 1446 756 iuris
1480 731 1511 757 et
1537 725 1607 757 sacti
1634 725 1800 766 remedia,

1060 777 1281 820 appellatione
1310 778 1511 821 postposita,
1538 779 1798 821 compescend0;

1059 829 1280 873 legitimisque
1299 840 1398 873 super
1416 830 1466 863 his
1484 830 1643 863 habendis
1669 831 1801 864 servatis

1060 884 1282 926 processibus,
1309 893 1463 916 censuras
1490 888 1521 916 et
1546 894 1667 927 poenas
1694 884 1802 917 huius-

1059 935 1147 969 modi
1183 936 1359 969 incurrisse
1403 937 1627 977 declarando,
1661 936 1800 980 illasque

1060 988 1156 1021 etiam
1175 988 1300 1021 iteratis
1319 989 1440 1022 vicibus
1457 989 1675 1032 aggravando,
1698 989 1800 1023 inter-

1061 1041 1247 1085 dictumque
1286 1042 1541 1075 ecclesiasticum
1579 1043 1798 1086 apponendo,

1060 1094 1209 1127 invocato
1241 1095 1335 1128 etiam
1362 1096 1400 1128 ad
1428 1096 1511 1135 hoc,
1537 1096 1562 1128 si
1588 1107 1668 1139 opus
1695 1095 1800 1136 suerit,

1060 1147 1179 1181 auxilio
1204 1148 1330 1181 brachii
1352 1149 1521 1182 secularis.

1104 1202 1119 1244 g
1144 1201 1175 1234 5.
1203 1201 1271 1234 Non
1291 1202 1493 1235 obstantibus
1519 1203 1670 1236 omnibus
1688 1209 1718 1236 et
1737 1204 1802 1236 sin-

1061 1255 1154 1297 gulis,
1181 1265 1263 1298 quae
1290 1255 1367 1288 (lirti
1393 1255 1569 1299 Gregorius
1589 1262 1620 1289 et
1640 1256 1801 1297 Urbanus,

1060 1308 1209 1341 Clemens
1234 1309 1272 1341 lx
1299 1314 1330 1341 et
1361 1309 1569 1342 Innocentius
1593 1309 1631 1342 XI
1666 1311 1801 1352 praede-

1061 1372 1210 1395 cessores
1229 1362 1259 1394 in
1278 1362 1343 1394 suis
1362 1362 1476 1395 litteris
1496 1362 1669 1405 praedietis
1697 1374 1802 1408 respe-

1060 1414 1140 1447 clive
1167 1415 1337 1448 voluerunt
1361 1426 1425 1448 non
1452 1415 1600 1455 obstare;
1620 1416 1801 1461 ceterisque

1060 1467 1232 1501 contrariis
1259 1468 1541 1512 quibuscumque3
1561 1474 1614 1501 aut
1635 1469 1659 1501 si
1686 1469 1802 1513 aliqui-

1060 1522 1120 1555 bus
1147 1522 1364 1555 communiter
1398 1523 1445 1555 vel
1472 1522 1596 1555 divisim
1623 1523 1662 1555 ab
1689 1523 1801 1556 eadem

1060 1575 1100 1608 sit
1126 1575 1208 1609 Sede
1241 1576 1415 1617 indultum,
1434 1576 1520 1619 qnod
1546 1576 1713 1615 interdici,
1735 1587 1802 1609 sus-

1060 1628 1158 1671 pendi
1174 1634 1204 1661 et
1219 1629 1490 1662 excommunicari
1502 1639 1566 1662 non
1582 1628 1720 1671 possint*
1740 1629 1798 1662 nisi

1059 1692 1118 1724 per
1154 1682 1277 1715 litteras
1314 1683 1510 1725 apostolicas
1546 1693 1611 1716 non
1648 1683 1801 1716 facientes

1059 1736 1191 1777 plenam
1217 1741 1249 1768 et
1274 1746 1461 1778 expressam
1499 1747 1535 1769 ac
1571 1736 1610 1769 de
1637 1735 1735 1769 verbo
1762 1736 1799 1769 ad

1058 1788 1192 1820 verbum
1219 1788 1257 1821 de
1283 1788 1409 1822 indulto
1444 1789 1631 1822 huiusmodi
1656 1789 1798 1822 mentio·

1060 1850 1145 1872 nem.
1173 1841 1369 1873 Eorumdern
1390 1845 1493 1875 autem
1513 1842 1801 1884 praedecessorum

1037 1899 1247 1928 *nostrorum
1273 1894 1415 1937 vestigiis
1451 1894 1682 1936 inhaerentes,
1711 1896 1800 1929 volu-

1059 1957 1137 1987 mus,
1153 1947 1239 1990 quod
1255 1946 1315 1989 (Pii
1327 1947 1360 1987 Y,
1372 1957 1436 1981 xx11
1452 1947 1645 1990 septembris
1659 1958 1743 1981 anno
1758 1959 1798 1988 vt,

1059 2005 1091 2033 et
1115 1999 1263 2043 Gregorii
1288 2000 1366 2040 Xlll,
1386 2000 1444 2033 sub
1469 2002 1587 2034 annulo
1612 2001 1798 2043 piscatoris,

1057 2063 1117 2086 xxv
1142 2053 1327 2086 novembris
1353 2064 1438 2087 anno
1464 2064 1504 2094 ix,
1530 2065 1658 2088 necnon
1685 2054 1801 2098 Grego-

1058 2105 1097 2139 rii
1126 2106 1193 2146 ΧΥ,
1224 2107 1510 2150 praedecessorum
1537 2108 1800 2151 praedictorum,

1059 2158 1118 2192 sub
1138 2159 1247 2192 datum
1264 2170 1293 2192 ix
1307 2159 1472 2199 februarii,
1487 2170 1570 2194 anno
1590 2171 1612 2194 11
1631 2161 1801 2204 pontifica-

1058 2217 1146 2244 tuum
1181 2222 1324 2252 suorum,
1352 2212 1510 2256 expeditis
1544 2214 1660 2246 litteris
1684 2215 1715 2247 in
1742 2225 1799 2248 suo

1058 2265 1175 2298 robore
1194 2270 1225 2298 et
1246 2265 1385 2305 efficacia
1407 2266 1689 2310 permanentibus)
1709 2278 1800 2311 prae-

1058 2323 1167 2351 sentes
1192 2317 1319 2350 litterae
1346 2329 1411 2351 non
1438 2320 1720 2362 comprehendant
1748 2331 1800 2353 ne-

1057 2382 1120 2415 que
1146 2370 1301 2404 ecclesias
1337 2382 1445 2414 neque
1481 2383 1640 2415 personas
1678 2373 1710 2406 in
1748 2373 1798 2406 his

1057 2434 1139 2467 quae
1164 2424 1202 2456 ad
1230 2433 1338 2456 curam
1366 2424 1546 2457 animarum
1570 2425 1748 2469 pertinent,
1766 2426 1797 2458 in

1057 2477 1175 2519 quibus
1203 2477 1334 2510 decreta
1359 2476 1493 2510 Concilii
1512 2478 1691 2511 Tridentini
1715 2478 1797 2511 acin

1056 2529 1222 2572 praedicta
1246 2530 1392 2574 Gregorii
1413 2531 1463 2564 XV
1481 2531 1707 2565 constitutione
1726 2541 1799 2564 con-

1057 2588 1146 2616 tenta
1172 2584 1308 2617 omnino
1325 2585 1444 2618 servari
1471 2585 1635 2625 debeant;
1656 2595 1691 2618 ae
1709 2584 1797 2628 quod

1093 2645 1103 2671 1
1124 2643 1194 2672 Edit.
1210 2645 1293 2672 Main.
1310 2645 1375 2683 legit
1395 2654 1453 2673 non
1471 2653 1552 2682 posse
1573 2646 1612 2683 (rt,
1629 2645 1678 2680 τ.).

1695 244 1759 277 887
1806 253 1857 280 An.
1874 253 1901 279 e.
1925 253 1988 280 172¹

1838 1214 1996 1234 Contrariorum

1812 1242 1931 1265 derogaturi.
