2269 3203
102 223 152 251 An.
167 223 196 251 C.
220 222 287 250 ¹718

102 286 247 309 sionistoci‚et
256 291 287 305 re-

103 313 192 333 tatarum
211 312 287 332 consti-

103 340 217 361 tutiuntun.
240 345 286 358 cum

102 372 157 386 nora
173 366 287 385 institutio-

103 397 128 412 ne
157 395 178 412 et
202 398 284 412 conces

102 419 168 439 sione.

126 2198 226 2220 Lectores
237 2199 297 2220 theo·

114 2224 184 2251 logiae
212 2226 232 2246 in
263 2232 298 2252 cy-

114 2252 195 2271 muasio
209 2252 298 2277 Sapien-

114 2279 157 2298 tiae
171 2281 300 2298 constituun-

115 2307 148 2326 tur
164 2310 270 2326 censores.

923 220 1063 244 CLEMENS
1089 220 1122 244 XI
1146 221 1197 244 1³1¹.

299 272 517 316 uberior-aque
537 271 738 305 incrementa
755 269 889 304 sinceris
911 275 1040 312 exopta-

299 337 368 359 mus
393 326 573 366 ail'ectibus,
593 325 782 359 eorumdem
807 324 1039 367 exponentium

299 380 379 413 rotis
407 380 466 412 hac
493 379 522 412 in
545 390 600 420 re,
627 384 784 422 quantum
806 388 878 410 cum
903 377 1039 409 Domino

297 443 480 476 possumus,
499 432 640 474 benigne
659 441 813 470 annuere,
834 440 956 473 eosque
972 440 1041 472 spe-

298 486 434 519 cialibus
470 485 635 518 favoribus
672 490 703 517 et
737 483 848 527 gratiis
885 483 1038 527 prosequi

296 540 455 579 volentes,
474 549 509 572 ac
539 549 650 572 eorum
675 538 858 580 singulares
884 547 1041 580 personas

297 603 315 626 a
333 592 499 636 quibusvis
524 590 881 630 excommunicationis,
907 599 1042 632 suspen-

297 646 398 679 sionis
423 650 454 678 et
479 644 654 684 interdicti,
681 644 820 687 aliisque
851 642 1042 676 ecclesiasti-

298 700 342 732 cis
367 698 546 739 sententiis,
563 697 711 731 censuris
738 702 767 730 et
787 697 913 740 poenis,
939 708 955 728 a
973 696 1042 728 iure

298 753 348 785 vel
383 752 422 785 ab
456 752 600 792 homine,
640 750 750 794 quavis
783 750 956 783 occasione
994 749 1041 781 rel

298 808 391 840 causa
416 805 500 845 latis,
529 805 554 838 si
581 803 699 848 quibus
726 803 978 847 quomodolibet
997 802 1043 835 in-

299 861 435 893 nodatae
448 858 598 899 existunt,
611 858 649 891 ad
658 857 806 892 effectum
819 857 1042 900 praesentium

299 913 465 946 dumtaxat
496 912 774 955 consequendum,
814 911 926 944 harum
958 910 1042 943 serie

298 966 503 1000 absolventes
522 971 553 998 et
571 963 753 998 absolutas¹
773 965 840 997 sore
860 969 1041 1004 censentes,

298 1019 482 1053 huiusmodi
524 1018 821 1062 supplicationibus
870 1017 1040 1057 inclinati,

299 1073 497 1106 erectionem
528 1078 559 1106 et
587 1072 823 1105 institutionem
851 1070 1043 1104 Academiae

300 1126 505 1170 supradictae
523 1126 740 1170 perpetuique
765 1136 843 1158 usus
870 1124 930 1158 loci
957 1124 985 1157 ei
1011 1124 1043 1156 in

299 1179 434 1213 aedibus
472 1179 549 1213 dicti
585 1178 741 1222 gymnasii
784 1183 819 1210 ut
861 1177 1044 1220 praefertur

300 1233 452 1277 assignati
479 1232 723 1266 concessionem
749 1232 944 1275 praefatam,
974 1241 1044 1263 nec-

299 1297 365 1320 non
380 1285 632 1319 constitutiones
648 1291 679 1318 et
696 1290 814 1317 statuta
829 1284 1044 1327 praeinserta,

300 1349 372 1372 cum
397 1339 548 1372 omnibus
576 1344 607 1371 et
632 1338 771 1380 singulis
789 1337 821 1370 in
847 1337 894 1370 eis
913 1342 1046 1370 conten-

301 1392 339 1425 tis
364 1397 396 1426 et
416 1392 585 1436 expressis,
623 1391 814 1424 auctoritate
851 1390 1041 1434 apostolica,

302 1451 413 1479 tenore
439 1445 672 1490 praesentium,
691 1445 760 1478 sine
788 1450 895 1477 tamen
917 1443 1046 1476 unirer-

301 1499 405 1532 sitatis
438 1499 537 1532 studii
574 1498 736 1541 generalis
768 1497 912 1531 eiusdem
951 1496 1045 1529 Urbis

302 1563 339 1585 ac
363 1552 555 1595 cuiusquam
581 1551 712 1584 alterius
737 1550 962 1594 praeiudicio,
988 1560 1045 1593 ap-

302 1605 479 1649 probamus
506 1611 537 1637 et
562 1605 800 1646 confirmamus,
821 1604 950 1647 illisque
975 1614 1047 1647 per-

302 1664 418 1703 petuae
445 1663 476 1692 et
501 1658 698 1691 inviolabilis
725 1658 923 1701 apostolicae
949 1657 1048 1690 firmi-

304 1712 375 1745 tatis
401 1712 500 1745 robur
525 1717 556 1745 et
581 1712 781 1755 praesidium
807 1711 985 1750 adiicimus,
1012 1721 1048 1744 ac

304 1775 525 1809 quoscumque
562 1765 639 1797 iuris
677 1770 707 1797 et
744 1763 816 1797 sacti
843 1764 995 1804 desectus,
1022 1764 1047 1796 si

305 1818 359 1862 qui
385 1818 417 1851 in
435 1818 621 1862 praemissis
639 1817 888 1861 quomodolibet
909 1817 1048 1850 interve-

304 1871 424 1911 nerint,
439 1871 636 1915 amplissime
655 1872 857 1914 supplemus.
874 1871 911 1903 Et
929 1870 1049 1903 nihilo-

304 1925 411 1958 minus
438 1925 555 1958 dictam
581 1925 787 1958 Academiam
815 1924 1047 1966 theologicam,

305 1983 466 2021 quatenus
484 1989 566 2021 opus
583 1978 639 2018 sit,
667 1979 859 2011 auctoritate
886 1982 918 2010 et
936 1984 1049 2010 tenore

305 2031 466 2065 similibus
497 2031 608 2065 itidem
642 2037 804 2075 perpetuo
830 2031 985 2074 erigimus
1019 2035 1050 2063 et

306 2085 517 2125 instituimus,
537 2085 634 2128 eique
658 2090 853 2129 perpetuum
871 2096 964 2117 usum
987 2084 1049 2117 loci

306 2137 442 2182 praefati
454 2139 560 2172 denuo
572 2139 780 2172 concedimus
793 2144 824 2172 et
836 2138 1049 2181 assignamus.

313 2203 316 2206 ’
352 2193 367 2235 ἓ
397 2191 427 2225 4.
454 2192 575 2233 Porro,
611 2203 651 2226 ne
689 2203 832 2236 unquam
870 2193 903 2224 in
938 2192 1048 2225 eadem

309 2245 482 2278 Academia
505 2246 675 2289 perpetuis
707 2245 821 2278 suturis
850 2245 1050 2288 temporibus

310 2307 472 2338 censores,
492 2298 545 2341 qui
572 2298 833 2331 academicorum
860 2297 1052 2341 disputatio-

310 2350 405 2382 nibus
429 2351 588 2394 praesint,
605 2352 753 2395 aliasqne
779 2351 824 2384 eis
850 2362 909 2395 per
933 2351 1052 2384 eonsti-

312 2403 453 2437 tutiones
477 2410 510 2437 et
534 2410 652 2439 statuta
684 2405 889 2448 praeinserta
920 2405 1052 2438 deman-

311 2457 399 2489 datas
431 2457 614 2491 functiones
639 2458 729 2491 obire
754 2460 891 2499 valeant,
926 2458 1053 2491 deside-

311 2509 375 2542 rari
401 2510 579 2553 contingat,
610 2513 768 2552 volumus,
795 2517 827 2545 et
859 2512 972 2544 eadem
999 2522 1054 2544 au-

311 2563 458 2596 ctoritate
484 2563 699 2605 decernimus,
718 2571 752 2598 ut
769 2571 901 2609 praeter
918 2570 950 2598 et
968 2566 1053 2597 ultra

350 2628 358 2654 t
383 2625 452 2652 Edit.
474 2625 557 2653 nain.
577 2625 643 2661 tegit
661 2627 802 2655 absolutos
825 2629 863 2663 (a.
885 2628 932 2662 r).

1720 212 1785 246 787

1083 280 1138 303 cos
1165 269 1196 301 in
1219 268 1376 302 eiusmodi
1402 269 1526 302 statutis
1563 274 1593 302 et
1623 270 1826 304 constitutio-

1084 323 1176 355 nibus
1201 322 1395 365 designatos,
1422 333 1536 355 omnes
1570 328 1602 355 et
1626 322 1745 365 singuli
1776 334 1827 355 sa-

1083 387 1156 409 crae
1184 376 1373 418 theologiae
1401 376 1431 407 in
1458 376 1572 409 codem
1591 376 1759 419 gxiunasio
1785 377 1829 409 le-

1084 435 1202 469 ctores,
1221 441 1306 463 nunc
1333 435 1364 462 ct
1390 440 1447 472 pro
1474 435 1620 472 tempore
1640 429 1826 468 existentes,

1084 483 1136 526 qui
1163 483 1338 525 collegium
1377 482 1606 524 theologorum
1637 481 1716 513 inibi
1756 492 1829 513 con-

1084 537 1232 575 stituunt,
1259 536 1399 569 officium
1425 546 1598 568 censorum
1626 535 1657 567 in
1685 534 1769 567 dicta
1790 535 1829 566 A·

1084 590 1228 623 cademia
1265 589 1391 632 pariter
1422 589 1604 622 obtineant.
1639 588 1827 627 Praeterea,

1086 649 1120 676 ut
1144 642 1332 683 academici,
1359 652 1444 674 nunc
1466 648 1496 675 et
1527 652 1586 685 pro
1617 646 1765 684 ternpore
1791 651 1831 673 st-

1086 697 1206 730 militcr
1245 697 1421 730 existentes
1442 723 1449 737 ‚
1483 695 1645 728 mercedis
1678 694 1831 728 laborum

1086 762 1218 785 suorum
1243 750 1417 794 aliquando
1442 749 1649 793 recipiendae
1674 759 1731 792 spe
1750 749 1833 781 exei-

1087 806 1154 846 tati,
1193 804 1380 838 memoratis
1417 803 1599 846 disciplinis
1637 814 1675 836 eo
1708 802 1832 846 impen-

1087 859 1153 892 sius
1191 858 1408 901 solertiusque
1449 857 1656 897 incumbant,
1699 857 1832 889 eosdem

1087 912 1302 953 academicos,
1329 912 1384 955 qui
1411 916 1526 944 cuncta
1547 910 1739 943 Academiae
1765 920 1832 943 mu-

1088 967 1139 1000 nia
1157 967 1271 1000 sedulo
1289 977 1324 999 ac
1342 965 1551 999 laudabiliter
1568 964 1830 1008 adimpleverint,

1088 1021 1119 1053 in
1146 1020 1370 1063 dignitatibus,
1390 1019 1633 1062 personatibus,
1661 1017 1833 1050 canonica-

1088 1074 1171 1106 tibus
1197 1078 1229 1106 et
1253 1071 1461 1116 praebendis,
1489 1071 1624 1114 aliisque
1661 1069 1831 1103 beneficiis

1087 1126 1332 1166 ecclesiasticis,
1359 1136 1395 1157 ac
1420 1124 1457 1157 iis
1483 1123 1692 1168 praesertim,
1713 1123 1831 1166 quibus

1087 1190 1164 1213 cura
1202 1179 1349 1212 imminet
1385 1177 1578 1216 animarum,
1605 1187 1662 1220 per
1688 1175 1833 1209 cellatio-

1087 1245 1161 1266 nem
1188 1233 1237 1266 rel
1264 1231 1460 1266 electionem
1494 1231 1525 1263 in
1556 1231 1711 1274 cuiusque
1748 1230 1834 1274 ipso-

1088 1297 1159 1320 rum
1186 1286 1298 1329 patriis
1316 1285 1497 1328 respective
1517 1285 1741 1328 providendis,
1762 1283 1832 1317 aliis

1088 1342 1250 1380 omnibns,
1269 1339 1384 1372 ceteris
1399 1339 1542 1382 paribus,
1558 1344 1622 1371 tam
1638 1338 1670 1370 in
1688 1336 1833 1371 Romana

1087 1394 1190 1433 Curia,
1217 1403 1312 1437 quam
1339 1396 1428 1425 extra
1454 1403 1522 1425 eam
1550 1391 1708 1434 praeferri
1743 1392 1833 1424 rolu-

1089 1458 1157 1480 mus
1175 1452 1206 1480 et
1230 1446 1422 1479 mandamus
1439 1457 1446 1485 3
1466 1445 1552 1479 serio
1578 1445 1700 1478 idcirco
1715 1445 1834 1488 requi-

1089 1506 1199 1534 rentes
1225 1505 1256 1533 et
1279 1504 1451 1532 monentes
1483 1498 1689 1532 venerabiles
1720 1498 1832 1530 fratres

1089 1554 1301 1598 patriarchas,
1317 1552 1585 1595 archiepiscopos
1601 1556 1632 1584 et
1647 1552 1834 1595 episcopos,

1090 1618 1216 1641 necnon
1249 1607 1384 1640 dilectos
1419 1605 1504 1639 filios
1541 1611 1671 1638 nostros
1698 1611 1729 1638 et
1755 1605 1835 1648 Apo-

1090 1661 1222 1694 stolicae
1240 1660 1332 1693 Sedis
1357 1659 1505 1699 nuncios,
1527 1665 1720 1702 ceterosque
1739 1668 1835 1702 prae-

1090 1715 1172 1747 latos
1198 1724 1254 1747 seu
1279 1715 1425 1746 locorum
1450 1712 1654 1752 Ordinarios,
1681 1722 1717 1744 ac
1742 1722 1835 1755 quos-

1091 1778 1229 1810 cumque
1240 1766 1475 1800 beneficiorum
1487 1765 1647 1798 eiusmodi
1659 1765 1833 1798 collatores

1091 1826 1123 1853 et
1147 1820 1342 1860 collatrices‚
1370 1825 1403 1852 ut
1429 1819 1633 1852 academicos
1659 1818 1833 1862 praefatos,

1092 1884 1232 1916 quorum
1259 1873 1350 1905 multi
1376 1873 1478 1905 exteri
1506 1878 1537 1904 et
1563 1883 1599 1904 ex
1628 1871 1765 1904 dirersis
1784 1882 1835 1903 na·

1093 1926 1238 1960 tionibus
1264 1926 1424 1965 existunt,
1452 1937 1523 1958 cum
1551 1936 1607 1958 eos
1632 1925 1665 1958 in
1690 1936 1765 1958 suas
1784 1935 1836 1957 re·

1093 1980 1206 2022 giones
1232 1979 1351 2013 reverti
1377 1979 1563 2022 contigerit,
1590 1979 1615 2011 si
1634 1989 1705 2012 sese
1723 1989 1836 2022 supra-

1093 2034 1199 2066 dictae
1224 2033 1418 2066 Academiae
1456 2033 1636 2075 adscriptos
1673 2033 1705 2065 in
1732 2035 1835 2075 eaque

1093 2088 1147 2120 diu
1173 2098 1245 2120 cum
1271 2087 1366 2120 laude
1381 2091 1528 2119 versatos
1560 2086 1659 2118 fuisse
1678 2086 1833 2128 legitimis

1093 2140 1361 2184 probationibus,
1394 2145 1491 2183 atque
1512 2140 1548 2172 in
1578 2140 1692 2182 primis
1718 2138 1835 2172 litteris

1096 2193 1370 2227 testimonialibus
1387 2203 1483 2225 maini
1502 2192 1669 2225 secretarii
1689 2193 1837 2225 eiusdem

1095 2247 1290 2280 Academiae
1326 2245 1521 2288 subscriptis
1561 2245 1696 2288 eiusque
1729 2245 1835 2287 sigillo

1094 2300 1234 2339 munitis,
1254 2299 1437 2339 docuerint,
1464 2299 1495 2331 in
1514 2299 1689 2332 collatione
1708 2309 1838 2332 eorum-

1095 2354 1168 2387 dem
1193 2352 1430 2386 benestciornm
1449 2378 1456 2392 ,
1481 2359 1638 2396 quatenus
1664 2352 1726 2395 ipsi
1757 2352 1835 2385 red-

1096 2407 1217 2440 ditibus
1242 2406 1280 2439 ad
1302 2416 1479 2449 congruam
1498 2406 1547 2438 sui
1565 2405 1838 2438 sustentationem

1096 2459 1330 2492 sufficientibus
1356 2460 1542 2498 caruerint,
1571 2459 1641 2492 aliis
1666 2457 1835 2497 omnibus,

1096 2513 1214 2545 ceteris
1249 2513 1411 2555 paribus„
1448 2512 1598 2545 similiter
1634 2512 1834 2554 praeferant.

1096 2565 1176 2603 Quia
1194 2575 1271 2598 vero
1290 2566 1386 2598 etiam
1402 2565 1550 2598 nonnulli
1567 2566 1733 2606 regulares
1745 2574 1838 2607 prae-

1099 2619 1202 2652 dictae
1224 2619 1414 2652 :Xcademiae
1438 2619 1592 2661 adscripti
1614 2617 1786 2660 plurimum
1809 2618 1838 2652 ei

1832 220 1882 246 An.
1900 220 1928 247 C.
1953 221 2020 248 17¹8

1911 596 2024 618 Prixileuia

1809 641 1814 645 .
1845 623 2025 644 acadcuncuuun.
