2269 3203
268 204 303 228 Αῃ
338 202 365 228 c,
389 203 456 230 1708
501 195 566 229 3⁶24

298 901 402 920 {onumen}
421 901 447 922 de

264 933 305 953 qua
317 934 336 947 ni
353 930 446 948 untiiica.

459 252 564 287 eidem
596 253 691 287 Petro
730 254 886 288 cardinali
916 252 992 289 alias
1017 255 1196 299 apostolica

459 307 648 341 auctoritate
675 308 756 341 sacta
784 309 899 349 existit,
926 314 1042 352 sponte
1068 309 1197 349 obtulit,

458 366 490 393 et
514 371 548 393 re
574 361 642 404 ipsa
666 362 791 395 vineam
817 363 1015 406 praedictam
1042 363 1074 395 in
1096 362 1197 396 mani-

456 412 516 446 bus
543 414 663 447 nostris
696 421 814 458 sponte
848 421 879 449 et
906 416 1008 450 libere
1042 421 1195 450 oretenus

458 466 590 506 dimisit,
609 478 681 500 cum
704 468 926 501 reservatione
947 474 1065 509 tamen,
1086 469 1196 502 favore

457 520 584 552 abbatis
603 531 657 553 seu
684 521 952 555 commendatarii
972 533 1030 565 pro
1050 528 1207 565 tempore?

457 572 624 606 existentis
660 573 736 606 dicti
774 574 974 615 monasterii,
1011 585 1051 608 ne
1089 575 1195 608 eidem

456 627 655 660 monasterio
681 638 718 660 ex
741 628 928 661 dimissione
946 629 1113 672 praedicta
1130 640 1197 662 ma-

457 689 554 722 gnum
591 680 746 713 inseratur
781 681 1033 724 praeiudicium,
1060 682 1195 715 alicuius

456 732 609 775 perpetui
634 733 767 766 canonis
793 744 848 766 seu
867 745 994 767 annuae
1013 736 1197 778 responsio-

456 784 527 824 nis,
552 791 680 819 etcum
717 786 787 819 aliis
823 787 1066 821 conditionibus
1101 789 1197 822 nobis

456 837 620 871 benevisis
647 844 678 872 et
704 839 789 872 dicto
815 841 1017 874 monasterio
1048 841 1194 874 utilibus.

502 892 516 934 ἓ
541 891 571 925 3.
596 891 659 925 Nos
684 892 806 936 itaque,
834 893 887 936 qui
913 893 1102 937 primodicti
1131 895 1197 928 col-

457 944 535 987 legii
569 950 600 978 et
631 946 833 978 alumnorum
868 946 946 987 cius,
979 957 1119 989 quornm
1158 947 1197 980 dc

456 999 622 1040 praesenti
657 1009 832 1036 uumerus,
860 1000 1112 1042 comprehensis
1138 1000 1196 1032 ali-

458 1051 575 1093 quibus
601 1051 771 1084 iuvenibus
798 1051 922 1085 Svetiae
941 1052 1044 1094 regni,
1065 1053 1104 1085 ad
1121 1063 1198 1095 qna-

457 1104 606 1146 draginta
633 1109 773 1148 septem,
801 1110 835 1137 ut
860 1105 1058 1148 accepimns,
1085 1116 1198 1139 ascen-

458 1156 515 1195 dit,
544 1162 661 1189 statum
693 1168 890 1201 prosperum
923 1163 954 1191 et
987 1159 1197 1202 tranquillum

456 1208 594 1243 intensis
621 1210 847 1243 desideramus
879 1210 1058 1252 affectibus,
1086 1211 1127 1244 ob
1152 1212 1198 1245 la-

456 1263 625 1297 boriosum
658 1275 756 1307 quem
792 1264 853 1307 ipsi
886 1265 917 1297 in
949 1265 1041 1298 vinea
1070 1265 1196 1298 Domini

456 1317 643 1359 praestituri
676 1323 750 1350 sunt
775 1318 973 1357 famulatum,
1007 1324 1039 1351 et
1063 1324 1197 1361 propter

457 1370 576 1403 uberes
602 1371 723 1404 fructus
748 1381 827 1414 quos
856 1371 888 1404 in
921 1382 999 1414 agro
1030 1371 1197 1407 mili-tantis

456 1423 620 1457 Ecclesiae
647 1425 807 1457 hactenus
829 1425 1054 1467 produxerunt
1074 1426 1196 1459 utiliter

457 1488 494 1509 ac
519 1477 712 1519 producunt,
738 1483 769 1510 et
794 1479 825 1510 in
851 1479 990 1511 futurum
1021 1479 1197 1522 productu-

455 1540 510 1563 ros
535 1529 625 1562 firma
651 1541 709 1573 spe
736 1536 896 1572 tenemus,
918 1538 952 1564 ut
970 1532 1067 1565 iidem
1089 1543 1197 1575 prom-

456 1583 581 1625 ptiores
619 1594 747 1626 semper
785 1585 1027 1628 alacrioresque
1065 1586 1104 1618 ad
1141 1596 1196 1618 sua

456 1635 562 1669 officia
588 1636 619 1669 iu
646 1637 716 1669 dics
751 1639 967 1680 persolvenda
1003 1639 1193 1680 reddantur,

457 1689 591 1731 dignum
617 1689 812 1723 arbitramur
842 1697 873 1724 et
897 1702 1078 1734 congruum
1104 1692 1195 1725 solli-

456 1742 609 1776 citudinis
647 1749 777 1776 nostrae
815 1750 924 1788 partes
960 1745 993 1778 in
1030 1745 1061 1777 id
1098 1746 1195 1779 ctiam

455 1795 610 1837 adiicere,
629 1807 687 1840 per
702 1797 787 1840 qnod
806 1798 903 1831 alicui
925 1799 1063 1832 honesto
1082 1809 1194 1832 eornm

456 1849 669 1882 sublevamini
696 1856 727 1882 et
752 1852 931 1884 servandac
953 1862 1129 1895 corporum
1150 1863 1196 1885 sa-

455 1902 513 1935 luti
539 1904 738 1945 consulatur,
765 1915 802 1937 ea
827 1905 948 1948 quippe
968 1909 1014 1938 est
1031 1905 1193 1938 humanae

456 1961 591 1989 naturae
617 1956 771 1998 conditio,
789 1963 832 1997 ut,
859 1958 922 1991 nisi
940 1958 1064 1991 animus
1086 1959 1195 1991 remis

456 2008 545 2041 sione
572 2010 707 2052 quadam
733 2010 874 2052 rigorem
905 2011 1095 2045 intentionis
1120 2022 1194 2045 suae

456 2061 620 2095 interdum
647 2064 769 2096 relevet
795 2070 827 2097 et
859 2065 994 2105 relaxet,
1026 2065 1194 2099 irremisso

456 2114 567 2157 vigore
594 2116 779 2149 lentescens
804 2117 948 2160 spiritus,
985 2128 1058 2151 cum
1083 2129 1196 2152 neces-

456 2168 533 2201 sitas
569 2170 685 2212 poscit,
727 2170 835 2204 virtuti
870 2171 1095 2205 obsecundare
1129 2183 1193 2205 non

456 2223 572 2255 valeat.
593 2222 812 2266 Spontaueam
830 2225 926 2267 igitur
942 2236 1044 2268 aeque
1059 2236 1094 2258 ac
1108 2226 1194 2268 piam

457 2275 532 2308 dicti
559 2275 644 2308 Petri
670 2277 844 2309 cardinalis
870 2276 1070 2311 ob'lationem
1095 2290 1131 2311 ae
1149 2279 1195 2312 di-

456 2329 644 2363 missionem
674 2331 861 2373 praedictae
882 2332 1010 2372 vineae,
1036 2338 1069 2364 ut
1097 2343 1195 2376 snpra

456 2383 489 2416 in
514 2384 662 2416 manibus
686 2384 806 2417 nostris
833 2385 956 2426 factam,
988 2390 1020 2418 et
1044 2396 1103 2428 per
1137 2396 1195 2418 nos

456 2441 545 2468 motu
571 2437 706 2479 proprio
732 2447 767 2469 ac
801 2437 841 2470 de
866 2437 1066 2480 apostolicae
1104 2444 1194 2481 pote-

456 2489 547 2521 statis
587 2489 791 2532 plenitndine
828 2500 932 2533 nuper
974 2495 1191 2533 acceptatam,

456 2543 562 2575 denuo
598 2553 657 2585 per
691 2548 881 2586 praesentes
914 2548 1124 2586 acceptantes
1163 2549 1194 2576 et

456 2595 690 2639 confirmantes,
732 2596 907 2630 accedente
935 2602 1052 2639 tamen,
1080 2602 1191 2642 qnate-

1042 205 1223 231 B‘L'LLARIUM
1247 204 1402 231 ROMANUM

1239 265 1299 288 nus
1323 265 1404 298 opus
1431 255 1482 295 sit,
1506 264 1588 288 novo
1629 254 1731 298 ipsius
1757 255 1841 289 Petri
1878 255 1980 290 cardi-

1240 307 1322 340 nalis
1347 318 1522 348 consensu,
1550 309 1700 342 eamdem
1738 309 1876 351 vineam,
1914 311 1978 343 una

1241 371 1312 393 cum
1339 361 1474 404 palatio,
1494 360 1618 402 tinello,
1639 362 1821 406 ceterisque
1842 362 1980 396 mansio-

1240 413 1337 446 nibus
1365 420 1397 447 et
1420 412 1578 447 aediliciis
1603 413 1634 446 in
1660 425 1865 459 quacumque
1892 415 1979 448 illius

1239 473 1330 511 parte
1355 467 1483 511 positis,
1508 478 1545 500 ac
1562 468 1707 501 eamdem
1724 468 1848 502 vineam
1869 474 1978 509 totam,

1240 525 1360 564 quanta
1385 525 1433 553 est
1458 520 1543 553 intra
1569 530 1644 553 suos
1676 521 1864 554 notissimos
1897 521 1978 555 fines

1241 573 1345 617 (quos
1370 572 1493 606 eisdem
1518 573 1772 616 praesentibus,
1802 576 1866 608 una
1905 585 1979 608 cum

1241 627 1494 670 praemissorum
1520 628 1630 661 valore
1663 628 1695 660 in
1717 628 1918 672 proprietate
1943 639 1980 662 ac

1241 680 1357 714 annuis
1379 680 1534 713 fructibus
1556 685 1587 714 et
1608 680 1800 721 redditibus,
1818 681 1980 715 omnibus-

1241 745 1304 777 que
1330 740 1360 767 et
1385 734 1523 777 singulis
1555 734 1627 767 aliis
1653 733 1829 777 membris,
1856 734 1979 768 iuribus

1241 792 1273 820 et
1297 787 1502 831 pcrtinentis‚
1519 787 1634 820 haberi
1658 789 1807 821 volumus
1832 798 1891 830 pro
1917 787 1982 820 sin-

1241 840 1376 882 gillatim
1403 840 1576 884 expressis,
1598 840 1679 874 itaut
1703 841 1889 885 specialitas
1908 840 1980 874 itto-

1241 903 1312 926 rum
1340 894 1544 936 generalitati
1570 904 1633 927 non
1660 894 1822 937 deroget),
1849 894 1881 926 in
1906 904 1981 937 per-

1241 951 1485 988 petiuim,motn
1505 947 1650 990 proprio,
1666 938 1981 990 concedimusprae·

1242 998 1325 1030 satae
1340 997 1592 1041 Congregationi
1609 999 1647 1032 de
1667 999 1877 1042 Propaganda
1890 999 1981 1039 Fide,

1241 1051 1394 1094 illiusque
1421 1052 1555 1092 fructus,
1573 1052 1722 1085 redditus
1740 1057 1772 1085 et
1792 1057 1980 1096 proventUS,

1242 1104 1389 1138 detracto
1412 1105 1638 1139 infradicendo
1662 1116 1799 1146 canone,
1817 1116 1888 1138 cum
1910 1105 1982 1139 aliis

1240 1157 1328 1191 illius
1354 1158 1512 1191 fructibus
1538 1159 1643 1192 dictae
1668 1159 1921 1202 Congregationi
1947 1169 1981 1191 u-

1241 1211 1346 1244 nimus
1371 1217 1403 1244 et
1428 1212 1466 1245 ad
1488 1213 1693 1246 commodum
1726 1212 1874 1245 eiusdem
1898 1212 1981 1246 Con-

1241 1265 1440 1308 gregationis
1457 1267 1658 1300 annectimus
1672 1272 1703 1300 et
1716 1267 1978 1310 incorporamus,

1241 1318 1346 1362 deque
1372 1321 1515 1362 praefata
1541 1320 1642 1361 vinea,
1666 1321 1852 1361 accedente,
1871 1326 1907 1353 ut
1931 1331 1980 1353 su-

1240 1383 1311 1416 pra,
1338 1373 1414 1405 dicti
1439 1373 1524 1406 Petri
1550 1374 1735 1414 cardinalis,
1762 1373 1806 1406 uti
1832 1373 1979 1406 eiusdem

1240 1426 1431 1459 monasterii
1458 1426 1585 1459 abbatis
1622 1437 1677 1460 seu
1710 1425 1859 1470 perpetui
1896 1436 1980 1459 com-

1240 1479 1443 1519 mendatarii,
1457 1490 1541 1512 novo
1555 1490 1728 1520 consensu,
1739 1479 1771 1512 in
1786 1484 1980 1523 perpetuum

1239 1531 1535 1574 Congregationem
1561 1532 1772 1576 praedictam,
1799 1533 1895 1566 etiam
1920 1542 1979 1575 pro

1239 1584 1472 1625 sublevamine,
1490 1590 1663 1627 augmento
1684 1591 1715 1618 et
1732 1585 1978 1618 conservatione

1239 1639 1444 1672 alumnorum
1471 1639 1502 1671 in
1528 1639 1698 1682 praedicto
1734 1639 1804 1672 eius
1840 1638 1979 1681 collegio

1239 1691 1439 1734 degentium,
1465 1692 1668 1725 investimus.
1704 1691 1869 1725 Canonem
1903 1702 1978 1725 vero

1238 1750 1445 1788 perpetuum,
1468 1755 1524 1777 seu
1556 1756 1696 1778 annuam
1726 1750 1758 1778 et
1786 1750 1978 1789 perpetuam

1239 1798 1492 1841 responsionem
1531 1799 1636 1831 cidem
1673 1799 1768 1831 Petro
1806 1798 1975 1838 cardinali,

1239 1851 1345 1893 quoad
1366 1851 1480 1883 vixerit
1500 1857 1529 1884 et
1543 1852 1775 1884 monasterium
1791 1850 1977 1884 huiusmodi

1239 1904 1428 1944 obtinuerit,
1455 1912 1487 1937 ct
1511 1905 1705 1948 cuicumque
1723 1905 1816 1938 alteri
1832 1904 1977 1938 eiusdem

1239 1958 1427 1990 monasterii
1446 1958 1552 1991 abbati
1572 1968 1626 1991 seu
1642 1963 1800 2001 perpetuo
1815 1968 1979 1992 commen-

1239 2011 1362 2044 datario
1388 2023 1446 2055 pro
1473 2017 1616 2054 tempore
1648 2012 1824 2053 existenti,
1851 2012 1978 2046 ratione

1238 2065 1471 2105 concessionis,
1499 2065 1637 2105 unionis,
1664 2065 1855 2099 annexionis
1881 2070 1912 2098 et
1929 2065 1977 2098 in-

1239 2119 1481 2162 corporationis
1517 2118 1756 2161 praefatarum,
1790 2118 1974 2159 annuatim,

1239 2172 1364 2205 duabus
1385 2173 1574 2215 aequalibus
1600 2172 1823 2212 solutionibus,
1837 2182 1896 2216 pro
1913 2174 1977 2205 una

1238 2225 1390 2259 videlieet
1415 2226 1446 2258 in
1469 2225 1590 2258 domini
1629 2225 1729 2258 nostri
1761 2225 1831 2258 lesu
1856 2224 1975 2258 Christi

1238 2289 1254 2310 a
1280 2278 1426 2321 proxime
1452 2280 1584 2311 ventura
1606 2278 1806 2321 incipiendo,
1824 2283 1856 2310 et
1875 2279 1977 2311 altera

1237 2331 1467 2364 medietatibus
1495 2331 1629 2364 canonis
1661 2341 1717 2364 seu
1749 2331 1976 2375 responsionis

1238 2384 1425 2417 huiusmodi
1451 2384 1482 2416 in
1509 2383 1540 2416 S.
1568 2384 1696 2417 Ioannis
1727 2385 1887 2428 Baptistae
1917 2385 1976 2418 im-

1237 2437 1375 2471 mediate
1402 2437 1553 2480 sequenti
1578 2437 1786 2471 Nativitatnm
1819 2438 1975 2472 festivita-

1237 2490 1331 2530 tibus,
1357 2496 1388 2523 et
1413 2491 1456 2523 sic
1482 2491 1637 2534 deinceps
1663 2492 1832 2534 perpetuis
1858 2492 1973 2526 suturis

1237 2543 1448 2587 temporibus,
1476 2543 1514 2576 de
1545 2553 1629 2576 anno
1655 2544 1684 2576 in
1716 2555 1846 2585 annum,
1872 2555 1909 2578 ac
1934 2545 1973 2578 de

1237 2596 1374 2632 termino
1401 2597 1431 2629 in
1459 2596 1640 2638 terminum,
1660 2608 1718 2641 per
1743 2597 1972 2642 Congregatio-

1988 208 2038 234 An.
2059 207 2088 237 C.
2107 209 2172 237 1708
