<?xml version="1.0" encoding="UTF-8"?>
<!DOCTYPE html PUBLIC "-//W3C//DTD XHTML 1.0 Transitional//EN"
    "http://www.w3.org/TR/xhtml1/DTD/xhtml1-transitional.dtd">
<html xmlns="http://www.w3.org/1999/xhtml" xml:lang="en" lang="en">
 <head>
  <title>
</title>
<meta http-equiv="Content-Type" content="text/html;charset=utf-8" />
  <meta name='ocr-system' content='tesseract 3.04.00' />
  <meta name='ocr-capabilities' content='ocr_page ocr_carea ocr_par ocr_line ocrx_word'/>
</head>
<body>
  <div class='ocr_page' id='page_1' title='image "./bullarumdiplomat21cath_0295.png"; bbox 0 0 2269 3203; ppageno 0'>
   <div class='ocr_carea' id='block_1_1' title="bbox 115 214 301 244">
    <p class='ocr_par' dir='ltr' id='par_1_1' title="bbox 115 214 301 244">
     <span class='ocr_line' id='line_1_1' title="bbox 115 214 301 244; baseline 0 -2"><span class='ocrx_word' id='word_1_1' title='bbox 115 216 166 243; x_wconf 75' lang='lat' dir='ltr'>An.</span> <span class='ocrx_word' id='word_1_2' title='bbox 179 215 210 243; x_wconf 90' lang='lat' dir='ltr'>C.</span> <span class='ocrx_word' id='word_1_3' title='bbox 233 214 301 244; x_wconf 81' lang='lat'>1705</span> 
     </span>
    </p>
   </div>
   <div class='ocr_carea' id='block_1_2' title="bbox 136 1014 257 1038">
    <p class='ocr_par' dir='ltr' id='par_1_2' title="bbox 136 1014 257 1038">
     <span class='ocr_line' id='line_1_2' title="bbox 136 1014 257 1038; baseline 0.025 -3"><span class='ocrx_word' id='word_1_4' title='bbox 136 1014 257 1038; x_wconf 73' lang='lat' dir='ltr'>etausnlae.</span> 
     </span>
    </p>
   </div>
   <div class='ocr_carea' id='block_1_3' title="bbox 302 261 1048 2048">
    <p class='ocr_par' dir='ltr' id='par_1_3' title="bbox 302 261 1046 995">
     <span class='ocr_line' id='line_1_3' title="bbox 302 261 1045 308; baseline -0.003 -11"><span class='ocrx_word' id='word_1_5' title='bbox 302 263 532 308; x_wconf 86' lang='lat' dir='ltr'>episcoporum</span> <span class='ocrx_word' id='word_1_6' title='bbox 558 269 589 297; x_wconf 86' lang='lat' dir='ltr'>et</span> <span class='ocrx_word' id='word_1_7' title='bbox 613 262 812 306; x_wconf 76' lang='lat' dir='ltr'>regularium</span> <span class='ocrx_word' id='word_1_8' title='bbox 841 261 1045 305; x_wconf 80' lang='lat' dir='ltr'>praeposito-</span> 
     </span>
     <span class='ocr_line' id='line_1_4' title="bbox 302 313 1043 360; baseline -0.005 -10"><span class='ocrx_word' id='word_1_9' title='bbox 302 328 392 357; x_wconf 85' lang='lat' dir='ltr'>rum,</span> <span class='ocrx_word' id='word_1_10' title='bbox 420 318 473 360; x_wconf 91' lang='lat' dir='ltr'>qui</span> <span class='ocrx_word' id='word_1_11' title='bbox 500 316 694 350; x_wconf 72' lang='lat' dir='ltr'>relationem</span> <span class='ocrx_word' id='word_1_12' title='bbox 721 315 830 348; x_wconf 86' lang='lat' dir='ltr'>dilecti</span> <span class='ocrx_word' id='word_1_13' title='bbox 865 315 960 347; x_wconf 87' lang='lat' dir='ltr'>etiam</span> <span class='ocrx_word' id='word_1_14' title='bbox 987 313 1043 347; x_wconf 85' lang='lat' dir='ltr'>filii</span> 
     </span>
     <span class='ocr_line' id='line_1_5' title="bbox 302 366 1045 412; baseline -0.004 -10"><span class='ocrx_word' id='word_1_15' title='bbox 302 370 451 403; x_wconf 90' lang='lat' dir='ltr'>moderni</span> <span class='ocrx_word' id='word_1_16' title='bbox 470 368 692 412; x_wconf 76' lang='lat' dir='ltr'>procuratoris</span> <span class='ocrx_word' id='word_1_17' title='bbox 709 367 873 410; x_wconf 75' lang='lat' dir='ltr'>generalis</span> <span class='ocrx_word' id='word_1_18' title='bbox 892 367 969 400; x_wconf 83' lang='lat' dir='ltr'>dicti</span> <span class='ocrx_word' id='word_1_19' title='bbox 988 366 1045 399; x_wconf 92' lang='lat' dir='ltr'>Or-</span> 
     </span>
     <span class='ocr_line' id='line_1_6' title="bbox 303 420 1043 463; baseline -0.003 -8"><span class='ocrx_word' id='word_1_20' title='bbox 303 423 387 455; x_wconf 86' lang='lat' dir='ltr'>dinis</span> <span class='ocrx_word' id='word_1_21' title='bbox 413 423 618 462; x_wconf 83' lang='lat' dir='ltr'>audiverunt,</span> <span class='ocrx_word' id='word_1_22' title='bbox 646 420 798 460; x_wconf 89' lang='lat' dir='ltr'>consilio,</span> <span class='ocrx_word' id='word_1_23' title='bbox 817 420 1043 463; x_wconf 86' lang='lat' dir='ltr'>superioribus</span> 
     </span>
     <span class='ocr_line' id='line_1_7' title="bbox 303 474 1044 518; baseline -0.005 -9"><span class='ocrx_word' id='word_1_24' title='bbox 303 476 535 518; x_wconf 78' lang='lat' dir='ltr'>regularibus,</span> <span class='ocrx_word' id='word_1_25' title='bbox 571 475 610 508; x_wconf 83' lang='lat' dir='ltr'>ad</span> <span class='ocrx_word' id='word_1_26' title='bbox 640 485 722 518; x_wconf 86' lang='lat' dir='ltr'>quos</span> <span class='ocrx_word' id='word_1_27' title='bbox 759 474 926 517; x_wconf 73' lang='lat' dir='ltr'>ceteroqui</span> <span class='ocrx_word' id='word_1_28' title='bbox 957 474 1044 506; x_wconf 81' lang='lat' dir='ltr'>iuxta</span> 
     </span>
     <span class='ocr_line' id='line_1_8' title="bbox 302 526 1045 572; baseline -0.003 -11"><span class='ocrx_word' id='word_1_29' title='bbox 302 529 541 572; x_wconf 85' lang='lat' dir='ltr'>praescriptum</span> <span class='ocrx_word' id='word_1_30' title='bbox 567 528 713 560; x_wconf 88' lang='lat' dir='ltr'>eiusdem</span> <span class='ocrx_word' id='word_1_31' title='bbox 739 527 866 560; x_wconf 82' lang='lat' dir='ltr'>Ordinis</span> <span class='ocrx_word' id='word_1_32' title='bbox 891 526 1045 560; x_wconf 83' lang='lat' dir='ltr'>constitu-</span> 
     </span>
     <span class='ocr_line' id='line_1_9' title="bbox 304 580 1045 624; baseline -0.003 -11"><span class='ocrx_word' id='word_1_33' title='bbox 304 581 429 614; x_wconf 88' lang='lat' dir='ltr'>tionum</span> <span class='ocrx_word' id='word_1_34' title='bbox 443 581 595 624; x_wconf 85' lang='lat' dir='ltr'>pertinet,</span> <span class='ocrx_word' id='word_1_35' title='bbox 610 585 645 612; x_wconf 89' lang='lat' dir='ltr'>ut</span> <span class='ocrx_word' id='word_1_36' title='bbox 670 581 847 613; x_wconf 78' lang='lat' dir='ltr'>discretum</span> <span class='ocrx_word' id='word_1_37' title='bbox 864 585 894 612; x_wconf 90' lang='lat' dir='ltr'>et</span> <span class='ocrx_word' id='word_1_38' title='bbox 913 580 1045 612; x_wconf 85' lang='lat' dir='ltr'>iuvenes</span> 
     </span>
     <span class='ocr_line' id='line_1_10' title="bbox 303 632 1043 677; baseline -0.003 -10"><span class='ocrx_word' id='word_1_39' title='bbox 303 634 343 667; x_wconf 86' lang='lat' dir='ltr'>ad</span> <span class='ocrx_word' id='word_1_40' title='bbox 381 634 561 677; x_wconf 85' lang='lat' dir='ltr'>praefatum</span> <span class='ocrx_word' id='word_1_41' title='bbox 590 639 786 666; x_wconf 79' lang='lat' dir='ltr'>conventum</span> <span class='ocrx_word' id='word_1_42' title='bbox 812 632 1043 671; x_wconf 87' lang='lat' dir='ltr'>Parisiensem‚</span> 
     </span>
     <span class='ocr_line' id='line_1_11' title="bbox 303 685 1045 730; baseline -0.003 -11"><span class='ocrx_word' id='word_1_43' title='bbox 303 692 402 730; x_wconf 87' lang='lat' dir='ltr'>prout</span> <span class='ocrx_word' id='word_1_44' title='bbox 441 692 515 720; x_wconf 88' lang='lat' dir='ltr'>ante</span> <span class='ocrx_word' id='word_1_45' title='bbox 556 686 827 730; x_wconf 84' lang='lat' dir='ltr'>primodictarum</span> <span class='ocrx_word' id='word_1_46' title='bbox 868 685 902 718; x_wconf 89' lang='lat' dir='ltr'>in</span> <span class='ocrx_word' id='word_1_47' title='bbox 943 685 1045 718; x_wconf 80' lang='lat' dir='ltr'>forma</span> 
     </span>
     <span class='ocr_line' id='line_1_12' title="bbox 304 739 1046 783; baseline -0.003 -10"><span class='ocrx_word' id='word_1_48' title='bbox 304 740 414 773; x_wconf 89' lang='lat' dir='ltr'>Brevis</span> <span class='ocrx_word' id='word_1_49' title='bbox 438 740 618 773; x_wconf 86' lang='lat' dir='ltr'>litterarum</span> <span class='ocrx_word' id='word_1_50' title='bbox 644 739 887 783; x_wconf 76' lang='lat' dir='ltr'>expeditionem</span> <span class='ocrx_word' id='word_1_51' title='bbox 908 749 1046 772; x_wconf 86' lang='lat' dir='ltr'>consue-</span> 
     </span>
     <span class='ocr_line' id='line_1_13' title="bbox 302 792 1046 835; baseline -0.003 -9"><span class='ocrx_word' id='word_1_52' title='bbox 302 799 426 834; x_wconf 86' lang='lat' dir='ltr'>verant,</span> <span class='ocrx_word' id='word_1_53' title='bbox 452 794 634 826; x_wconf 87' lang='lat' dir='ltr'>studiorum</span> <span class='ocrx_word' id='word_1_54' title='bbox 659 794 754 826; x_wconf 81' lang='lat' dir='ltr'>causa</span> <span class='ocrx_word' id='word_1_55' title='bbox 771 792 899 825; x_wconf 90' lang='lat' dir='ltr'>mittere</span> <span class='ocrx_word' id='word_1_56' title='bbox 917 792 1046 835; x_wconf 79' lang='lat' dir='ltr'>possint</span> 
     </span>
     <span class='ocr_line' id='line_1_14' title="bbox 303 845 1045 888; baseline -0.003 -9"><span class='ocrx_word' id='word_1_57' title='bbox 303 851 335 879; x_wconf 90' lang='lat' dir='ltr'>et</span> <span class='ocrx_word' id='word_1_58' title='bbox 358 847 497 886; x_wconf 81' lang='lat' dir='ltr'>valeant,</span> <span class='ocrx_word' id='word_1_59' title='bbox 523 846 718 885; x_wconf 81' lang='lat' dir='ltr'>facultatem,</span> <span class='ocrx_word' id='word_1_60' title='bbox 747 845 940 878; x_wconf 85' lang='lat' dir='ltr'>auctoritate</span> <span class='ocrx_word' id='word_1_61' title='bbox 966 855 1045 888; x_wconf 86' lang='lat' dir='ltr'>apo-</span> 
     </span>
     <span class='ocr_line' id='line_1_15' title="bbox 303 898 1046 943; baseline -0.003 -11"><span class='ocrx_word' id='word_1_62' title='bbox 303 899 426 939; x_wconf 77' lang='lat' dir='ltr'>stolica,</span> <span class='ocrx_word' id='word_1_63' title='bbox 446 904 562 932; x_wconf 87' lang='lat' dir='ltr'>tenore</span> <span class='ocrx_word' id='word_1_64' title='bbox 577 898 812 943; x_wconf 87' lang='lat' dir='ltr'>praesentium,</span> <span class='ocrx_word' id='word_1_65' title='bbox 834 899 1046 931; x_wconf 80' lang='lat' dir='ltr'>concedimus</span> 
     </span>
     <span class='ocr_line' id='line_1_16' title="bbox 304 953 577 995; baseline -0.004 -9"><span class='ocrx_word' id='word_1_66' title='bbox 304 957 337 986; x_wconf 82' lang='lat' dir='ltr'>et</span> <span class='ocrx_word' id='word_1_67' title='bbox 361 953 577 995; x_wconf 77' lang='lat' dir='ltr'>impartimur.</span> 
     </span>
    </p>

    <p class='ocr_par' dir='ltr' id='par_1_4' title="bbox 303 1005 1048 1846">
     <span class='ocr_line' id='line_1_17' title="bbox 349 1005 1046 1049; baseline -0.004 -10"><span class='ocrx_word' id='word_1_68' title='bbox 349 1006 364 1049; x_wconf 62' lang='grc' dir='ltr'><strong>ἓ</strong></span> <span class='ocrx_word' id='word_1_69' title='bbox 392 1005 424 1039; x_wconf 83' lang='grc'>3.</span> <span class='ocrx_word' id='word_1_70' title='bbox 455 1005 698 1045; x_wconf 77' lang='lat' dir='ltr'>Decerncntes,</span> <span class='ocrx_word' id='word_1_71' title='bbox 734 1005 822 1048; x_wconf 84' lang='lat' dir='ltr'>ipsas</span> <span class='ocrx_word' id='word_1_72' title='bbox 853 1009 1046 1047; x_wconf 75' lang='lat' dir='ltr'>praesentes</span> 
     </span>
     <span class='ocr_line' id='line_1_18' title="bbox 304 1056 1047 1101; baseline -0.001 -11"><span class='ocrx_word' id='word_1_73' title='bbox 304 1058 431 1091; x_wconf 83' lang='lat' dir='ltr'>litteras</span> <span class='ocrx_word' id='word_1_74' title='bbox 457 1068 589 1101; x_wconf 78' lang='lat' dir='ltr'>semper</span> <span class='ocrx_word' id='word_1_75' title='bbox 613 1057 729 1097; x_wconf 85' lang='lat' dir='ltr'>firmas,</span> <span class='ocrx_word' id='word_1_76' title='bbox 747 1057 870 1091; x_wconf 69' lang='lat' dir='ltr'>validas</span> <span class='ocrx_word' id='word_1_77' title='bbox 897 1063 928 1089; x_wconf 90' lang='lat' dir='ltr'>et</span> <span class='ocrx_word' id='word_1_78' title='bbox 946 1056 1047 1089; x_wconf 85' lang='lat' dir='ltr'>effica-</span> 
     </span>
     <span class='ocr_line' id='line_1_19' title="bbox 305 1109 1048 1154; baseline -0.001 -10"><span class='ocrx_word' id='word_1_79' title='bbox 305 1121 359 1144; x_wconf 89' lang='lat' dir='ltr'>ces</span> <span class='ocrx_word' id='word_1_80' title='bbox 384 1111 523 1144; x_wconf 82' lang='lat' dir='ltr'>existere</span> <span class='ocrx_word' id='word_1_81' title='bbox 549 1116 579 1144; x_wconf 86' lang='lat' dir='ltr'>et</span> <span class='ocrx_word' id='word_1_82' title='bbox 603 1111 683 1150; x_wconf 84' lang='lat' dir='ltr'>fore,</span> <span class='ocrx_word' id='word_1_83' title='bbox 710 1121 849 1154; x_wconf 82' lang='lat' dir='ltr'>suosque</span> <span class='ocrx_word' id='word_1_84' title='bbox 883 1109 1048 1153; x_wconf 88' lang='lat' dir='ltr'>plenarios</span> 
     </span>
     <span class='ocr_line' id='line_1_20' title="bbox 304 1163 1046 1207; baseline -0.003 -9"><span class='ocrx_word' id='word_1_85' title='bbox 304 1170 337 1198; x_wconf 88' lang='lat' dir='ltr'>et</span> <span class='ocrx_word' id='word_1_86' title='bbox 360 1165 505 1207; x_wconf 80' lang='lat' dir='ltr'>integros</span> <span class='ocrx_word' id='word_1_87' title='bbox 531 1163 662 1197; x_wconf 82' lang='lat' dir='ltr'>ell&#39;ectus</span> <span class='ocrx_word' id='word_1_88' title='bbox 689 1164 799 1196; x_wconf 88' lang='lat' dir='ltr'>sortiri</span> <span class='ocrx_word' id='word_1_89' title='bbox 831 1168 864 1196; x_wconf 89' lang='lat' dir='ltr'>et</span> <span class='ocrx_word' id='word_1_90' title='bbox 887 1164 1046 1204; x_wconf 84' lang='lat' dir='ltr'>obtinere,</span> 
     </span>
     <span class='ocr_line' id='line_1_21' title="bbox 303 1217 1047 1260; baseline -0.003 -10"><span class='ocrx_word' id='word_1_91' title='bbox 303 1228 341 1251; x_wconf 84' lang='lat' dir='ltr'>ac</span> <span class='ocrx_word' id='word_1_92' title='bbox 376 1217 464 1258; x_wconf 88' lang='lat' dir='ltr'>illis,</span> <span class='ocrx_word' id='word_1_93' title='bbox 489 1217 528 1250; x_wconf 86' lang='lat' dir='ltr'>ad</span> <span class='ocrx_word' id='word_1_94' title='bbox 555 1228 638 1260; x_wconf 90' lang='lat' dir='ltr'>quos</span> <span class='ocrx_word' id='word_1_95' title='bbox 669 1222 794 1260; x_wconf 88' lang='lat' dir='ltr'>spectat</span> <span class='ocrx_word' id='word_1_96' title='bbox 826 1222 857 1249; x_wconf 88' lang='lat' dir='ltr'>et</span> <span class='ocrx_word' id='word_1_97' title='bbox 882 1227 942 1259; x_wconf 89' lang='lat' dir='ltr'>pro</span> <span class='ocrx_word' id='word_1_98' title='bbox 970 1222 1047 1248; x_wconf 91' lang='lat' dir='ltr'>tem-</span> 
     </span>
     <span class='ocr_line' id='line_1_22' title="bbox 303 1270 1047 1315; baseline -0.003 -11"><span class='ocrx_word' id='word_1_99' title='bbox 303 1281 385 1315; x_wconf 87' lang='lat' dir='ltr'>pore</span> <span class='ocrx_word' id='word_1_100' title='bbox 400 1271 569 1314; x_wconf 85' lang='lat' dir='ltr'>spectabit,</span> <span class='ocrx_word' id='word_1_101' title='bbox 587 1271 620 1303; x_wconf 89' lang='lat' dir='ltr'>in</span> <span class='ocrx_word' id='word_1_102' title='bbox 635 1271 788 1303; x_wconf 88' lang='lat' dir='ltr'>omnibus</span> <span class='ocrx_word' id='word_1_103' title='bbox 809 1276 840 1303; x_wconf 87' lang='lat' dir='ltr'>et</span> <span class='ocrx_word' id='word_1_104' title='bbox 857 1281 916 1313; x_wconf 88' lang='lat' dir='ltr'>per</span> <span class='ocrx_word' id='word_1_105' title='bbox 938 1270 1047 1302; x_wconf 83' lang='lat' dir='ltr'>omnia</span> 
     </span>
     <span class='ocr_line' id='line_1_23' title="bbox 304 1322 1046 1367; baseline -0.001 -11"><span class='ocrx_word' id='word_1_106' title='bbox 304 1324 496 1367; x_wconf 83' lang='lat' dir='ltr'>plenissime</span> <span class='ocrx_word' id='word_1_107' title='bbox 523 1322 714 1366; x_wconf 78' lang='lat' dir='ltr'>suffragari,</span> <span class='ocrx_word' id='word_1_108' title='bbox 741 1323 854 1366; x_wconf 83' lang='lat' dir='ltr'>sicque</span> <span class='ocrx_word' id='word_1_109' title='bbox 887 1323 920 1355; x_wconf 87' lang='lat' dir='ltr'>in</span> <span class='ocrx_word' id='word_1_110' title='bbox 951 1333 1046 1366; x_wconf 86' lang='lat' dir='ltr'>prae-</span> 
     </span>
     <span class='ocr_line' id='line_1_24' title="bbox 303 1376 1046 1420; baseline -0.003 -10"><span class='ocrx_word' id='word_1_111' title='bbox 303 1376 410 1410; x_wconf 87' lang='lat' dir='ltr'>missis</span> <span class='ocrx_word' id='word_1_112' title='bbox 440 1387 499 1419; x_wconf 92' lang='lat' dir='ltr'>per</span> <span class='ocrx_word' id='word_1_113' title='bbox 517 1387 741 1420; x_wconf 89' lang='lat' dir='ltr'>quoscumque</span> <span class='ocrx_word' id='word_1_114' title='bbox 764 1376 888 1409; x_wconf 88' lang='lat' dir='ltr'>iudices</span> <span class='ocrx_word' id='word_1_115' title='bbox 914 1376 1046 1409; x_wconf 82' lang='lat' dir='ltr'>ordina-</span> 
     </span>
     <span class='ocr_line' id='line_1_25' title="bbox 304 1429 1045 1473; baseline -0.001 -10"><span class='ocrx_word' id='word_1_116' title='bbox 304 1430 372 1463; x_wconf 90' lang='lat' dir='ltr'>rios</span> <span class='ocrx_word' id='word_1_117' title='bbox 392 1434 423 1463; x_wconf 89' lang='lat' dir='ltr'>et</span> <span class='ocrx_word' id='word_1_118' title='bbox 441 1431 618 1472; x_wconf 83' lang='lat' dir='ltr'>delegatos,</span> <span class='ocrx_word' id='word_1_119' title='bbox 635 1430 732 1463; x_wconf 88' lang='lat' dir='ltr'>etiam</span> <span class='ocrx_word' id='word_1_120' title='bbox 751 1440 918 1462; x_wconf 88' lang='lat' dir='ltr'>causarum</span> <span class='ocrx_word' id='word_1_121' title='bbox 933 1429 1045 1473; x_wconf 81' lang='lat' dir='ltr'>palatii</span> 
     </span>
     <span class='ocr_line' id='line_1_26' title="bbox 305 1482 1045 1527; baseline -0.001 -11"><span class='ocrx_word' id='word_1_122' title='bbox 305 1483 477 1527; x_wconf 89' lang='lat' dir='ltr'>apostolici</span> <span class='ocrx_word' id='word_1_123' title='bbox 499 1483 675 1524; x_wconf 84' lang='lat' dir='ltr'>auditores,</span> <span class='ocrx_word' id='word_1_124' title='bbox 703 1483 839 1516; x_wconf 86' lang='lat' dir='ltr'>iudicari</span> <span class='ocrx_word' id='word_1_125' title='bbox 866 1489 897 1516; x_wconf 88' lang='lat' dir='ltr'>et</span> <span class='ocrx_word' id='word_1_126' title='bbox 918 1482 1045 1516; x_wconf 83' lang='lat' dir='ltr'>deliniri</span> 
     </span>
     <span class='ocr_line' id='line_1_27' title="bbox 306 1537 1044 1577; baseline 0 -8"><span class='ocrx_word' id='word_1_127' title='bbox 306 1537 427 1570; x_wconf 86' lang='lat' dir='ltr'>debere</span> <span class='ocrx_word' id='word_1_128' title='bbox 446 1564 454 1577; x_wconf 89' lang='lat'><em>‚</em></span> <span class='ocrx_word' id='word_1_129' title='bbox 486 1547 522 1570; x_wconf 83' lang='lat' dir='ltr'>ac</span> <span class='ocrx_word' id='word_1_130' title='bbox 547 1537 676 1569; x_wconf 89' lang='lat' dir='ltr'>irritum</span> <span class='ocrx_word' id='word_1_131' title='bbox 702 1542 734 1570; x_wconf 86' lang='lat' dir='ltr'>et</span> <span class='ocrx_word' id='word_1_132' title='bbox 759 1537 856 1569; x_wconf 89' lang='lat' dir='ltr'>inane</span> <span class='ocrx_word' id='word_1_133' title='bbox 890 1537 917 1569; x_wconf 87' lang='lat' dir='ltr'>si</span> <span class='ocrx_word' id='word_1_134' title='bbox 951 1547 1044 1569; x_wconf 85' lang='lat' dir='ltr'>secus</span> 
     </span>
     <span class='ocr_line' id='line_1_28' title="bbox 306 1590 1047 1633; baseline -0.001 -10"><span class='ocrx_word' id='word_1_135' title='bbox 306 1601 406 1633; x_wconf 85' lang='lat' dir='ltr'>super</span> <span class='ocrx_word' id='word_1_136' title='bbox 431 1591 482 1623; x_wconf 90' lang='lat' dir='ltr'>his</span> <span class='ocrx_word' id='word_1_137' title='bbox 508 1601 526 1623; x_wconf 87' lang='lat' dir='ltr'>a</span> <span class='ocrx_word' id='word_1_138' title='bbox 550 1601 732 1633; x_wconf 84' lang='lat' dir='ltr'>quoquam,</span> <span class='ocrx_word' id='word_1_139' title='bbox 763 1590 874 1633; x_wconf 87' lang='lat' dir='ltr'>quavis</span> <span class='ocrx_word' id='word_1_140' title='bbox 908 1590 1047 1622; x_wconf 82' lang='lat' dir='ltr'>auctori-</span> 
     </span>
     <span class='ocr_line' id='line_1_29' title="bbox 307 1643 1047 1686; baseline -0.001 -10"><span class='ocrx_word' id='word_1_141' title='bbox 307 1648 381 1683; x_wconf 87' lang='lat' dir='ltr'>tate,</span> <span class='ocrx_word' id='word_1_142' title='bbox 407 1643 547 1676; x_wconf 85' lang='lat' dir='ltr'>scienter</span> <span class='ocrx_word' id='word_1_143' title='bbox 566 1644 615 1676; x_wconf 88' lang='lat' dir='ltr'>vel</span> <span class='ocrx_word' id='word_1_144' title='bbox 638 1644 842 1686; x_wconf 73' lang='lat' dir='ltr'>ignoranter,</span> <span class='ocrx_word' id='word_1_145' title='bbox 869 1643 1047 1686; x_wconf 75' lang='lat' dir='ltr'>contigerit</span> 
     </span>
     <span class='ocr_line' id='line_1_30' title="bbox 307 1695 1048 1729; baseline 0.001 -1"><span class='ocrx_word' id='word_1_146' title='bbox 307 1695 470 1728; x_wconf 86' lang='lat' dir='ltr'>attentari.</span> <span class='ocrx_word' id='word_1_147' title='bbox 490 1695 560 1728; x_wconf 78' lang='lat' dir='ltr'>Non</span> <span class='ocrx_word' id='word_1_148' title='bbox 579 1696 783 1729; x_wconf 77' lang='lat' dir='ltr'>obstantibus</span> <span class='ocrx_word' id='word_1_149' title='bbox 808 1697 1048 1729; x_wconf 86' lang='lat' dir='ltr'>constitutioni-</span> 
     </span>
     <span class='ocr_line' id='line_1_31' title="bbox 306 1749 1047 1792; baseline 0.001 -10"><span class='ocrx_word' id='word_1_150' title='bbox 306 1749 367 1782; x_wconf 90' lang='lat' dir='ltr'>bus</span> <span class='ocrx_word' id='word_1_151' title='bbox 393 1755 424 1782; x_wconf 89' lang='lat' dir='ltr'>et</span> <span class='ocrx_word' id='word_1_152' title='bbox 449 1749 710 1782; x_wconf 80' lang='lat' dir='ltr'>ordinationibus</span> <span class='ocrx_word' id='word_1_153' title='bbox 737 1750 935 1792; x_wconf 83' lang='lat' dir='ltr'>apostolicis,</span> <span class='ocrx_word' id='word_1_154' title='bbox 961 1755 1047 1783; x_wconf 89' lang='lat' dir='ltr'>cete-</span> 
     </span>
     <span class='ocr_line' id='line_1_32' title="bbox 306 1802 909 1846; baseline 0.002 -12"><span class='ocrx_word' id='word_1_155' title='bbox 306 1802 415 1845; x_wconf 86' lang='lat' dir='ltr'>risque</span> <span class='ocrx_word' id='word_1_156' title='bbox 441 1802 612 1835; x_wconf 73' lang='lat' dir='ltr'>contrariis</span> <span class='ocrx_word' id='word_1_157' title='bbox 634 1802 909 1846; x_wconf 86' lang='lat' dir='ltr'>quibuscumque.</span> 
     </span>
    </p>

    <p class='ocr_par' dir='ltr' id='par_1_5' title="bbox 305 1855 1047 2048">
     <span class='ocr_line' id='line_1_33' title="bbox 349 1855 1047 1898; baseline 0.003 -11"><span class='ocrx_word' id='word_1_158' title='bbox 349 1855 464 1888; x_wconf 90' lang='lat' dir='ltr'>Datum</span> <span class='ocrx_word' id='word_1_159' title='bbox 492 1855 630 1895; x_wconf 85' lang='lat' dir='ltr'>Romae,</span> <span class='ocrx_word' id='word_1_160' title='bbox 662 1857 748 1898; x_wconf 87' lang='lat' dir='ltr'>apud</span> <span class='ocrx_word' id='word_1_161' title='bbox 774 1855 805 1889; x_wconf 87' lang='lat' dir='ltr'>S.</span> <span class='ocrx_word' id='word_1_162' title='bbox 832 1856 963 1889; x_wconf 79' lang='lat' dir='ltr'>Mariam</span> <span class='ocrx_word' id='word_1_163' title='bbox 987 1856 1047 1889; x_wconf 87' lang='lat' dir='ltr'>Ma-</span> 
     </span>
     <span class='ocr_line' id='line_1_34' title="bbox 305 1908 1046 1949; baseline 0.004 -9"><span class='ocrx_word' id='word_1_164' title='bbox 305 1908 418 1948; x_wconf 87' lang='lat' dir='ltr'>iorem,</span> <span class='ocrx_word' id='word_1_165' title='bbox 445 1909 506 1941; x_wconf 88' lang='lat' dir='ltr'>sub</span> <span class='ocrx_word' id='word_1_166' title='bbox 532 1909 653 1941; x_wconf 89' lang='lat' dir='ltr'>annulo</span> <span class='ocrx_word' id='word_1_167' title='bbox 671 1908 856 1949; x_wconf 87' lang='lat' dir='ltr'>Piscatoris,</span> <span class='ocrx_word' id='word_1_168' title='bbox 875 1909 926 1942; x_wconf 90' lang='lat' dir='ltr'>die</span> <span class='ocrx_word' id='word_1_169' title='bbox 950 1920 1046 1943; x_wconf 79' lang='lat' dir='ltr'>xxvm</span> 
     </span>
     <span class='ocr_line' id='line_1_35' title="bbox 306 1961 1045 2005; baseline 0.003 -11"><span class='ocrx_word' id='word_1_170' title='bbox 306 1961 502 2005; x_wconf 82' lang='lat' dir='ltr'>septembris</span> <span class='ocrx_word' id='word_1_171' title='bbox 529 1971 661 2003; x_wconf 72' lang='lat' dir='ltr'>MDCCV,</span> <span class='ocrx_word' id='word_1_172' title='bbox 699 1961 906 2005; x_wconf 86' lang='lat' dir='ltr'>pontificatus</span> <span class='ocrx_word' id='word_1_173' title='bbox 943 1964 1045 1996; x_wconf 86' lang='lat' dir='ltr'>nostri</span> 
     </span>
     <span class='ocr_line' id='line_1_36' title="bbox 305 2024 439 2048; baseline 0.007 -1"><span class='ocrx_word' id='word_1_174' title='bbox 305 2024 392 2048; x_wconf 89' lang='lat' dir='ltr'>anno</span> <span class='ocrx_word' id='word_1_175' title='bbox 409 2024 439 2048; x_wconf 91' lang='lat' dir='ltr'>v.</span> 
     </span>
    </p>
   </div>
   <div class='ocr_carea' id='block_1_4' title="bbox 340 2076 1032 2112">
    <p class='ocr_par' dir='ltr' id='par_1_6' title="bbox 340 2076 1032 2112">
     <span class='ocr_line' id='line_1_37' title="bbox 340 2076 1032 2112; baseline 0.003 -9"><span class='ocrx_word' id='word_1_176' title='bbox 340 2076 400 2103; x_wconf 91' lang='lat' dir='ltr'>Dat.</span> <span class='ocrx_word' id='word_1_177' title='bbox 417 2076 460 2104; x_wconf 89' lang='lat' dir='ltr'>die</span> <span class='ocrx_word' id='word_1_178' title='bbox 475 2077 510 2104; x_wconf 79' lang='lat'>28</span> <span class='ocrx_word' id='word_1_179' title='bbox 525 2077 690 2112; x_wconf 83' lang='lat' dir='ltr'>septembris</span> <span class='ocrx_word' id='word_1_180' title='bbox 708 2077 787 2111; x_wconf 77' lang='lat'>1705,</span> <span class='ocrx_word' id='word_1_181' title='bbox 805 2077 902 2112; x_wconf 82' lang='lat' dir='ltr'>pontif.</span> <span class='ocrx_word' id='word_1_182' title='bbox 920 2086 989 2105; x_wconf 88' lang='lat' dir='ltr'>anno</span> <span class='ocrx_word' id='word_1_183' title='bbox 1007 2085 1032 2105; x_wconf 93' lang='lat' dir='ltr'>v.</span> 
     </span>
    </p>
   </div>
   <div class='ocr_carea' id='block_1_5' title="bbox 607 2246 741 2279">
    <p class='ocr_par' dir='ltr' id='par_1_7' title="bbox 607 2246 741 2279">
     <span class='ocr_line' id='line_1_38' title="bbox 607 2246 741 2279; baseline -0.007 0"><span class='ocrx_word' id='word_1_184' title='bbox 607 2246 741 2279; x_wconf 79' lang='lat' dir='ltr'>LXXIX.</span> 
     </span>
    </p>
   </div>
   <div class='ocr_carea' id='block_1_6' title="bbox 305 2333 1049 2647">
    <p class='ocr_par' dir='ltr' id='par_1_8' title="bbox 310 2333 1049 2523">
     <span class='ocr_line' id='line_1_39' title="bbox 310 2333 1049 2378; baseline 0.004 -12"><span class='ocrx_word' id='word_1_185' title='bbox 310 2333 430 2367; x_wconf 80' lang='lat' dir='ltr'>Unitur</span> <span class='ocrx_word' id='word_1_186' title='bbox 459 2335 627 2378; x_wconf 80' lang='lat' dir='ltr'>provincia</span> <span class='ocrx_word' id='word_1_187' title='bbox 659 2335 780 2368; x_wconf 76' lang='lat' dir='ltr'>Italiae</span> <span class='ocrx_word' id='word_1_188' title='bbox 806 2336 950 2378; x_wconf 76' lang='lat' dir='ltr'>fratrum</span> <span class='ocrx_word' id='word_1_189' title='bbox 974 2336 1049 2369; x_wconf 71' lang='lat' dir='ltr'>Dis-</span> 
     </span>
     <span class='ocr_line' id='line_1_40' title="bbox 351 2387 1049 2433; baseline 0.004 -14"><span class='ocrx_word' id='word_1_190' title='bbox 351 2387 565 2421; x_wconf 82' lang='lat' dir='ltr'>calceatorum</span> <span class='ocrx_word' id='word_1_191' title='bbox 584 2388 641 2422; x_wconf 88' lang='lat' dir='ltr'>SS.</span> <span class='ocrx_word' id='word_1_192' title='bbox 665 2389 840 2422; x_wconf 78' lang='lat' dir='ltr'>Trinitatis</span> <span class='ocrx_word' id='word_1_193' title='bbox 863 2389 1049 2433; x_wconf 77' lang='lat' dir='ltr'>redemptio-</span> 
     </span>
     <span class='ocr_line' id='line_1_41' title="bbox 352 2439 1049 2486; baseline 0.009 -16"><span class='ocrx_word' id='word_1_194' title='bbox 352 2439 404 2471; x_wconf 79' lang='lat' dir='ltr'>nis</span> <span class='ocrx_word' id='word_1_195' title='bbox 427 2441 630 2482; x_wconf 76' lang='lat' dir='ltr'>captivorum</span> <span class='ocrx_word' id='word_1_196' title='bbox 655 2442 908 2486; x_wconf 67' lang='lat' dir='ltr'>Conyreyatz&#39;oni</span> <span class='ocrx_word' id='word_1_197' title='bbox 926 2443 1049 2486; x_wconf 75' lang='lat' dir='ltr'>Hispa-</span> 
     </span>
     <span class='ocr_line' id='line_1_42' title="bbox 351 2490 460 2523; baseline 0.009 -1"><span class='ocrx_word' id='word_1_198' title='bbox 351 2490 460 2523; x_wconf 48' lang='lat' dir='ltr'>niae&amp;</span> 
     </span>
    </p>

    <p class='ocr_par' dir='ltr' id='par_1_9' title="bbox 305 2559 1047 2647">
     <span class='ocr_line' id='line_1_43' title="bbox 344 2559 1047 2600; baseline 0.01 -14"><span class='ocrx_word' id='word_1_199' title='bbox 344 2561 355 2586; x_wconf 87' lang='grc'>1</span> <span class='ocrx_word' id='word_1_200' title='bbox 379 2559 416 2587; x_wconf 84' lang='lat' dir='ltr'>De</span> <span class='ocrx_word' id='word_1_201' title='bbox 435 2560 603 2589; x_wconf 84' lang='lat' dir='ltr'>subiectione</span> <span class='ocrx_word' id='word_1_202' title='bbox 631 2563 711 2591; x_wconf 89' lang='lat' dir='ltr'>huius</span> <span class='ocrx_word' id='word_1_203' title='bbox 739 2565 894 2600; x_wconf 78' lang='lat' dir='ltr'>provinciae</span> <span class='ocrx_word' id='word_1_204' title='bbox 922 2565 1047 2594; x_wconf 88' lang='lat' dir='ltr'>ministro</span> 
     </span>
     <span class='ocr_line' id='line_1_44' title="bbox 305 2605 1047 2647; baseline 0.009 -16"><span class='ocrx_word' id='word_1_205' title='bbox 305 2605 437 2647; x_wconf 78' lang='lat' dir='ltr'>generali,</span> <span class='ocrx_word' id='word_1_206' title='bbox 449 2605 510 2633; x_wconf 78' lang='lat' dir='ltr'>vide</span> <span class='ocrx_word' id='word_1_207' title='bbox 521 2605 623 2634; x_wconf 88' lang='lat' dir='ltr'>Urbani</span> <span class='ocrx_word' id='word_1_208' title='bbox 634 2607 690 2636; x_wconf 94' lang='lat' dir='ltr'>VllI</span> <span class='ocrx_word' id='word_1_209' title='bbox 706 2613 793 2637; x_wconf 85' lang='lat' dir='ltr'>const.</span> <span class='ocrx_word' id='word_1_210' title='bbox 806 2609 850 2637; x_wconf 86' lang='lat' dir='ltr'>ed.</span> <span class='ocrx_word' id='word_1_211' title='bbox 862 2616 988 2646; x_wconf 75' lang='lat' dir='ltr'>uncxxtx,</span> <span class='ocrx_word' id='word_1_212' title='bbox 1001 2611 1047 2639; x_wconf 88' lang='lat' dir='ltr'>die</span> 
     </span>
    </p>
   </div>
   <div class='ocr_carea' id='block_1_7' title="bbox 926 213 1195 239">
    <p class='ocr_par' dir='ltr' id='par_1_10' title="bbox 926 213 1195 239">
     <span class='ocr_line' id='line_1_45' title="bbox 926 213 1195 239; baseline -0.007 0"><span class='ocrx_word' id='word_1_213' title='bbox 926 214 1066 239; x_wconf 67' lang='lat' dir='ltr'>CLEMENS</span> <span class='ocrx_word' id='word_1_214' title='bbox 1091 214 1122 237; x_wconf 81' lang='lat' dir='ltr'>xl</span> <span class='ocrx_word' id='word_1_215' title='bbox 1147 213 1195 237; x_wconf 76' lang='grc' dir='ltr'>ΓΡ,</span> 
     </span>
    </p>
   </div>
   <div class='ocr_carea' id='block_1_8' title="bbox 1066 573 1070 1307">
    <p class='ocr_par' dir='ltr' id='par_1_11' title="bbox 1066 573 1070 1307">
     <span class='ocr_line' id='line_1_46' title="bbox 1066 573 1070 1307; baseline 0 0"><span class='ocrx_word' id='word_1_216' title='bbox 1066 573 1070 1307; x_wconf 95' lang='lat' dir='ltr'> </span> 
     </span>
    </p>
   </div>
   <div class='ocr_carea' id='block_1_9' title="bbox 1225 259 1687 332">
    <p class='ocr_par' dir='ltr' id='par_1_12' title="bbox 1225 259 1687 332">
     <span class='ocr_line' id='line_1_47' title="bbox 1300 259 1606 294; baseline -0.003 -7"><span class='ocrx_word' id='word_1_217' title='bbox 1300 260 1435 288; x_wconf 75' lang='lat' dir='ltr'>Clemens</span> <span class='ocrx_word' id='word_1_218' title='bbox 1457 259 1537 294; x_wconf 76' lang='lat' dir='ltr'>Papa</span> <span class='ocrx_word' id='word_1_219' title='bbox 1556 259 1606 293; x_wconf 74' lang='lat' dir='ltr'>XI,</span> 
     </span>
     <span class='ocr_line' id='line_1_48' title="bbox 1225 304 1687 332; baseline -0.004 0"><span class='ocrx_word' id='word_1_220' title='bbox 1225 307 1261 332; x_wconf 84' lang='lat' dir='ltr'>ad</span> <span class='ocrx_word' id='word_1_221' title='bbox 1282 305 1418 332; x_wconf 83' lang='lat' dir='ltr'>futuram</span> <span class='ocrx_word' id='word_1_222' title='bbox 1437 305 1482 332; x_wconf 82' lang='lat' dir='ltr'>rei</span> <span class='ocrx_word' id='word_1_223' title='bbox 1502 304 1687 332; x_wconf 85' lang='lat' dir='ltr'>memoriam.</span> 
     </span>
    </p>
   </div>
   <div class='ocr_carea' id='block_1_10' title="bbox 1131 365 2025 410">
    <p class='ocr_par' dir='ltr' id='par_1_13' title="bbox 1131 365 2025 410">
     <span class='ocr_line' id='line_1_49' title="bbox 1131 365 2025 410; baseline -0.006 -10"><span class='ocrx_word' id='word_1_224' title='bbox 1131 367 1190 410; x_wconf 66' lang='lat'>§1-</span> <span class='ocrx_word' id='word_1_225' title='bbox 1208 367 1333 410; x_wconf 80' lang='lat' dir='ltr'>Exponi</span> <span class='ocrx_word' id='word_1_226' title='bbox 1354 367 1448 400; x_wconf 90' lang='lat' dir='ltr'>nobis</span> <span class='ocrx_word' id='word_1_227' title='bbox 1470 377 1575 410; x_wconf 89' lang='lat' dir='ltr'>nuper</span> <span class='ocrx_word' id='word_1_228' title='bbox 1593 366 1667 400; x_wconf 86' lang='lat' dir='ltr'>feeit</span> <span class='ocrx_word' id='word_1_229' title='bbox 1688 365 1827 399; x_wconf 87' lang='lat' dir='ltr'>dilectus</span> <span class='ocrx_word' id='word_1_230' title='bbox 1874 377 1970 397; x_wconf 65' lang='lat' dir='ltr'>Refertur</span> <span class='ocrx_word' id='word_1_231' title='bbox 1994 377 2025 396; x_wconf 56' lang='lat' dir='ltr'>in.</span> 
     </span>
    </p>
   </div>
   <div class='ocr_carea' id='block_1_11' title="bbox 1839 404 2025 424">
    <p class='ocr_par' dir='ltr' id='par_1_14' title="bbox 1839 404 2025 424">
     <span class='ocr_line' id='line_1_50' title="bbox 1839 404 2025 424; baseline 0.011 -2"><span class='ocrx_word' id='word_1_232' title='bbox 1839 406 1920 424; x_wconf 72' lang='lat' dir='ltr'>stitutio</span> <span class='ocrx_word' id='word_1_233' title='bbox 1954 404 2025 424; x_wconf 73' lang='lat' dir='ltr'>dictae</span> 
     </span>
    </p>
   </div>
   <div class='ocr_carea' id='block_1_12' title="bbox 1087 419 1971 462">
    <p class='ocr_par' dir='ltr' id='par_1_15' title="bbox 1087 419 1971 462">
     <span class='ocr_line' id='line_1_51' title="bbox 1087 419 1971 462; baseline -0.005 -9"><span class='ocrx_word' id='word_1_234' title='bbox 1087 420 1173 453; x_wconf 84' lang='lat' dir='ltr'>filius</span> <span class='ocrx_word' id='word_1_235' title='bbox 1185 420 1348 453; x_wconf 75' lang='lat' dir='ltr'>Amedeus</span> <span class='ocrx_word' id='word_1_236' title='bbox 1363 421 1401 453; x_wconf 90' lang='lat' dir='ltr'>de</span> <span class='ocrx_word' id='word_1_237' title='bbox 1415 420 1549 459; x_wconf 73' lang='lat' dir='ltr'>Sanctis,</span> <span class='ocrx_word' id='word_1_238' title='bbox 1566 419 1663 452; x_wconf 81' lang='lat' dir='ltr'>frater</span> <span class='ocrx_word' id='word_1_239' title='bbox 1676 429 1828 462; x_wconf 82' lang='lat' dir='ltr'>expresse</span> <span class='ocrx_word' id='word_1_240' title='bbox 1840 430 1971 456; x_wconf 60' lang='lat' dir='ltr'>provinciae.</span> 
     </span>
    </p>
   </div>
   <div class='ocr_carea' id='block_1_13' title="bbox 1087 472 1835 2428">
    <p class='ocr_par' dir='ltr' id='par_1_16' title="bbox 1087 472 1835 2428">
     <span class='ocr_line' id='line_1_52' title="bbox 1087 472 1830 517; baseline 0 -13"><span class='ocrx_word' id='word_1_241' title='bbox 1087 474 1258 517; x_wconf 88' lang='lat' dir='ltr'>professus</span> <span class='ocrx_word' id='word_1_242' title='bbox 1273 484 1308 506; x_wconf 86' lang='lat' dir='ltr'>ac</span> <span class='ocrx_word' id='word_1_243' title='bbox 1321 478 1513 517; x_wconf 86' lang='lat' dir='ltr'>procurator</span> <span class='ocrx_word' id='word_1_244' title='bbox 1524 472 1707 516; x_wconf 80' lang='lat' dir='ltr'>provinciae</span> <span class='ocrx_word' id='word_1_245' title='bbox 1719 472 1830 505; x_wconf 88' lang='lat' dir='ltr'>Italiae</span> 
     </span>
     <span class='ocr_line' id='line_1_53' title="bbox 1088 525 1832 559; baseline -0.001 0"><span class='ocrx_word' id='word_1_246' title='bbox 1088 527 1224 559; x_wconf 82' lang='lat' dir='ltr'>fratrum</span> <span class='ocrx_word' id='word_1_247' title='bbox 1250 526 1523 559; x_wconf 83' lang='lat' dir='ltr'>Discalceatorum</span> <span class='ocrx_word' id='word_1_248' title='bbox 1549 525 1678 558; x_wconf 87' lang='lat' dir='ltr'>Ordinis</span> <span class='ocrx_word' id='word_1_249' title='bbox 1694 525 1748 559; x_wconf 84' lang='lat' dir='ltr'>SS.</span> <span class='ocrx_word' id='word_1_250' title='bbox 1763 525 1832 558; x_wconf 91' lang='lat' dir='ltr'>Tri-</span> 
     </span>
     <span class='ocr_line' id='line_1_54' title="bbox 1089 578 1830 623; baseline -0.001 -11"><span class='ocrx_word' id='word_1_251' title='bbox 1089 580 1199 612; x_wconf 79' lang='lat' dir='ltr'>nitatis</span> <span class='ocrx_word' id='word_1_252' title='bbox 1225 579 1462 623; x_wconf 86' lang='lat' dir='ltr'>redemptionis</span> <span class='ocrx_word' id='word_1_253' title='bbox 1488 578 1702 622; x_wconf 71' lang='lat' dir='ltr'>capdrorum,</span> <span class='ocrx_word' id='word_1_254' title='bbox 1732 579 1830 622; x_wconf 88' lang='lat' dir='ltr'>quod,</span> 
     </span>
     <span class='ocr_line' id='line_1_55' title="bbox 1088 631 1834 665; baseline 0.001 -2"><span class='ocrx_word' id='word_1_255' title='bbox 1088 643 1162 665; x_wconf 88' lang='lat' dir='ltr'>eum</span> <span class='ocrx_word' id='word_1_256' title='bbox 1187 633 1266 665; x_wconf 80' lang='lat' dir='ltr'>alias</span> <span class='ocrx_word' id='word_1_257' title='bbox 1293 637 1369 665; x_wconf 87' lang='lat' dir='ltr'>tune</span> <span class='ocrx_word' id='word_1_258' title='bbox 1387 632 1564 665; x_wconf 83' lang='lat' dir='ltr'>existentes</span> <span class='ocrx_word' id='word_1_259' title='bbox 1583 632 1699 664; x_wconf 87' lang='lat' dir='ltr'>fratres</span> <span class='ocrx_word' id='word_1_260' title='bbox 1715 631 1834 664; x_wconf 78' lang='lat' dir='ltr'>Discat-</span> 
     </span>
     <span class='ocr_line' id='line_1_56' title="bbox 1089 684 1833 720; baseline -0.003 0"><span class='ocrx_word' id='word_1_261' title='bbox 1089 687 1171 720; x_wconf 80' lang='lat' dir='ltr'>ceati</span> <span class='ocrx_word' id='word_1_262' title='bbox 1198 686 1294 719; x_wconf 82' lang='lat' dir='ltr'>trium</span> <span class='ocrx_word' id='word_1_263' title='bbox 1312 691 1530 720; x_wconf 80' lang='lat' dir='ltr'>conventuum</span> <span class='ocrx_word' id='word_1_264' title='bbox 1548 686 1659 718; x_wconf 86' lang='lat' dir='ltr'>Italiae</span> <span class='ocrx_word' id='word_1_265' title='bbox 1680 685 1756 718; x_wconf 89' lang='lat' dir='ltr'>dicti</span> <span class='ocrx_word' id='word_1_266' title='bbox 1777 684 1833 718; x_wconf 89' lang='lat' dir='ltr'>Or-</span> 
     </span>
     <span class='ocr_line' id='line_1_57' title="bbox 1089 738 1830 782; baseline -0.003 -9"><span class='ocrx_word' id='word_1_267' title='bbox 1089 740 1184 780; x_wconf 87' lang='lat' dir='ltr'>dinis,</span> <span class='ocrx_word' id='word_1_268' title='bbox 1196 741 1237 773; x_wconf 92' lang='lat' dir='ltr'>ob</span> <span class='ocrx_word' id='word_1_269' title='bbox 1253 740 1414 772; x_wconf 88' lang='lat' dir='ltr'>defectum</span> <span class='ocrx_word' id='word_1_270' title='bbox 1425 739 1585 782; x_wconf 79' lang='lat' dir='ltr'>regularis</span> <span class='ocrx_word' id='word_1_271' title='bbox 1595 738 1830 778; x_wconf 84' lang='lat' dir='ltr'>observantiae,</span> 
     </span>
     <span class='ocr_line' id='line_1_58' title="bbox 1089 791 1832 836; baseline -0.004 -10"><span class='ocrx_word' id='word_1_272' title='bbox 1089 793 1226 836; x_wconf 86' lang='lat' dir='ltr'>aliisque</span> <span class='ocrx_word' id='word_1_273' title='bbox 1242 791 1336 824; x_wconf 88' lang='lat' dir='ltr'>iustis</span> <span class='ocrx_word' id='word_1_274' title='bbox 1354 797 1385 825; x_wconf 87' lang='lat' dir='ltr'>et</span> <span class='ocrx_word' id='word_1_275' title='bbox 1402 791 1650 825; x_wconf 86' lang='lat' dir='ltr'>rationabilibus</span> <span class='ocrx_word' id='word_1_276' title='bbox 1673 791 1712 824; x_wconf 91' lang='lat' dir='ltr'>de</span> <span class='ocrx_word' id='word_1_277' title='bbox 1727 791 1832 824; x_wconf 86' lang='lat' dir='ltr'>causis</span> 
     </span>
     <span class='ocr_line' id='line_1_59' title="bbox 1089 843 1832 888; baseline -0.004 -9"><span class='ocrx_word' id='word_1_278' title='bbox 1089 846 1123 879; x_wconf 90' lang='lat' dir='ltr'>in</span> <span class='ocrx_word' id='word_1_279' title='bbox 1147 845 1407 888; x_wconf 80' lang='lat' dir='ltr'>Congregatione</span> <span class='ocrx_word' id='word_1_280' title='bbox 1427 850 1503 877; x_wconf 89' lang='lat' dir='ltr'>tunc</span> <span class='ocrx_word' id='word_1_281' title='bbox 1519 845 1643 888; x_wconf 85' lang='lat' dir='ltr'>pariter</span> <span class='ocrx_word' id='word_1_282' title='bbox 1660 843 1832 878; x_wconf 75' lang='lat' dir='ltr'>existente¹</span> 
     </span>
     <span class='ocr_line' id='line_1_60' title="bbox 1089 897 1833 940; baseline -0.001 -9"><span class='ocrx_word' id='word_1_283' title='bbox 1089 899 1120 932; x_wconf 88' lang='lat' dir='ltr'>S.</span> <span class='ocrx_word' id='word_1_284' title='bbox 1149 899 1187 931; x_wconf 90' lang='lat' dir='ltr'>R.</span> <span class='ocrx_word' id='word_1_285' title='bbox 1214 899 1250 932; x_wconf 90' lang='lat' dir='ltr'>E.</span> <span class='ocrx_word' id='word_1_286' title='bbox 1278 898 1493 932; x_wconf 81' lang='lat' dir='ltr'>cardinalium</span> <span class='ocrx_word' id='word_1_287' title='bbox 1530 897 1671 940; x_wconf 81' lang='lat' dir='ltr'>negotiis</span> <span class='ocrx_word' id='word_1_288' title='bbox 1698 902 1730 930; x_wconf 90' lang='lat' dir='ltr'>et</span> <span class='ocrx_word' id='word_1_289' title='bbox 1755 907 1833 930; x_wconf 91' lang='lat' dir='ltr'>con-</span> 
     </span>
     <span class='ocr_line' id='line_1_61' title="bbox 1089 951 1832 995; baseline -0.001 -10"><span class='ocrx_word' id='word_1_290' title='bbox 1089 951 1321 985; x_wconf 86' lang='lat' dir='ltr'>sultationibus</span> <span class='ocrx_word' id='word_1_291' title='bbox 1337 952 1565 995; x_wconf 82' lang='lat' dir='ltr'>episcoporum</span> <span class='ocrx_word' id='word_1_292' title='bbox 1581 956 1612 983; x_wconf 90' lang='lat' dir='ltr'>et</span> <span class='ocrx_word' id='word_1_293' title='bbox 1629 951 1832 993; x_wconf 83' lang='lat' dir='ltr'>regularium</span> 
     </span>
     <span class='ocr_line' id='line_1_62' title="bbox 1089 1003 1833 1048; baseline 0 -11"><span class='ocrx_word' id='word_1_294' title='bbox 1089 1005 1276 1048; x_wconf 74' lang='lat' dir='ltr'>praeposita</span> <span class='ocrx_word' id='word_1_295' title='bbox 1301 1004 1446 1048; x_wconf 86' lang='lat' dir='ltr'>probatis</span> <span class='ocrx_word' id='word_1_296' title='bbox 1472 1010 1503 1038; x_wconf 91' lang='lat' dir='ltr'>et</span> <span class='ocrx_word' id='word_1_297' title='bbox 1527 1003 1729 1044; x_wconf 86' lang='lat' dir='ltr'>iustificatis‚</span> <span class='ocrx_word' id='word_1_298' title='bbox 1755 1014 1833 1047; x_wconf 92' lang='lat' dir='ltr'>pro-</span> 
     </span>
     <span class='ocr_line' id='line_1_63' title="bbox 1090 1057 1833 1101; baseline -0.003 -11"><span class='ocrx_word' id='word_1_299' title='bbox 1090 1057 1176 1101; x_wconf 89' lang='lat' dir='ltr'>prias</span> <span class='ocrx_word' id='word_1_300' title='bbox 1191 1058 1410 1100; x_wconf 75' lang='lat' dir='ltr'>obligationes</span> <span class='ocrx_word' id='word_1_301' title='bbox 1422 1067 1627 1100; x_wconf 84' lang='lat' dir='ltr'>nequaquam</span> <span class='ocrx_word' id='word_1_302' title='bbox 1641 1057 1833 1100; x_wconf 87' lang='lat' dir='ltr'>adimplere,</span> 
     </span>
     <span class='ocr_line' id='line_1_64' title="bbox 1090 1109 1832 1154; baseline 0 -11"><span class='ocrx_word' id='word_1_303' title='bbox 1090 1111 1263 1154; x_wconf 82' lang='lat' dir='ltr'>minusque</span> <span class='ocrx_word' id='word_1_304' title='bbox 1290 1111 1418 1154; x_wconf 87' lang='lat' dir='ltr'>aliquos</span> <span class='ocrx_word' id='word_1_305' title='bbox 1445 1110 1513 1143; x_wconf 85' lang='lat' dir='ltr'>sive</span> <span class='ocrx_word' id='word_1_306' title='bbox 1544 1110 1576 1142; x_wconf 92' lang='lat' dir='ltr'>in</span> <span class='ocrx_word' id='word_1_307' title='bbox 1603 1109 1832 1153; x_wconf 83' lang='lat' dir='ltr'>spiritualibus</span> 
     </span>
     <span class='ocr_line' id='line_1_65' title="bbox 1090 1163 1832 1206; baseline -0.001 -11"><span class='ocrx_word' id='word_1_308' title='bbox 1090 1164 1155 1196; x_wconf 79' lang='lat' dir='ltr'>sire</span> <span class='ocrx_word' id='word_1_309' title='bbox 1175 1163 1209 1195; x_wconf 92' lang='lat' dir='ltr'>in</span> <span class='ocrx_word' id='word_1_310' title='bbox 1227 1163 1467 1206; x_wconf 85' lang='lat' dir='ltr'>temporalibus</span> <span class='ocrx_word' id='word_1_311' title='bbox 1487 1163 1660 1205; x_wconf 81' lang='lat' dir='ltr'>religiosos</span> <span class='ocrx_word' id='word_1_312' title='bbox 1681 1172 1832 1206; x_wconf 80' lang='lat' dir='ltr'>progres-</span> 
     </span>
     <span class='ocr_line' id='line_1_66' title="bbox 1091 1215 1833 1260; baseline 0 -12"><span class='ocrx_word' id='word_1_313' title='bbox 1091 1227 1144 1249; x_wconf 90' lang='lat' dir='ltr'>sus</span> <span class='ocrx_word' id='word_1_314' title='bbox 1171 1217 1276 1249; x_wconf 86' lang='lat' dir='ltr'>facere</span> <span class='ocrx_word' id='word_1_315' title='bbox 1302 1217 1461 1256; x_wconf 85' lang='lat' dir='ltr'>valerent,</span> <span class='ocrx_word' id='word_1_316' title='bbox 1481 1227 1580 1260; x_wconf 85' lang='lat' dir='ltr'>seque</span> <span class='ocrx_word' id='word_1_317' title='bbox 1598 1215 1736 1259; x_wconf 89' lang='lat' dir='ltr'>proinde</span> <span class='ocrx_word' id='word_1_318' title='bbox 1751 1215 1833 1249; x_wconf 88' lang='lat' dir='ltr'>Con-</span> 
     </span>
     <span class='ocr_line' id='line_1_67' title="bbox 1090 1270 1833 1314; baseline -0.001 -11"><span class='ocrx_word' id='word_1_319' title='bbox 1090 1270 1272 1313; x_wconf 76' lang='lat' dir='ltr'>gregationi</span> <span class='ocrx_word' id='word_1_320' title='bbox 1297 1271 1473 1314; x_wconf 86' lang='lat' dir='ltr'>Hispaniae</span> <span class='ocrx_word' id='word_1_321' title='bbox 1499 1271 1636 1302; x_wconf 80' lang='lat' dir='ltr'>fratrum</span> <span class='ocrx_word' id='word_1_322' title='bbox 1653 1270 1833 1303; x_wconf 85' lang='lat' dir='ltr'>Discalcea-</span> 
     </span>
     <span class='ocr_line' id='line_1_68' title="bbox 1092 1323 1831 1366; baseline -0.001 -10"><span class='ocrx_word' id='word_1_323' title='bbox 1092 1329 1197 1357; x_wconf 86' lang='lat' dir='ltr'>torum</span> <span class='ocrx_word' id='word_1_324' title='bbox 1224 1324 1369 1357; x_wconf 85' lang='lat' dir='ltr'>eiusdem</span> <span class='ocrx_word' id='word_1_325' title='bbox 1393 1323 1522 1356; x_wconf 88' lang='lat' dir='ltr'>Ordinis</span> <span class='ocrx_word' id='word_1_326' title='bbox 1539 1323 1625 1356; x_wconf 90' lang='lat' dir='ltr'>uniri</span> <span class='ocrx_word' id='word_1_327' title='bbox 1649 1323 1831 1366; x_wconf 86' lang='lat' dir='ltr'>petiissent,</span> 
     </span>
     <span class='ocr_line' id='line_1_69' title="bbox 1090 1376 1833 1420; baseline 0 -10"><span class='ocrx_word' id='word_1_328' title='bbox 1090 1384 1122 1411; x_wconf 92' lang='lat' dir='ltr'>et</span> <span class='ocrx_word' id='word_1_329' title='bbox 1147 1377 1327 1410; x_wconf 77' lang='lat' dir='ltr'>successive</span> <span class='ocrx_word' id='word_1_330' title='bbox 1353 1377 1540 1420; x_wconf 87' lang='lat' dir='ltr'>superiores</span> <span class='ocrx_word' id='word_1_331' title='bbox 1565 1377 1669 1410; x_wconf 86' lang='lat' dir='ltr'>dictae</span> <span class='ocrx_word' id='word_1_332' title='bbox 1688 1376 1833 1420; x_wconf 86' lang='lat' dir='ltr'>Congre-</span> 
     </span>
     <span class='ocr_line' id='line_1_70' title="bbox 1090 1429 1832 1474; baseline -0.001 -11"><span class='ocrx_word' id='word_1_333' title='bbox 1090 1431 1230 1474; x_wconf 77' lang='lat' dir='ltr'>gationis</span> <span class='ocrx_word' id='word_1_334' title='bbox 1256 1441 1454 1464; x_wconf 88' lang='lat' dir='ltr'>consensum</span> <span class='ocrx_word' id='word_1_335' title='bbox 1490 1430 1605 1463; x_wconf 90' lang='lat' dir='ltr'>unioni</span> <span class='ocrx_word' id='word_1_336' title='bbox 1645 1429 1832 1463; x_wconf 91' lang='lat' dir='ltr'>huiusmodi</span> 
     </span>
     <span class='ocr_line' id='line_1_71' title="bbox 1089 1483 1832 1528; baseline -0.003 -10"><span class='ocrx_word' id='word_1_337' title='bbox 1089 1484 1352 1528; x_wconf 86' lang='lat' dir='ltr'>praestitissent,</span> <span class='ocrx_word' id='word_1_338' title='bbox 1386 1495 1422 1518; x_wconf 89' lang='lat' dir='ltr'>ac</span> <span class='ocrx_word' id='word_1_339' title='bbox 1447 1484 1566 1517; x_wconf 90' lang='lat' dir='ltr'>deinde</span> <span class='ocrx_word' id='word_1_340' title='bbox 1593 1483 1692 1517; x_wconf 90' lang='lat' dir='ltr'>iidem</span> <span class='ocrx_word' id='word_1_341' title='bbox 1717 1483 1832 1516; x_wconf 84' lang='lat' dir='ltr'>fratres</span> 
     </span>
     <span class='ocr_line' id='line_1_72' title="bbox 1089 1537 1832 1581; baseline -0.004 -9"><span class='ocrx_word' id='word_1_342' title='bbox 1089 1539 1281 1572; x_wconf 84' lang='lat' dir='ltr'>Discalceati</span> <span class='ocrx_word' id='word_1_343' title='bbox 1307 1538 1495 1581; x_wconf 83' lang='lat' dir='ltr'>provinciae</span> <span class='ocrx_word' id='word_1_344' title='bbox 1518 1538 1683 1581; x_wconf 81' lang='lat' dir='ltr'>praefatae</span> <span class='ocrx_word' id='word_1_345' title='bbox 1708 1537 1832 1580; x_wconf 86' lang='lat' dir='ltr'>suppli-</span> 
     </span>
     <span class='ocr_line' id='line_1_73' title="bbox 1090 1590 1834 1626; baseline -0.004 0"><span class='ocrx_word' id='word_1_346' title='bbox 1090 1603 1159 1626; x_wconf 87' lang='lat' dir='ltr'>cem</span> <span class='ocrx_word' id='word_1_347' title='bbox 1186 1592 1335 1625; x_wconf 89' lang='lat' dir='ltr'>libellum</span> <span class='ocrx_word' id='word_1_348' title='bbox 1355 1591 1458 1624; x_wconf 87' lang='lat' dir='ltr'>felicis</span> <span class='ocrx_word' id='word_1_349' title='bbox 1481 1591 1717 1624; x_wconf 84' lang='lat' dir='ltr'>recordationis</span> <span class='ocrx_word' id='word_1_350' title='bbox 1739 1590 1834 1623; x_wconf 91' lang='lat' dir='ltr'>Inno-</span> 
     </span>
     <span class='ocr_line' id='line_1_74' title="bbox 1090 1644 1832 1689; baseline -0.004 -10"><span class='ocrx_word' id='word_1_351' title='bbox 1090 1646 1197 1679; x_wconf 87' lang='lat' dir='ltr'>centio</span> <span class='ocrx_word' id='word_1_352' title='bbox 1235 1646 1341 1689; x_wconf 83' lang='lat' dir='ltr'>Papae</span> <span class='ocrx_word' id='word_1_353' title='bbox 1366 1645 1405 1677; x_wconf 87' lang='lat' dir='ltr'>XI</span> <span class='ocrx_word' id='word_1_354' title='bbox 1434 1644 1682 1688; x_wconf 80' lang='lat' dir='ltr'>praedecessori</span> <span class='ocrx_word' id='word_1_355' title='bbox 1719 1647 1832 1677; x_wconf 90' lang='lat' dir='ltr'>nostro</span> 
     </span>
     <span class='ocr_line' id='line_1_75' title="bbox 1090 1697 1832 1742; baseline -0.004 -10"><span class='ocrx_word' id='word_1_356' title='bbox 1090 1710 1150 1742; x_wconf 93' lang='lat' dir='ltr'>pro</span> <span class='ocrx_word' id='word_1_357' title='bbox 1184 1699 1304 1731; x_wconf 83' lang='lat' dir='ltr'>unione</span> <span class='ocrx_word' id='word_1_358' title='bbox 1338 1698 1524 1731; x_wconf 89' lang='lat' dir='ltr'>huiusmodi</span> <span class='ocrx_word' id='word_1_359' title='bbox 1555 1697 1736 1731; x_wconf 80' lang='lat' dir='ltr'>obtinenda</span> <span class='ocrx_word' id='word_1_360' title='bbox 1759 1707 1832 1741; x_wconf 92' lang='lat' dir='ltr'>por-</span> 
     </span>
     <span class='ocr_line' id='line_1_76' title="bbox 1091 1751 1833 1794; baseline 0 -11"><span class='ocrx_word' id='word_1_361' title='bbox 1091 1752 1261 1791; x_wconf 83' lang='lat' dir='ltr'>rexissent,</span> <span class='ocrx_word' id='word_1_362' title='bbox 1275 1751 1369 1794; x_wconf 84' lang='lat' dir='ltr'>isque</span> <span class='ocrx_word' id='word_1_363' title='bbox 1391 1751 1429 1784; x_wconf 84' lang='lat' dir='ltr'>ab</span> <span class='ocrx_word' id='word_1_364' title='bbox 1451 1751 1519 1794; x_wconf 92' lang='lat' dir='ltr'>ipso</span> <span class='ocrx_word' id='word_1_365' title='bbox 1534 1751 1724 1784; x_wconf 88' lang='lat' dir='ltr'>Innocentio</span> <span class='ocrx_word' id='word_1_366' title='bbox 1743 1760 1833 1794; x_wconf 87' lang='lat' dir='ltr'>prae-</span> 
     </span>
     <span class='ocr_line' id='line_1_77' title="bbox 1091 1803 1833 1838; baseline -0.003 0"><span class='ocrx_word' id='word_1_367' title='bbox 1091 1805 1262 1838; x_wconf 84' lang='lat' dir='ltr'>decessore</span> <span class='ocrx_word' id='word_1_368' title='bbox 1296 1805 1334 1838; x_wconf 90' lang='lat' dir='ltr'>ad</span> <span class='ocrx_word' id='word_1_369' title='bbox 1369 1805 1486 1838; x_wconf 86' lang='lat' dir='ltr'>dictam</span> <span class='ocrx_word' id='word_1_370' title='bbox 1515 1804 1727 1837; x_wconf 86' lang='lat' dir='ltr'>cardinalium</span> <span class='ocrx_word' id='word_1_371' title='bbox 1752 1803 1833 1836; x_wconf 87' lang='lat' dir='ltr'>Con·</span> 
     </span>
     <span class='ocr_line' id='line_1_78' title="bbox 1091 1855 1832 1900; baseline -0.001 -11"><span class='ocrx_word' id='word_1_372' title='bbox 1091 1857 1328 1900; x_wconf 78' lang='lat' dir='ltr'>gregationem,</span> <span class='ocrx_word' id='word_1_373' title='bbox 1344 1862 1376 1890; x_wconf 93' lang='lat' dir='ltr'>et</span> <span class='ocrx_word' id='word_1_374' title='bbox 1387 1857 1425 1890; x_wconf 88' lang='lat' dir='ltr'>ab</span> <span class='ocrx_word' id='word_1_375' title='bbox 1440 1857 1555 1890; x_wconf 76' lang='lat' dir='ltr'>eadem</span> <span class='ocrx_word' id='word_1_376' title='bbox 1569 1855 1832 1899; x_wconf 81' lang='lat' dir='ltr'>Congregatione</span> 
     </span>
     <span class='ocr_line' id='line_1_79' title="bbox 1091 1909 1830 1944; baseline -0.003 0"><span class='ocrx_word' id='word_1_377' title='bbox 1091 1911 1130 1943; x_wconf 89' lang='lat' dir='ltr'>ad</span> <span class='ocrx_word' id='word_1_378' title='bbox 1147 1912 1254 1944; x_wconf 87' lang='lat' dir='ltr'>bonae</span> <span class='ocrx_word' id='word_1_379' title='bbox 1272 1911 1451 1944; x_wconf 85' lang='lat' dir='ltr'>memoriae</span> <span class='ocrx_word' id='word_1_380' title='bbox 1470 1910 1669 1943; x_wconf 81' lang='lat' dir='ltr'>Alderanum</span> <span class='ocrx_word' id='word_1_381' title='bbox 1687 1909 1717 1943; x_wconf 91' lang='lat' dir='ltr'>S.</span> <span class='ocrx_word' id='word_1_382' title='bbox 1739 1909 1776 1941; x_wconf 83' lang='lat' dir='ltr'>R.</span> <span class='ocrx_word' id='word_1_383' title='bbox 1795 1909 1830 1942; x_wconf 90' lang='lat' dir='ltr'>E.</span> 
     </span>
     <span class='ocr_line' id='line_1_80' title="bbox 1091 1962 1831 2007; baseline -0.003 -11"><span class='ocrx_word' id='word_1_384' title='bbox 1091 1964 1254 2007; x_wconf 86' lang='lat' dir='ltr'>praefatae</span> <span class='ocrx_word' id='word_1_385' title='bbox 1272 1964 1472 1997; x_wconf 86' lang='lat' dir='ltr'>cardinalem</span> <span class='ocrx_word' id='word_1_386' title='bbox 1490 1962 1575 2006; x_wconf 81' lang='lat' dir='ltr'>Cybo</span> <span class='ocrx_word' id='word_1_387' title='bbox 1596 1968 1831 2006; x_wconf 83' lang='lat' dir='ltr'>nuncupatum,</span> 
     </span>
     <span class='ocr_line' id='line_1_81' title="bbox 1092 2015 1833 2058; baseline -0.001 -9"><span class='ocrx_word' id='word_1_388' title='bbox 1092 2017 1168 2050; x_wconf 87' lang='lat' dir='ltr'>dicti</span> <span class='ocrx_word' id='word_1_389' title='bbox 1193 2016 1333 2056; x_wconf 87' lang='lat' dir='ltr'>Ordinis,</span> <span class='ocrx_word' id='word_1_390' title='bbox 1360 2016 1438 2049; x_wconf 88' lang='lat' dir='ltr'>dum</span> <span class='ocrx_word' id='word_1_391' title='bbox 1463 2016 1550 2055; x_wconf 72' lang='lat' dir='ltr'>vixit,</span> <span class='ocrx_word' id='word_1_392' title='bbox 1578 2015 1663 2058; x_wconf 90' lang='lat' dir='ltr'>apud</span> <span class='ocrx_word' id='word_1_393' title='bbox 1682 2015 1833 2049; x_wconf 87' lang='lat' dir='ltr'>eumdem</span> 
     </span>
     <span class='ocr_line' id='line_1_82' title="bbox 1091 2068 1833 2112; baseline -0.001 -10"><span class='ocrx_word' id='word_1_394' title='bbox 1091 2070 1318 2102; x_wconf 89' lang='lat' dir='ltr'>Innocentium</span> <span class='ocrx_word' id='word_1_395' title='bbox 1342 2069 1633 2112; x_wconf 87' lang='lat' dir='ltr'>praedecessorem</span> <span class='ocrx_word' id='word_1_396' title='bbox 1661 2074 1692 2101; x_wconf 89' lang='lat' dir='ltr'>et</span> <span class='ocrx_word' id='word_1_397' title='bbox 1716 2068 1833 2102; x_wconf 85' lang='lat' dir='ltr'>Sedem</span> 
     </span>
     <span class='ocr_line' id='line_1_83' title="bbox 1092 2121 1834 2166; baseline 0 -11"><span class='ocrx_word' id='word_1_398' title='bbox 1092 2123 1312 2166; x_wconf 84' lang='lat' dir='ltr'>Apostolicam</span> <span class='ocrx_word' id='word_1_399' title='bbox 1333 2127 1563 2165; x_wconf 87' lang='lat' dir='ltr'>protectorem,</span> <span class='ocrx_word' id='word_1_400' title='bbox 1579 2121 1737 2154; x_wconf 88' lang='lat' dir='ltr'>remissus</span> <span class='ocrx_word' id='word_1_401' title='bbox 1757 2121 1834 2155; x_wconf 90' lang='lat' dir='ltr'>fuis-</span> 
     </span>
     <span class='ocr_line' id='line_1_84' title="bbox 1092 2174 1834 2218; baseline -0.001 -10"><span class='ocrx_word' id='word_1_402' title='bbox 1092 2181 1147 2216; x_wconf 87' lang='lat' dir='ltr'>set,</span> <span class='ocrx_word' id='word_1_403' title='bbox 1159 2175 1262 2208; x_wconf 88' lang='lat' dir='ltr'>dictus</span> <span class='ocrx_word' id='word_1_404' title='bbox 1277 2175 1408 2218; x_wconf 88' lang='lat' dir='ltr'>quidem</span> <span class='ocrx_word' id='word_1_405' title='bbox 1419 2175 1600 2208; x_wconf 87' lang='lat' dir='ltr'>Alderanus</span> <span class='ocrx_word' id='word_1_406' title='bbox 1615 2174 1789 2207; x_wconf 85' lang='lat' dir='ltr'>cardinalis</span> <span class='ocrx_word' id='word_1_407' title='bbox 1803 2179 1834 2207; x_wconf 88' lang='lat' dir='ltr'>et</span> 
     </span>
     <span class='ocr_line' id='line_1_85' title="bbox 1091 2227 1834 2271; baseline -0.001 -10"><span class='ocrx_word' id='word_1_408' title='bbox 1091 2233 1259 2271; x_wconf 87' lang='lat' dir='ltr'>protector</span> <span class='ocrx_word' id='word_1_409' title='bbox 1283 2238 1375 2260; x_wconf 87' lang='lat' dir='ltr'>suum</span> <span class='ocrx_word' id='word_1_410' title='bbox 1399 2238 1459 2271; x_wconf 92' lang='lat' dir='ltr'>pro</span> <span class='ocrx_word' id='word_1_411' title='bbox 1482 2227 1567 2260; x_wconf 80' lang='lat' dir='ltr'>dicta</span> <span class='ocrx_word' id='word_1_412' title='bbox 1584 2228 1703 2261; x_wconf 89' lang='lat' dir='ltr'>unione</span> <span class='ocrx_word' id='word_1_413' title='bbox 1724 2232 1834 2260; x_wconf 88' lang='lat' dir='ltr'>votum</span> 
     </span>
     <span class='ocr_line' id='line_1_86' title="bbox 1091 2279 1835 2324; baseline -0.001 -10"><span class='ocrx_word' id='word_1_414' title='bbox 1091 2281 1184 2314; x_wconf 90' lang='lat' dir='ltr'>iustis</span> <span class='ocrx_word' id='word_1_415' title='bbox 1203 2282 1241 2314; x_wconf 91' lang='lat' dir='ltr'>de</span> <span class='ocrx_word' id='word_1_416' title='bbox 1261 2281 1366 2314; x_wconf 87' lang='lat' dir='ltr'>causis</span> <span class='ocrx_word' id='word_1_417' title='bbox 1383 2279 1447 2313; x_wconf 71' lang='lat' dir='ltr'>una</span> <span class='ocrx_word' id='word_1_418' title='bbox 1466 2291 1538 2313; x_wconf 88' lang='lat' dir='ltr'>eum</span> <span class='ocrx_word' id='word_1_419' title='bbox 1555 2291 1594 2314; x_wconf 92' lang='lat' dir='ltr'>eo</span> <span class='ocrx_word' id='word_1_420' title='bbox 1612 2281 1724 2313; x_wconf 87' lang='lat' dir='ltr'>relatis</span> <span class='ocrx_word' id='word_1_421' title='bbox 1739 2290 1835 2324; x_wconf 89' lang='lat' dir='ltr'>prae-</span> 
     </span>
     <span class='ocr_line' id='line_1_87' title="bbox 1091 2333 1832 2377; baseline -0.001 -10"><span class='ocrx_word' id='word_1_422' title='bbox 1091 2335 1174 2368; x_wconf 89' lang='lat' dir='ltr'>fatae</span> <span class='ocrx_word' id='word_1_423' title='bbox 1184 2333 1435 2377; x_wconf 79' lang='lat' dir='ltr'>Congregationi</span> <span class='ocrx_word' id='word_1_424' title='bbox 1447 2333 1662 2367; x_wconf 86' lang='lat' dir='ltr'>cardinalium</span> <span class='ocrx_word' id='word_1_425' title='bbox 1674 2333 1832 2373; x_wconf 78' lang='lat' dir='ltr'>exhibuit3</span> 
     </span>
     <span class='ocr_line' id='line_1_88' title="bbox 1091 2387 1835 2428; baseline -0.003 -7"><span class='ocrx_word' id='word_1_426' title='bbox 1091 2399 1211 2428; x_wconf 84' lang='lat' dir='ltr'>verum,</span> <span class='ocrx_word' id='word_1_427' title='bbox 1238 2398 1311 2421; x_wconf 91' lang='lat' dir='ltr'>cum</span> <span class='ocrx_word' id='word_1_428' title='bbox 1338 2388 1389 2421; x_wconf 90' lang='lat' dir='ltr'>dic</span> <span class='ocrx_word' id='word_1_429' title='bbox 1411 2398 1429 2422; x_wconf 89' lang='lat' dir='ltr'>v</span> <span class='ocrx_word' id='word_1_430' title='bbox 1454 2388 1530 2421; x_wconf 87' lang='lat' dir='ltr'>maii</span> <span class='ocrx_word' id='word_1_431' title='bbox 1556 2397 1662 2422; x_wconf 77' lang='lat' dir='ltr'>mnexc</span> <span class='ocrx_word' id='word_1_432' title='bbox 1688 2398 1784 2420; x_wconf 88' lang='lat' dir='ltr'>eausa</span> <span class='ocrx_word' id='word_1_433' title='bbox 1801 2387 1835 2420; x_wconf 92' lang='lat' dir='ltr'>in</span> 
     </span>
    </p>
   </div>
   <div class='ocr_carea' id='block_1_14' title="bbox 1091 2476 1835 2648">
    <p class='ocr_par' dir='ltr' id='par_1_17' title="bbox 1091 2476 1835 2603">
     <span class='ocr_line' id='line_1_89' title="bbox 1092 2476 1833 2513; baseline 0 -10"><span class='ocrx_word' id='word_1_434' title='bbox 1092 2477 1125 2503; x_wconf 72' lang='lat'>12</span> <span class='ocrx_word' id='word_1_435' title='bbox 1143 2477 1318 2513; x_wconf 72' lang='lat' dir='ltr'>septembris,</span> <span class='ocrx_word' id='word_1_436' title='bbox 1339 2481 1364 2504; x_wconf 89' lang='lat' dir='ltr'>et</span> <span class='ocrx_word' id='word_1_437' title='bbox 1380 2477 1413 2504; x_wconf 86' lang='lat' dir='ltr'>de</span> <span class='ocrx_word' id='word_1_438' title='bbox 1428 2478 1496 2504; x_wconf 76' lang='lat' dir='ltr'>nova</span> <span class='ocrx_word' id='word_1_439' title='bbox 1516 2477 1654 2504; x_wconf 85' lang='lat' dir='ltr'>erectione</span> <span class='ocrx_word' id='word_1_440' title='bbox 1670 2476 1833 2512; x_wconf 74' lang='lat' dir='ltr'>provinciae,</span> 
     </span>
     <span class='ocr_line' id='line_1_90' title="bbox 1091 2521 1835 2556; baseline -0.001 -7"><span class='ocrx_word' id='word_1_441' title='bbox 1091 2522 1230 2550; x_wconf 83' lang='lat' dir='ltr'>Benedicti</span> <span class='ocrx_word' id='word_1_442' title='bbox 1255 2523 1314 2551; x_wconf 86' lang='lat' dir='ltr'>XIII</span> <span class='ocrx_word' id='word_1_443' title='bbox 1341 2523 1449 2550; x_wconf 85' lang='lat' dir='ltr'>constit.</span> <span class='ocrx_word' id='word_1_444' title='bbox 1478 2523 1542 2549; x_wconf 89' lang='lat' dir='ltr'>edit.</span> <span class='ocrx_word' id='word_1_445' title='bbox 1564 2529 1717 2556; x_wconf 78' lang='lat' dir='ltr'>MDccxxvu,</span> <span class='ocrx_word' id='word_1_446' title='bbox 1739 2522 1782 2549; x_wconf 87' lang='lat' dir='ltr'>die</span> <span class='ocrx_word' id='word_1_447' title='bbox 1803 2521 1835 2548; x_wconf 83' lang='lat'>14</span> 
     </span>
     <span class='ocr_line' id='line_1_91' title="bbox 1091 2567 1388 2603; baseline -0.003 -9"><span class='ocrx_word' id='word_1_448' title='bbox 1091 2567 1209 2602; x_wconf 84' lang='lat' dir='ltr'>augusti,</span> <span class='ocrx_word' id='word_1_449' title='bbox 1231 2567 1327 2603; x_wconf 84' lang='lat' dir='ltr'>pontif.</span> <span class='ocrx_word' id='word_1_450' title='bbox 1353 2573 1388 2594; x_wconf 84' lang='lat' dir='ltr'>iv.</span> 
     </span>
    </p>

    <p class='ocr_par' dir='ltr' id='par_1_18' title="bbox 1127 2609 1716 2648">
     <span class='ocr_line' id='line_1_92' title="bbox 1127 2609 1716 2648; baseline -0.002 -10"><span class='ocrx_word' id='word_1_451' title='bbox 1127 2613 1138 2638; x_wconf 91' lang='lat'>1</span> <span class='ocrx_word' id='word_1_452' title='bbox 1161 2611 1231 2639; x_wconf 86' lang='lat' dir='ltr'>Edit.</span> <span class='ocrx_word' id='word_1_453' title='bbox 1252 2611 1332 2639; x_wconf 81' lang='lat' dir='ltr'>Maiu.</span> <span class='ocrx_word' id='word_1_454' title='bbox 1353 2610 1418 2647; x_wconf 79' lang='lat' dir='ltr'>legit</span> <span class='ocrx_word' id='word_1_455' title='bbox 1437 2611 1592 2638; x_wconf 67' lang='lat' dir='ltr'>eoeistentes</span> <span class='ocrx_word' id='word_1_456' title='bbox 1611 2610 1651 2645; x_wconf 80' lang='lat' dir='ltr'>(n.</span> <span class='ocrx_word' id='word_1_457' title='bbox 1667 2609 1716 2648; x_wconf 69' lang='lat' dir='ltr'>T.)-</span> 
     </span>
    </p>
   </div>
   <div class='ocr_carea' id='block_1_15' title="bbox 1720 201 2025 238">
    <p class='ocr_par' dir='ltr' id='par_1_19' title="bbox 1720 201 2025 238">
     <span class='ocr_line' id='line_1_93' title="bbox 1720 201 2025 238; baseline 0.007 -2"><span class='ocrx_word' id='word_1_458' title='bbox 1720 201 1785 236; x_wconf 62' lang='grc'>939</span> <span class='ocrx_word' id='word_1_459' title='bbox 1832 211 1881 236; x_wconf 70' lang='lat' dir='ltr'>An.</span> <span class='ocrx_word' id='word_1_460' title='bbox 1901 209 1929 237; x_wconf 91' lang='lat' dir='ltr'>C.</span> <span class='ocrx_word' id='word_1_461' title='bbox 1954 207 2025 238; x_wconf 80' lang='lat'>¹705</span> 
     </span>
    </p>
   </div>
  </div>
 </body>
</html>
