2269 3203
281 237 332 263 An.
353 236 380 265 C.
399 237 467 263 1710

302 299 377 319 Prae-pa
389 300 463 324 prioris

281 328 298 345 et
316 326 453 345 definiturum.

326 825 460 846 Confirmatio

277 854 338 873 relatt
353 854 441 874 decreti.

512 228 575 262 398

517 287 532 330 ξ
556 286 587 319 ⁹2.
614 286 691 320 Cum
716 292 832 327 autem,
860 287 941 320 sicut
977 287 1090 320 eadem
1117 297 1213 331 expo-

474 339 546 372 sitio
572 339 799 382 subiungebat,
822 340 995 384 capitulum
1014 341 1211 384 provinciale

473 393 674 435 praedictum
701 393 979 427 confirmationem
1007 394 1128 427 decreti
1155 394 1213 426 hu-

473 446 623 486 iusmodi,
649 457 708 489 pro
733 446 866 479 firmiori
893 440 979 479 illius
1005 447 1211 479 subsistentia

473 504 504 531 et
528 498 765 538 observatione,
782 499 820 531 ab
846 499 907 531 hac
924 499 1038 532 Sancta
1057 499 1139 532 Sede
1158 499 1212 532 im-

472 552 592 594 petrari
619 551 834 584 mandaverit:
857 551 950 584 nobis
971 557 1147 595 propterea
1167 551 1212 584 di-

473 603 513 637 cti
541 610 743 647 exponentes
769 604 939 637 humiliter
963 604 1140 648 supplicari
1167 605 1211 637 fe-

473 662 588 690 cerunt
613 663 647 689 ut
673 657 704 689 in
722 657 910 700 praemissis
940 663 1124 701 opportune
1139 668 1211 701 pro-

472 710 580 743 videre
598 715 629 742 et
646 715 680 742 ut
698 710 781 743 infra
799 710 969 753 indulgere
996 711 1034 744 de
1060 711 1211 754 benigni-

473 769 534 796 tate
560 763 739 807 apostolica
763 764 987 807 dignaremur.

515 817 530 859 ἓ
547 816 578 849 3.
605 816 667 850 Nos
685 816 792 860 igitur,
814 817 901 860 ipsos
921 822 1122 861 exponentes
1140 828 1211 860 spe-

472 869 607 902 cialibus
625 870 786 903 savoribus
807 875 836 903 et
855 870 967 913 gratiis
987 871 1142 914 prosequi
1163 880 1211 902 vo-

471 923 589 964 lentes,
600 928 631 956 et
645 934 660 956 a
675 924 839 967 quibusvis
852 924 1209 964 excommunicationis,

471 976 698 1019 suspensionis
713 982 745 1010 et
762 977 938 1017 interdicti,
954 976 1089 1020 aliisque
1107 977 1211 1009 ecclc-

471 1029 611 1062 siasticis
635 1030 816 1069 sententiis,
851 1031 996 1063 censuris
1029 1036 1060 1063 et
1085 1030 1208 1073 poenis,

470 1082 569 1114 aiure
586 1084 635 1115 vel
667 1083 705 1115 ab
728 1084 870 1123 homine,
904 1083 1015 1126 quavis
1038 1083 1210 1116 occasione

470 1137 517 1168 vel
543 1139 638 1169 causa
662 1136 743 1177 latis,
763 1136 789 1169 si
814 1137 930 1179 quibus
960 1136 1211 1179 quomodolibet

469 1189 614 1222 innodati
644 1189 795 1229 existunt,
818 1190 857 1222 ad
889 1188 1037 1222 efl'ectum
1059 1199 1211 1233 praesen-

470 1241 549 1274 tium
575 1242 738 1275 dumtaxat
769 1243 1064 1286 consequendum,
1093 1243 1209 1275 barum

469 1295 553 1327 serie
580 1295 785 1329 absolventes
812 1301 842 1328 et
867 1296 1029 1329 absolutas
1048 1296 1116 1328 sore
1135 1306 1210 1329 cen-

469 1354 593 1389 sentes,
621 1349 809 1382 huiusmodi
841 1349 1136 1393 supplicationibus
1164 1350 1211 1381 in-

469 1401 605 1442 clinati,
643 1402 681 1435 de
718 1402 956 1435 venerabilium
992 1402 1124 1435 fratrum
1152 1412 1209 1435 no-

468 1459 607 1487 strorum
631 1454 663 1487 S.
684 1454 720 1486 R.
740 1454 774 1487 Ε.
816 1455 1031 1487 cardinalium
1070 1455 1208 1497 negotiis

470 1512 501 1540 et
526 1507 818 1541 consultationibus
844 1508 1072 1551 episcoporum
1097 1514 1128 1541 et
1152 1519 1207 1541 re-

469 1561 630 1603 gularium
668 1561 938 1604 praepositorum,
965 1563 1019 1605 qui
1054 1562 1209 1594 dilectum

468 1613 568 1647 silium
584 1615 779 1647 modernum
790 1615 1013 1658 praepositum
1025 1616 1208 1657 generalem

469 1667 570 1700 dietae
596 1667 867 1711 Congregationis
900 1679 999 1712 super
1023 1668 1209 1712 praemissis

469 1721 672 1761 audiverunt,
685 1722 832 1761 consilio,
848 1722 1012 1755 decretum
1028 1722 1210 1765 praeinser-

470 1780 548 1815 tum,
572 1775 765 1808 auctoritate
784 1775 973 1818 apostolica,
988 1780 1100 1808 tenore
1116 1786 1210 1819 prae-

468 1828 618 1868 sentium,
633 1827 862 1862 confirmamus
878 1834 910 1862 et
926 1829 1154 1872 approbamus,
1173 1829 1209 1862 il-

468 1881 555 1924 lique
580 1881 779 1915 inviolabilis
817 1883 1018 1926 apostolicae
1048 1883 1208 1915 firmitatis

467 1934 571 1967 robur
596 1935 785 1975 adiicimus,
811 1946 847 1968 ac
872 1946 986 1968 omnes
1005 1941 1036 1967 et
1061 1936 1207 1979 singulos

467 1985 545 2018 iuris
572 1991 603 2018 et
634 1985 706 2018 sacti
740 1986 895 2025 defectus,
929 1986 955 2019 si
988 1987 1041 2030 qui
1068 1987 1209 2030 desuper

468 2038 717 2081 quomodolibet
736 2039 979 2079 intervenerint,
1006 2041 1205 2083 supplemus·⁷

468 2093 554 2125 salva
588 2097 693 2125 tamen
720 2103 853 2136 semper
878 2093 909 2125 in
932 2093 1122 2136 praemissis
1152 2104 1208 2126 au-

467 2144 617 2177 ctoritate
644 2142 914 2187 Congregationis
932 2146 1121 2179 eorumdem
1143 2157 1208 2179 car-

467 2196 633 2230 dinalium.
657 2198 889 2238 Decernentes‚
911 2199 996 2241 ipsas
1015 2205 1208 2242 praesentes

467 2250 591 2282 litteras
612 2261 743 2293 semper
764 2251 882 2291 firmas,
905 2252 1027 2285 validas
1049 2258 1081 2284 et
1102 2253 1207 2285 effica—

467 2313 519 2336 ces
544 2304 683 2336 existere
701 2310 732 2337 et
759 2305 841 2345 sore,
869 2316 1012 2348 suosque
1038 2307 1207 2348 plenarios

468 2363 499 2389 et
523 2357 668 2399 integros
693 2357 827 2390 eftectus
852 2359 963 2391 sortiri
989 2364 1020 2391 et
1044 2359 1204 2399 obtinere,

467 2420 504 2442 ac
517 2410 643 2450 abillis,
660 2410 699 2443 ad
710 2420 793 2453 quos
807 2416 1042 2454 spectatetpro
1058 2417 1206 2454 tempore

467 2463 633 2506 spectabit,
648 2463 880 2496 inviolabiliter
898 2464 1075 2504 observari,
1093 2464 1204 2508 sicque

467 2516 500 2548 in
524 2516 712 2559 praemissis
738 2526 796 2560 per
827 2527 1055 2560 quoscumque
1080 2517 1204 2550 iudices

467 2569 649 2603 ordinarios
667 2574 698 2602 et
716 2570 895 2613 delegatos,
917 2570 1014 2603 etiam
1035 2580 1204 2603 causarum

468 2622 579 2668 palatii
605 2622 775 2666 apostolici
802 2622 983 2664 auditores,
1008 2623 1145 2656 iudicari
1174 2629 1203 2656 et

1050 237 1230 263 nttLtAmmt
1254 236 1410 262 nouANt'M

1257 286 1384 320 definiri
1425 286 1569 327 debere,
1601 297 1637 320 ac
1675 287 1804 320 irritum
1836 291 1867 319 et
1897 286 1992 320 inane

1256 339 1281 371 si
1296 350 1390 373 secus
1407 340 1568 384 superbis
1589 351 1604 373 a
1619 351 1795 384 quoquam,
1811 340 1923 384 quavis
1939 351 1994 374 au-

1255 394 1415 435 ctoritate,
1450 394 1593 427 scienter
1617 394 1664 427 vel
1690 394 1892 437 ignoranter,
1911 403 1991 426 con-

1257 446 1542 489 tigeritattentari.

1299 500 1313 542 ἓ
1338 500 1368 533 li.
1389 500 1457 534 Non
1472 501 1689 541 obstantibus,
1706 499 1994 534 constitutionibus

1254 557 1286 584 et
1302 552 1565 586 ordinationibus
1592 553 1793 596 apostolicis,
1819 563 1864 591 ac,
1883 557 1995 596 quate-

1256 616 1314 637 nus
1339 616 1420 649 opus
1440 606 1490 646 sit,
1510 599 1831 649 Congregauonis'et
1855 615 1994 639 conven-

1255 663 1343 691 tuum
1380 665 1410 691 et
1435 659 1622 702 provinciae
1660 659 1858 699 huiusmodi,
1896 658 1993 692 etiam

1255 711 1445 751 iuramento,
1467 712 1716 746 confirmatione
1735 711 1926 756 apostolica,
1943 712 1992 744 vel

1255 764 1364 808 quavis
1390 764 1537 798 firmitate
1570 766 1633 799 alia
1658 765 1838 805 roboratis,
1864 764 1992 798 statutis

1255 822 1286 849 et
1311 818 1616 857 consuetudinibus,
1642 818 1822 862 privilegiis
1849 827 1991 861 quoque,

1255 869 1390 902 indultis
1415 875 1446 903 et
1471 870 1588 903 litteris
1613 870 1799 914 apostolicis
1820 871 1851 903 in
1873 875 1994 904 contra-

1255 923 1337 954 rium
1363 922 1612 965 praemissorum
1644 923 1893 967 quomodolibet
1916 933 1992 957 con-

1256 975 1362 1014 cessis,
1390 975 1588 1008 confirmatis
1613 982 1644 1009 et
1668 976 1848 1017 innovatis,
1876 976 1992 1020 quibus

1256 1028 1406 1061 omnibus
1444 1033 1474 1060 et
1510 1028 1658 1071 singulis,
1696 1029 1824 1062 illarum
1861 1035 1992 1063 tenores

1255 1081 1480 1123 praesentibus
1498 1091 1557 1125 pro
1574 1082 1672 1125 plene
1688 1087 1719 1114 et
1732 1082 1927 1115 sufficienter
1944 1093 1994 1116 ex-

1256 1134 1375 1176 pressis
1401 1144 1435 1166 ac
1462 1134 1500 1166 ad
1522 1135 1655 1167 verbum
1672 1134 1802 1167 insertis
1823 1135 1991 1175 habentes,

1256 1186 1318 1219 illis
1337 1187 1416 1220 alias
1442 1187 1473 1219 in
1492 1197 1551 1219 suo
1570 1188 1686 1220 robore
1705 1188 1934 1230 permansuris,
1953 1189 1992 1221 ad

1255 1239 1507 1283 praemissorum
1526 1240 1684 1281 efl'ectum,
1705 1241 1766 1274 bac
1782 1241 1849 1274 viee
1871 1241 1994 1274 dumta-

1254 1298 1320 1331 xat,
1339 1293 1526 1336 specialiter
1550 1298 1580 1325 et
1605 1303 1756 1336 expresse
1781 1294 1991 1336 derogamus;

1253 1346 1438 1388 ceterisque
1464 1346 1634 1379 contrariis
1660 1346 1935 1390 quibuscumque.

1298 1398 1411 1431 Datum
1439 1398 1571 1439 Romae,
1602 1400 1689 1443 apud
1714 1399 1746 1432 S.
1774 1399 1904 1433 Mariam
1930 1399 1993 1433 Ma-

1253 1452 1367 1492 iorem,
1392 1451 1451 1484 sub
1482 1453 1602 1485 annulo
1628 1452 1811 1493 piscatoris,
1844 1453 1895 1486 die
1921 1463 1993 1487 xxvi

1254 1505 1450 1547 septembris
1483 1515 1614 1547 uinces,
1648 1496 1856 1549 pontificatus
1887 1506 1993 1540 nostri

1254 1569 1339 1591 anno
1365 1569 1394 1591 x.

1289 1621 1349 1647 Dat.
1370 1621 1413 1648 die
1428 1621 1462 1648 26
1478 1621 1645 1657 septembris
1664 1622 1742 1655 1710,
1767 1622 1862 1657 pontif.
1880 1630 1950 1650 anno
1965 1629 1992 1651 Χ.

1552 1765 1692 1799 CXLVII.

1252 1844 1471 1888 Eaetinquitur
1497 1844 1538 1877 Iis
1562 1846 1648 1878 iuter
1672 1846 1846 1878 monachos
1881 1846 1993 1880 Cister-

1297 1898 1415 1931 cieuses
1441 1898 1710 1942 Conqreyalionis
1733 1899 1925 1942 Hispaniae,
1945 1904 1992 1932 a!-

1296 1961 1357 1994 (με
1388 1951 1622 1994 praescribitur
1657 1962 1738 1984 nora
1775 1952 1881 1994 forma
1921 1962 1992 1985 eam

1295 2004 1503 2047 yuberncwzdi
1513 2004 1532 2037 ¹.

1470 2085 1603 2112 Clemens
1624 2086 1702 2119 Papa
1721 2086 1769 2118 xl,

1392 2129 1427 2156 ad
1448 2129 1580 2156 futuram
1600 2130 1645 2157 rei
1667 2129 1848 2157 memoriam.

1295 2199 1477 2233 Sarrosanti
1491 2200 1690 2244 apostolatus
1702 2200 1842 2232 officium
1856 2200 1987 2242 superni

1251 2253 1465 2296 dispositione
1492 2253 1618 2286 consilii
1644 2253 1761 2293 nobis,
1791 2253 1879 2285 nullo
1915 2252 1989 2285 licet

1286 2368 1397 2395 ¹Const.
1410 2368 1453 2394 ed,
1470 2374 1576 2401 mncctv,
1592 2367 1634 2394 die
1646 2367 1680 2395 ⁶20
1695 2367 1833 2401 februarii,
1844 2368 1939 2403 pontif.
1953 2375 1988 2402 tv,

1249 2416 1289 2438 est
1308 2412 1341 2438 de
1362 2411 1594 2446 praedicatoribus
1615 2411 1770 2445 vocalibus3
1792 2413 1898 2439 constit.
1919 2412 1991 2439 edita

1249 2462 1364 2489 nnccxx,
1386 2455 1428 2482 die
1448 2456 1481 2482 29
1497 2456 1568 2487 maii,
1585 2456 1681 2490 pontif.
1697 2463 1739 2490 xx,
1756 2456 1845 2492 agitur
1860 2457 1893 2484 de
1908 2464 1989 2492 prae-

1249 2499 1415 2526 dicatoribus
1435 2504 1462 2526 et
1480 2500 1642 2533 lectoribus3
1665 2504 1690 2526 et
1718 2501 1745 2526 in
1776 2500 1911 2528 Benedicti
1931 2500 1989 2527 xm

1249 2547 1333 2570 const.
1347 2543 1390 2570 ed.
1407 2550 1574 2578 nnccxxvnt,
1585 2544 1629 2571 die
1639 2545 1674 2571 20
1685 2544 1848 2579 decembris,
1858 2544 1988 2580 pontiflv,

1248 2587 1382 2613 stabilitur
1402 2588 1536 2622 tripartita
1563 2589 1632 2616 circa
1659 2589 1876 2616 distributionem
1903 2589 1988 2616 abba-

1248 2636 1357 2658 tiarutu.

1999 237 2053 267 An:
2073 238 2103 266 C.
2120 238 2188 267 ¹710

2032 509 2188 531 Contrariorum

2005 535 2124 562 derogatio.

2025 2209 2147 2233 Exordium.
