2269 3203
251 216 301 242 An.
323 215 352 241 12.
372 215 436 241 1702·
484 205 546 239 360

441 263 596 296 cardinali
646 274 680 295 ac
718 262 894 295 secretario
931 262 1037 295 Status
1075 259 1182 293 eidem

442 316 612 350 Francisco
638 315 793 349 cardinali
812 321 843 348 et
861 314 1002 358 praesuli
1020 313 1107 346 iussu
1134 311 1183 344 iti-

444 371 523 417 dem
553 374 665 402 nostro
702 369 789 401 datas
824 368 1031 405 iniunximus,
1059 371 1093 397 ut
1119 375 1181 397 non

443 423 538 456 modo
564 422 602 455 iis
629 422 681 465 qui
715 421 821 454 edicta
853 425 884 453 et
914 420 976 452 alia
1007 416 1183 462 praemissa

444 476 614 509 ediderant
640 485 694 507 seu
720 473 990 516 subscripserant,
1007 471 1065 504 scd
1086 470 1182 503 ctiam

445 529 515 563 aliis
541 528 692 561 omuibus
718 526 771 570 qui
798 536 856 569 pro
877 525 1006 558 illorum
1027 522 1182 563 editione,

443 580 713 625 promulgatione,
733 590 788 612 seu
816 579 922 611 forsan
948 576 1043 610 etiam
1070 587 1185 609 execu-

445 635 532 667 tione
553 632 724 670 auxilium,
751 630 939 669 consilium,
968 629 1106 662 savorem
1131 634 1185 661 aut

446 697 580 730 operam
599 685 713 729 quovis
733 684 830 717 modo
848 682 1096 726 praestitissent,
1112 691 1185 725 quo-

446 750 585 783 cumque
623 738 753 771 tandem
791 736 892 779 gradu
934 746 990 768 seu
1028 734 1184 777 dignitate

444 792 696 835 praefulgercnt,
722 800 874 823 censuras
911 793 943 821 et
979 797 1100 831 poenas
1133 797 1185 819 ec·

444 845 641 879 clesiasticas
668 855 685 876 a
710 843 809 876 sacris
836 836 1028 881 canonibus,
1050 850 1186 884 ‹gencra-

445 897 523 931 lium
544 895 757 930 conciliorum
776 895 928 934 decretis,
948 899 979 927 et
996 892 1185 936 apostolicis

445 949 745 989 constitutionibus,
779 959 815 980 ac
844 945 1037 991 praesertim
1071 945 1186 978 litteris

445 1002 497 1036 die
529 1002 655 1036 Coenae
688 1000 815 1034 Domini
842 999 977 1042 singulis
1003 997 1095 1031 annis
1122 997 1184 1040 legi

446 1061 479 1089 et
503 1053 708 1099 promulgari
733 1052 848 1091 solitis,
874 1061 910 1084 ac
935 1061 974 1084 eo
1000 1050 1072 1093 ipso
1101 1059 1186 1082 anno

446 1108 539 1142 lectis
567 1112 599 1141 et
623 1105 860 1151 promulgatis,
887 1104 1040 1143 inflictas,
1069 1103 1186 1146 quibus

447 1162 507 1206 ipsi
533 1161 650 1195 irretiti
676 1160 914 1204 reperiebatur,
946 1157 1101 1202 pastorali
1133 1168 1188 1200 pe-

447 1221 536 1250 ctore
556 1220 667 1258 aperte
687 1213 841 1253 ediceret,
862 1212 1001 1255 illosque
1019 1216 1188 1255 praeterea

447 1279 481 1302 se
507 1279 524 1301 a
540 1267 686 1301 censuris
713 1271 745 1299 et
770 1265 884 1309 poenis
903 1264 1090 1297 huiusmodi
1111 1274 1189 1297 non-

447 1322 507 1355 nisi
534 1327 609 1365 post
634 1320 777 1354 debitam
803 1325 834 1352 et
859 1318 1052 1360 condignam
1077 1317 1187 1350 Eccle-

447 1375 512 1408 siae
539 1374 726 1418 praestitam
759 1371 1012 1405 satisfactionem
1045 1381 1062 1402 a
1094 1370 1187 1402 nobis

448 1438 503 1461 seu
522 1427 667 1460 Romano
685 1423 840 1458 Pontifice
865 1433 924 1467 pro
951 1429 1096 1467 tempore
1124 1422 1189 1455 exi-

449 1485 553 1513 stente
579 1478 701 1512 absolvi
727 1482 758 1510 et
782 1476 912 1510 liberari
930 1486 1035 1519 posse,
1054 1478 1189 1519 paterna

449 1533 610 1567 charitate
625 1532 834 1569 admoneret,
852 1534 1024 1573 practerea
1037 1529 1189 1572 idipsum,

449 1596 509 1630 per
533 1591 611 1618 tunc
642 1584 836 1617 existentem
871 1587 1017 1615 nostrum
1050 1586 1080 1614 et
1106 1582 1189 1624 Apo-

449 1638 581 1672 stolicae
607 1637 699 1670 Sedis
732 1636 762 1669 in
796 1636 880 1669 dicto
914 1645 1014 1678 regno
1041 1635 1190 1678 Neapolis

449 1691 627 1731 nuncium,
665 1690 694 1722 ei
731 1688 937 1732 potissimum
964 1688 1017 1732 qui
1052 1697 1187 1730 regnum

450 1744 651 1788 praedictum
670 1753 741 1776 cum
761 1747 920 1785 potestate
939 1741 1089 1784 proi-egis
1117 1746 1189 1772 tuns·

450 1796 667 1840 gubernabat,
695 1801 726 1828 ct
751 1795 840 1828 cuius
867 1794 1054 1827 auctoritate
1080 1799 1111 1826 et
1135 1804 1190 1826 no-

450 1851 536 1883 mine
568 1850 680 1883 eadem
714 1848 891 1892 praemissa
928 1853 1018 1890 gesta
1053 1848 1189 1885 fucrant,

451 1908 561 1937 nostro
587 1902 719 1936 nomine
746 1901 829 1934 edici
863 1905 892 1933 et
923 1900 1110 1933 denunciari
1137 1911 1191 1933 cu-

451 1957 602 1990 ravimus.
630 1955 759 1988 Interea
786 1959 908 1993 tamen,
932 1964 1003 1986 cum
1031 1954 1068 1986 ad
1097 1963 1191 1985 aures

452 2014 577 2041 nostras
610 2007 837 2051 pervenisset,
879 2006 1056 2049 praedictis
1088 2006 1191 2039 moni-

453 2062 594 2094 tionibus
612 2060 733 2094 nostris
751 2060 881 2103 penitus
900 2060 1105 2103 contemptis,
1122 2071 1192 2093 exe-

452 2114 615 2147 cutionem
642 2114 739 2146 edicti
765 2113 931 2155 signanter
956 2123 1013 2145 seu
1049 2113 1190 2145 mandati

452 2168 550 2206 illius,
566 2177 631 2210 quo
645 2165 878 2199 beneficiorum
898 2166 1191 2199 ecclesiasticorum

453 2221 583 2259 fructus,
610 2230 723 2252 eorum
750 2219 995 2262 possessoribus
1028 2225 1115 2251 extra
1146 2220 1192 2251 di-

453 2278 538 2306 ctum
557 2282 705 2315 regnum,
723 2277 756 2304 ut
778 2272 971 2315 praefertur,
989 2272 1192 2314 degentibus,

455 2326 589 2359 nulliter
615 2335 716 2368 aeque
745 2336 780 2357 ac
810 2334 980 2368 perperam
1007 2325 1193 2367 intercipie-

453 2381 583 2418 bantur,
610 2378 705 2410 variis
731 2377 919 2410 oeconomis
937 2377 967 2409 in
987 2387 1087 2420 reguo
1106 2388 1194 2420 prae-

455 2433 540 2465 dicto
566 2432 605 2464 ab
631 2431 742 2463 eadem
769 2430 927 2463 saeculari
954 2434 1114 2472 potestate
1141 2430 1194 2462 de-

453 2484 587 2529 putatis,
612 2494 667 2517 seu
696 2484 802 2516 forsan
835 2482 907 2518 aliis
933 2483 1081 2526 personis
1107 2493 1193 2516 com-

453 2538 584 2571 missam
611 2537 732 2570 fuisse:
759 2546 828 2576 nos,
847 2546 905 2579 per
927 2535 1004 2568 alias
1027 2536 1150 2569 litteras
1178 2548 1193 2569 a

453 2591 622 2636 praedicto
647 2590 788 2624 Fabritio
813 2589 969 2624 cardinali
996 2595 1026 2623 et
1052 2595 1193 2624 secreta-

1032 213 1161 236 nt‘LLani
1168 212 1209 235 [31
1234 209 1383 234 ROMANUM

1226 257 1275 291 rio
1301 257 1426 299 Status,
1455 262 1517 290 tam
1543 256 1718 290 Francisco
1752 256 1908 290 cardinali
1936 261 1968 289 et

1227 310 1382 354 praesuli,
1401 321 1496 354 quam
1516 309 1771 353 archiepiscopis
1791 314 1822 342 ct
1846 308 1968 353 episco-

1228 363 1276 407 pis
1294 363 1497 406 supradictis,
1516 362 1567 395 die
1585 372 1614 395 vi
1636 361 1704 395 iulii
1724 361 1872 395 eiusdem
1891 362 1966 395 anni

1227 424 1375 449 tinccvni
1400 415 1545 459 scriptas,
1572 414 1717 447 districte
1742 414 1968 458 praecepimus

1227 473 1260 501 et
1273 468 1508 507 mandavimus,
1526 472 1558 499 ut
1578 467 1729 500 adversus
1748 477 1969 510 quoscumque

1229 521 1259 554 in
1278 520 1362 554 dicta
1381 520 1575 554 executione
1594 519 1786 563 culpabiles,
1809 529 1844 552 ac
1869 519 1970 563 potis-

1228 574 1342 607 simum
1384 573 1539 606 adversus
1577 582 1776 605 oeconomos
1809 582 1865 605 seu
1890 571 1969 605 alias

1228 637 1387 670 personas
1413 625 1600 659 huiusmodi
1627 626 1664 658 ad
1688 624 1866 668 legitimam
1893 635 1969 658 cen-

1228 679 1393 712 surarum·
1414 690 1431 712 a
1447 678 1635 711 Tridentina
1652 677 1793 721 Synodo,
1810 688 1888 711 sess.
1904 688 1967 712 xxu

1229 732 1274 765 De
1308 732 1452 774 reform„
1481 741 1550 774 cap.
1578 741 1621 769 xi,
1655 741 1692 764 ac
1716 730 1756 763 ab
1782 727 1969 774 apostolicis

1229 785 1262 817 in
1288 784 1339 817 die
1364 784 1492 818 Coenae
1510 782 1637 816 Domini
1662 783 1862 826 promulgari
1887 794 1967 816 con-

1229 837 1328 870 suetis
1347 836 1463 870 litteris
1488 836 1693 880 supradietis,
1708 835 1900 879 praesertim
1918 847 1969 869 ca-

1230 900 1313 923 none
1338 899 1412 929 xvn,
1434 894 1548 922 contra
1569 889 1645 922 talia
1669 893 1900 932 perpetrantes
1924 889 1969 921 la-

1231 948 1335 975 tarum
1361 947 1458 985 atque
1486 934 1683 974 inflictarum
1716 940 1968 974 declarationem

1230 996 1356 1038 absque
1382 995 1448 1028 ulla
1472 993 1678 1027 cunctatione
1704 993 1906 1026 devenirent.

1274 1047 1288 1090 ἓ
1314 1047 1345 1080 3.
1369 1047 1415 1080 Ad
1434 1047 1516 1080 haec
1541 1057 1611 1079 curn
1638 1045 1890 1090 accepissemus,
1911 1056 1970 1089 per

1231 1101 1384 1144 quasdam
1405 1099 1577 1133 saecularis
1602 1099 1809 1142 magistratus
1828 1098 1902 1132 dicti
1923 1110 1970 1131 re-

1231 1155 1284 1198 gni
1322 1154 1520 1188 collateralis
1558 1153 1733 1197 nuncupati
1771 1153 1895 1186 litteras
1932 1153 1970 1185 ad

1232 1209 1361 1243 eosdem
1388 1208 1655 1251 archiepiscopos
1673 1213 1703 1241 et
1720 1208 1892 1251 episcopos
1917 1208 1971 1240 da-

1233 1270 1279 1297 tas
1304 1274 1368 1297 non
1404 1263 1473 1295 sine
1500 1262 1586 1304 gravi
1614 1260 1867 1294 comminatione
1893 1261 1971 1294 veti-

1234 1324 1296 1350 tum
1323 1317 1387 1350 illis
1415 1316 1526 1355 fuisse,
1551 1326 1590 1348 nc
1617 1316 1655 1348 ad
1679 1325 1889 1348 censurarum
1916 1315 1971 1347 de-

1231 1370 1441 1404 clarationem
1468 1368 1677 1407 huiusmodi,
1702 1379 1719 1400 a
1744 1367 1859 1408 nobis,
1889 1366 1972 1400 sicut

1232 1423 1460 1468 praemittimu,
1486 1422 1713 1455 demandatam
1736 1421 1889 1454 adversus
1916 1431 1970 1453 eos

1233 1478 1285 1521 qui
1327 1475 1520 1519 exequendo
1562 1475 1726 1517 praedicto
1767 1473 1873 1506 edicto
1913 1483 1969 1505 seu

1233 1530 1384 1563 mandato
1410 1540 1442 1561 se
1468 1527 1694 1571 ingessissent,
1713 1527 1878 1560 ullatenus
1897 1537 1972 1571 pro-

1233 1583 1406 1617 cederent:
1434 1593 1502 1623 ιιοε7
1531 1587 1592 1614 tani
1619 1586 1764 1624 apertam
1791 1585 1823 1614 et
1846 1581 1972 1613 invere-

1234 1637 1372 1670 cundam
1399 1635 1674 1669 sanctissimarum
1694 1635 1801 1676 legum
1826 1634 1972 1667 violatio-

1234 1700 1306 1722 nem
1325 1688 1527 1721 dissimulare
1542 1687 1671 1720 minime
1685 1687 1972 1728 volentes,dilecto

1233 1742 1300 1776 filio
1325 1747 1435 1774 nostro
1460 1740 1630 1773 Vincentio
1657 1740 1802 1773 eiusdem
1826 1739 1858 1773 S.
1877 1740 1914 1773 R.
1935 1740 1969 1773 E.

1235 1796 1369 1829 diacono
1405 1793 1562 1827 cardinali
1589 1792 1739 1826 Grimano
1772 1798 1971 1836 nuncupato,

1235 1848 1309 1882 dicti
1333 1847 1425 1890 regni
1451 1847 1597 1891 protegi,
1617 1846 1708 1879 cuius
1734 1846 1865 1879 nomine
1892 1845 1973 1879 litte-

1235 1912 1288 1935 rae
1316 1900 1501 1934 huiusmodi
1538 1899 1737 1942 subscriptae
1763 1899 1971 1942 prodierant,

1234 1966 1293 1999 per
1318 1959 1446 1988 nostras
1474 1954 1504 1985 in
1531 1952 1627 1985 simili
1657 1952 1759 1985 forma
1784 1952 1894 1985 Brevis
1920 1952 1973 1986 die

1235 2019 1244 2042 1
1271 2007 1465 2052 septembris
1485 2005 1628 2039 eiusdem
1654 2005 1728 2038 anni
1753 2014 1899 2039 arnccvin
1924 2016 1974 2039 ex-

1235 2062 1361 2106 peditas
1383 2060 1506 2093 litteras
1528 2059 1587 2092 sub
1606 2058 1701 2092 certis
1716 2058 1795 2091 inibi
1811 2058 1973 2102 expressis

1235 2115 1349 2158 poenis
1368 2114 1578 2153 iniunximus,
1594 2118 1627 2145 ut
1645 2112 1778 2146 omnino
1796 2112 1976 2145 abstineret

1238 2167 1316 2201 tum*²
1328 2179 1342 2200 a
1359 2166 1565 2211 procurando
1577 2165 1834 2209 quomodolibet,
1844 2164 1907 2198 sive
1917 2175 1975 2208 per

1237 2232 1278 2261 se,
1290 2221 1353 2253 sive
1367 2230 1426 2263 per
1440 2219 1530 2259 alios,
1542 2218 1699 2261 praedicti
1716 2217 1811 2250 edicti
1822 2227 1877 2250 seu
1890 2227 1974 2250 man-

1216 2308 1217 2311 ,
1237 2274 1314 2314 dati,
1335 2273 1421 2316 quod
1441 2274 1553 2315 suapte
1572 2273 1685 2304 natura
1703 2270 1824 2304 nullius
1841 2280 1974 2314 prorsus

1238 2326 1363 2360 roboris
1375 2331 1406 2359 et
1416 2325 1578 2358 efficaciae
1594 2334 1663 2357 csse
1674 2323 1972 2367 pronunciavimus,

1214 2404 1216 2412 s
1237 2379 1461 2412 executionem
1477 2377 1498 2417 ³,
1520 2383 1584 2410 tum
1604 2377 1642 2409 ab
1662 2376 1873 2419 impediendo
1891 2376 1974 2409 dire-

1237 2437 1285 2464 cte
1304 2432 1351 2464 vel
1371 2430 1530 2464 indirecte
1552 2429 1680 2463 eosdem
1707 2429 1972 2473 archiepiscopos

1276 2512 1282 2537 l
1306 2510 1371 2537 Male
1392 2509 1456 2537 edit.
1477 2510 1557 2536 Maia.
1579 2510 1640 2545 legit
1661 2518 1813 2538 censuram
1835 2510 1872 2544 (a.
1888 2509 1937 2542 T.).

1272 2555 1286 2580 2
1308 2554 1378 2581 Edit.
1400 2553 1477 2581 Main.
1500 2554 1565 2587 legit
1581 2557 1640 2580 tam
1660 2560 1697 2588 μὶ.
1720 2559 1760 2587 τ.)

1272 2600 1287 2627 3
1307 2598 1376 2627 Edit.
1394 2598 1472 2626 Maia.
1489 2598 1555 2634 legit
1574 2598 1740 2627 executione
1760 2599 1797 2633 (a.
1819 2599 1866 2631 T.).

1977 209 2024 235 An.
2046 209 2074 236 C.
2093 209 2158 237 1709

2008 1059 2049 1079 Sed
2073 1064 2085 1078 a
2100 1058 2165 1079 eolla·

1982 1086 2040 1106 terall
2052 1084 2164 1105 interdicta

1982 1112 2016 1131 suit
2029 1117 2165 1132 censurarum

1981 1139 2107 1165 publi-tatio.
