2269 3203
134 191 185 219 An.
202 190 230 217 C.
253 188 321 216 ¹723

497 236 697 264 Innocentius
717 236 798 270 Papa
816 233 894 268 XIII,

474 281 510 308 ad
531 281 667 308 futuram
688 280 733 307 rei
753 279 934 307 memoriam.

136 355 257 403 ‘uasta'zom
272 360 320 402 ἶρις-
375 343 390 387 ἓ
407 342 436 376 1.
449 343 546 384 Alias,
559 354 618 387 pro
634 347 725 386 parte
741 341 848 375 dilecti
864 340 918 373 lilii
932 340 1075 374 Clemen-

135 412 210 429 monu,
232 408 258 429 u
296 414 321 437 ura
332 396 370 429 tis
388 407 406 429 a
422 396 453 429 S.
477 396 677 429 Bernardino
702 400 778 428 tunc
804 393 976 437 temporis¹
999 403 1075 426 con-

135 435 321 490 όἙιιῖἶῖιῖἶῗιοὲη
331 455 447 482 ventus
472 450 540 483 Iesu
560 455 589 483 et
608 449 723 482 Mariae
743 449 782 481 de
796 447 882 480 Urbe
896 447 1076 489 Congrcga-

135 488 321 534 SssffeisshSffl-'dss
333 503 431 536 tionis
446 503 581 535 fratrum
599 502 727 535 Ordinis
744 501 959 535 Eremitarum
973 500 1074 533 sancti

146 542 313 565 consanguineo·

135 572 180 596 mm
216 567 273 587 „dno
309 556 789 598 qAugustiniDiscalceatorum
801 559 1073 598 nuncupatorum,

135 593 321 651 ἓῗὲἓὶηἷιὶἶῖἷῗξ
333 607 435 641 felicis
461 607 696 641 recordationis
721 606 878 640 Clementi
904 606 1009 649 Papae
1035 605 1074 638 xl

135 646 243 668 “mmm“
260 646 310 668 ’¹¹¹¹'
331 660 577 704 praedecessori
604 665 717 693 nostro
743 660 899 703 exposito,
915 659 1000 702 quod
1020 658 1075 691 du-

331 713 427 754 dum,
454 723 572 757 nempe
609 713 661 747 die
696 724 747 747 xw
775 712 929 746 februarii
955 721 1074 746 mnxcv1

332 767 496 810 quoddam
524 767 691 801 decretum
717 777 734 799 a
755 766 918 810 quondam
944 766 1074 799 Andrea

332 819 502 861 Fivizano,
533 820 608 853 dum
633 820 765 860 viveret,
791 820 904 863 priore
930 818 1073 862 generali

330 872 405 906 dicti
428 872 567 914 Ordinis
598 873 682 906 inter
707 873 769 906 alia
795 877 1015 912 emanaverat,
1043 877 1075 905 et

329 926 470 959 subinde
490 926 541 959 dic
559 936 657 960 xxviu
684 926 828 959 ciusdem
847 925 968 959 mensis
989 936 1006 958 a
1025 935 1074 958 re-

330 979 489 1012 colendae
515 979 693 1012 memoriae
718 979 883 1013 Clemente
908 978 993 1022 Papa
1010 977 1073 1010 Vlll

330 1032 587 1075 praedecessore
612 1032 736 1075 pariter
760 1037 870 1065 nostro
895 1041 954 1075 per
979 1042 1074 1074 quas—

331 1084 404 1118 dam
423 1095 497 1117 suas
515 1084 546 1116 in
566 1084 663 1117 simili
686 1084 788 1117 forma
806 1083 916 1117 Brevis
938 1083 1072 1123 littcraS,

331 1147 467 1180 quarum
504 1137 631 1170 initium
665 1142 712 1170 est
743 1136 945 1170 Um'versale's
969 1136 1074 1169 Eccle-

330 1190 410 1230 siae,
438 1196 514 1231 etc.,
534 1190 759 1224 confirmatum
786 1190 899 1230 suerat,
919 1200 983 1233 quo
1001 1199 1074 1232 pro-

331 1244 507 1277 hibebatur
533 1255 700 1288 expresse,
728 1255 768 1277 ne
795 1244 857 1277 duo
885 1243 997 1276 fratres
1023 1242 1073 1276 Or-

331 1297 416 1330 dinis
442 1297 626 1340 praedicti,
657 1297 688 1329 in
715 1297 820 1340 primo
845 1297 895 1329 vel
931 1296 1073 1335 secundo

331 1350 432 1393 gradu
458 1350 693 1393 consanguinei
718 1351 767 1383 vel
793 1350 916 1389 affines,
936 1349 966 1382 in
993 1349 1074 1382 eius-

332 1403 403 1436 dem
430 1402 581 1446 capitulis
607 1407 663 1435 aut
688 1401 1000 1445 congregationibus
1024 1413 1073 1435 ca-

331 1455 527 1499 pitularibus
552 1456 715 1489 ullatenus
741 1455 837 1488 simul
863 1455 1075 1488 convenirent

334 1514 366 1542 et
390 1513 501 1542 votare
519 1514 670 1552 possent·,
694 1514 726 1542 et
750 1509 782 1542 in
808 1509 922 1542 eadem
947 1508 1074 1552 exposi-

333 1562 422 1595 tione
441 1562 624 1603 subiuncto,
643 1563 728 1605 quod
746 1563 875 1606 saepius
894 1562 1073 1595 dubitatum

333 1615 463 1656 suisset,
489 1626 529 1648 an
556 1615 676 1649 dictum
702 1615 870 1649 decretum
895 1615 1075 1659 Congrega-

333 1669 457 1703 tionem
484 1669 685 1713 praefatam,
720 1679 802 1713 quae
839 1674 915 1701 tunc
947 1669 1074 1702 initium

334 1728 530 1766 sumpserat,
551 1728 582 1755 et
601 1723 811 1766 postmodum
831 1733 848 1755 a
869 1722 982 1755 similis
1008 1732 1076 1755 me-

332 1776 456 1809 moriae
482 1775 612 1809 Urbano
637 1775 701 1808 VIII
727 1781 758 1809 et
782 1775 948 1809 Clemente
971 1775 995 1807 X
1017 1774 1076 1807 Ro-

333 1829 437 1862 manis
461 1828 672 1862 Pontificibus
699 1828 1008 1872 praedecessoribus
1027 1828 1076 1860 iti-

335 1882 408 1916 dem
432 1881 553 1915 nostris
578 1881 757 1915 membrum
777 1881 855 1915 dieti
880 1881 1008 1914 Ordinis
1027 1881 1075 1914 de-

335 1936 456 1969 clarata
482 1935 594 1976 suerat,
612 1946 648 1968 ac
672 1935 704 1968 in
730 1935 822 1968 ltalia
848 1940 881 1968 et
905 1934 1077 1968 Germania

333 1988 536 2033 propagata²
561 1988 804 2032 reperiebatur,
833 1989 893 2021 sub
922 1988 1073 2032 probibi-

336 2042 433 2075 tionis
459 2041 650 2074 huiusmodi
688 2041 900 2084 generalitate
932 2042 1077 2084 complc-

335 2099 501 2135 cteretur,
528 2104 589 2128 nec
613 2094 705 2127 istius
739 2094 828 2128 dubii
853 2094 1010 2127 resolutio
1037 2094 1076 2127 ab

335 2147 397 2181 hac
422 2148 540 2182 Sancta
563 2147 645 2181 Sede
671 2149 806 2181 eatenus
830 2147 932 2191 petita
953 2147 1074 2187 suisset,

336 2201 410 2236 licet
435 2202 499 2242 illa,
521 2201 586 2234 sive
616 2211 676 2245 pro
702 2200 880 2234 liberandis
906 2200 945 2233 ab
970 2200 1078 2233 anxie-

337 2260 401 2289 tate
426 2255 653 2298 religiosorum
680 2253 902 2294 conscientiis,
928 2253 993 2286 sive
1018 2264 1077 2297 pro

337 2308 488 2342 tollendis
501 2308 657 2341 abusibus
672 2307 768 2340 facile
782 2306 1011 2350 irrepentibus,
1022 2317 1078 2340 ne-

336 2362 477 2396 cessaria
491 2362 575 2395 foret
589 2373 597 2403 ;
613 2360 745 2394 eaedem
763 2370 839 2394 vero
860 2370 986 2401 causae,
1004 2370 1077 2403 pro-

337 2419 412 2459 pter
436 2425 516 2458 quas
550 2414 729 2458 prohibitio
762 2413 906 2457 praefata
931 2412 964 2446 in
990 2412 1076 2445 dicto

374 2496 384 2520 1
409 2492 455 2520 Vel
469 2493 614 2528 legendum
626 2492 739 2528 prioris
754 2500 804 2527 pro
820 2491 957 2526 temporis
973 2490 1015 2518 vel
1031 2490 1077 2517 ad-

338 2537 458 2566 dendum
475 2538 513 2572 (n.
536 2538 586 2572 τ.).

372 2582 390 2610 2
410 2582 480 2610 Edit.
501 2581 580 2610 Main.
597 2580 660 2616 legit
676 2583 864 2616 propuqnala
887 2580 923 2615 (R.
937 2578 985 2614 r.).

927 181 1142 209 INNOCENTIUS
1167 181 1225 207 xm
1249 181 1299 206 Pr.

1754 171 1819 206 949
1868 180 1961 208 amc.
1985 179 2051 208 1723

1116 231 1234 265 Ordine
1260 230 1346 264 edita
1364 230 1479 271 suerat,
1499 239 1692 264 concurrere
1709 229 1857 263 videren-

1118 289 1185 325 tur,
1213 290 1247 317 ut
1271 284 1326 317 illa
1351 284 1390 316 ad
1418 283 1533 316 dictam
1560 283 1857 326 Ceugregationem

1118 338 1392 371 extenderentur:
1421 337 1506 369 idem
1543 336 1691 369 Clemens
1715 336 1855 379 praede-

1117 402 1240 431 cessor,
1269 389 1563 434 supplicationibus
1587 389 1764 431 supradicti
1790 389 1859 422 Cle-

1117 444 1233 477 mentis
1263 454 1279 476 a
1303 443 1335 477 S.
1363 442 1565 476 Bernardino
1592 441 1652 474 sibi
1679 441 1859 484 superbae

1118 497 1286 530 humiliter
1303 496 1465 540 porrectis
1490 495 1673 534 inclinatus,
1701 504 1859 526 memora-

1119 556 1181 583 tam
1207 549 1503 592 Congregationem
1535 548 1596 581 sub
1630 547 1858 591 prohibitione

1117 603 1262 646 praefata
1287 602 1318 634 in
1350 601 1492 634 futurum
1526 600 1764 644 comprehendi
1797 600 1855 632 de-

1117 655 1207 695 bere,
1232 654 1422 687 auctoritate
1449 654 1626 697 apostolica
1656 652 1829 685 declaravit
1849 679 1856 691 ,

1118 713 1150 741 ct
1175 707 1266 747 alias,
1283 712 1380 750 prout
1401 706 1432 739 in
1447 706 1550 750 ipsius
1569 706 1743 739 Clementis
1765 715 1858 748 prae-

1119 761 1302 795 decessoris
1327 760 1445 794 litteris
1480 761 1623 803 desuper
1648 760 1679 792 in
1706 759 1777 803 pari
1797 759 1858 792 sor-

1117 811 1167 848 ma
1200 814 1310 848 Brevis
1345 814 1396 847 die
1429 824 1501 847 xxlv
1534 813 1717 846 novembris
1742 822 1856 846 MDCCII

1117 867 1294 912 expeditis,
1325 878 1462 911 quarum
1496 871 1641 900 tenorem
1672 865 1854 910 praesenti-

1116 923 1176 955 bus
1207 932 1268 965 pro
1294 922 1393 965 plene
1419 926 1450 954 et
1475 921 1675 954 sufficienter
1700 930 1856 963 expresso

1117 980 1150 1009 et
1175 976 1213 1008 ad
1246 976 1381 1008 verbum
1406 974 1528 1008 inserto
1559 973 1672 1007 haberi
1699 974 1856 1015 volumus,

1116 1028 1250 1062 uberius
1275 1029 1472 1061 continetur.

1160 1081 1174 1125 g
1200 1081 1231 1114 ⁶2.
1259 1081 1335 1114 Cum
1361 1086 1480 1121 autem,
1501 1080 1584 1114 sicut
1609 1080 1746 1114 dilectus
1771 1079 1856 1113 [ilius
1882 1086 2053 1132 [2¹:2¹'erciismi‘'.s¹³

1116 1134 1319 1179 Guglielmus
1337 1145 1354 1167 a
1374 1135 1406 1168 S.
1427 1134 1572 1174 Nicola0‚
1593 1138 1786 1178 procurator
1804 1118 2052 1185 ge-gffgifgssffirjltjggif?

1116 1188 1236 1221 neralis
1261 1188 1405 1221 eiusdem
1431 1186 1725 1230 Congregationis,
1760 1186 1855 1219 nobis
1869 1175 2053 1238 fflg'pgffsssssmffl

1117 1252 1223 1285 nuper
1249 1241 1366 1285 exponi
1392 1240 1479 1281 fecit,
1500 1245 1674 1284 antequam
1697 1224 2054 1292 eiusmodi{3330‘1mhe1r3-

1117 1295 1292 1328 declaratio
1319 1298 1493 1334 emanaret,
1515 1304 1585 1326 mos
1610 1294 1641 1326 in
1668 1293 1753 1326 dicta
1777 1293 1858 1326 Con·
1906 1287 1911 1292 ⁸

1116 1348 1307 1392 gregatione
1343 1348 1382 1381 ab
1415 1347 1519 1391 ipsius
1551 1347 1677 1390 origine
1704 1346 1859 1379 invaluis-

1116 1406 1175 1442 set,
1196 1412 1231 1435 ac
1253 1411 1353 1444 supra
1378 1405 1507 1433 centum
1537 1410 1640 1433 annos
1668 1400 1858 1432 inconcusse

1116 1460 1262 1488 servatus
1289 1454 1411 1494 suisset,
1433 1459 1467 1486 ut
1488 1454 1602 1487 fratres
1622 1452 1858 1496 consanguinei

1117 1519 1173 1541 seu
1193 1507 1305 1540 aflines
1324 1508 1357 1540 in
1378 1506 1485 1550 primo
1512 1508 1560 1540 vel
1587 1506 1730 1539 secundo
1757 1506 1859 1548 gradu

1117 1561 1263 1605 praefato
1289 1561 1321 1593 in
1347 1560 1433 1593 illius
1460 1560 1610 1604 capitulis
1636 1569 1858 1602 seueongre-

1117 1614 1301 1657 gationibus
1327 1613 1561 1656 capitularibus
1578 1613 1699 1656 absque
1718 1613 1783 1645 ulla
1804 1612 1860 1645 du-

1117 1667 1275 1700 bitatione
1302 1666 1399 1699 simul
1426 1665 1657 1705 convenirent,
1685 1671 1718 1697 ct
1741 1664 1780 1698 ad
1805 1675 1860 1697 vo-

1119 1726 1183 1754 tnm
1226 1720 1397 1754 serendum
1438 1719 1688 1752 adi‘nitterentur
1706 1746 1713 1758 ‚
1753 1728 1860 1761 neque

1118 1774 1280 1814 rationes,
1309 1774 1350 1806 ob
1377 1783 1457 1816 quas
1485 1772 1515 1805 id
1541 1772 1673 1805 vetitum
1700 1772 1803 1804 suerat
1827 1771 1859 1804 in

1118 1827 1238 1860 Ordine
1269 1826 1461 1870 praedicto,
1488 1825 1519 1858 in
1546 1835 1610 1868 quo
1647 1824 1717 1858 eius
1743 1824 1857 1857 fratres

1119 1880 1225 1912 sirmas
1251 1885 1282 1912 et
1306 1879 1440 1912 stabiles
1476 1877 1649 1911 filiationes
1681 1877 1747 1910 sive
1774 1887 1856 1910 con-

1119 1933 1346 1966 ventualitates
1370 1933 1511 1973 babent,
1539 1933 1646 1964 locum
1672 1930 1732 1963 sibi
1757 1930 1858 1962 vindi-

1119 1991 1194 2019 cent
1210 1985 1243 2019 in
1260 1985 1521 2029 Congregatione
1536 1984 1692 2028 praefata,
1706 1983 1760 2015 ubi
1782 1982 1861 2015 eius-

1120 2038 1206 2072 modi
1233 2038 1467 2071 adfiliationum
1501 2037 1567 2070 sive
1600 2036 1860 2070 conventualita-

1121 2097 1186 2124 tum
1209 2101 1286 2124 usus
1311 2091 1445 2124 minime
1470 2091 1568 2133 viget,
1588 2090 1644 2122 scd
1662 2088 1804 2132 religiosi
1827 2088 1859 2120 in

1120 2143 1334 2176 conventibus
1372 2142 1432 2176 sibi
1469 2153 1527 2185 per
1563 2141 1752 2185 superiores
1785 2150 1860 2173 suos

1119 2197 1287 2239 regulares
1312 2206 1371 2239 pro
1398 2201 1545 2239 tempore
1575 2193 1779 2237 assignandis
1806 2193 1861 2225 de-

1120 2259 1196 2292 gere
1223 2253 1393 2288 tenentur,
1424 2259 1461 2281 ac
1485 2247 1625 2291 proinde
1650 2251 1859 2290 praetensum

1120 2302 1216 2335 suerit
1240 2308 1425 2336 enarratam
1451 2300 1704 2334 declarationem
1728 2308 1789 2342 per
1814 2298 1860 2331 di-

1120 2361 1206 2389 ctum
1220 2355 1420 2389 Clementem
1435 2365 1452 2387 a
1467 2353 1496 2387 S.
1515 2352 1718 2386 Bernardino
1734 2351 1859 2395 privato

1120 2420 1178 2442 suo
1194 2408 1324 2441 nomine
1339 2408 1464 2451 absque
1482 2407 1548 2439 ulla
1568 2405 1698 2450 praevia
1717 2414 1789 2437 cum
1808 2404 1860 2435 de-

1120 2461 1262 2495 linitorio
1283 2460 1428 2504 generali
1446 2457 1716 2502 Cougregationis
1737 2456 1859 2499 praesa-

1120 2520 1170 2548 tae
1195 2512 1498 2553 communicatione,
1525 2516 1639 2544 contra
1665 2510 1800 2542 sormam
1825 2508 1860 2540 il-

1120 2569 1180 2602 lius
1211 2567 1482 2602 constitutionum
1510 2563 1701 2597 auctoritate
1727 2566 1858 2604 aposto-
