2269 3203
105 197 157 230 Aa.
172 197 202 227 C.
223 196 293 227 ¹70³

127 258 253 280 rrefflssuo.

123 1540 202 1571 Earum
212 1541 281 1569 publi·

96 1570 161 1590 catio.

134 2388 197 2410 rides
222 2391 277 2411 tran-

93 2418 231 2442 sumptorum.

340 246 356 291 §
373 245 404 281 2.
423 246 506 281 Hinc
520 252 570 280 est
586 246 676 291 quod
696 257 767 288 nos,
786 257 846 291 pro
866 248 1041 282 commissa

295 299 393 333 nobis
404 301 443 334 ab
454 305 590 334 aeterno
601 301 693 334 Patre
708 301 816 344 gregis
829 301 877 335 sui
890 304 979 341 cura,
989 302 1041 335 do-

294 352 431 386 minicas
446 363 533 395 oves,
549 358 704 397 quantum
721 354 816 387 nobis
831 365 867 387 ex
883 355 947 387 alto
965 365 1041 388 con-

294 405 431 447 ceditur,
447 417 465 440 a
490 407 594 440 noxiis
619 418 831 451 praeservare
856 408 1039 451 cupientes,

295 459 335 492 de
359 465 613 493 memoratorum
639 459 856 494 cardinalium
881 460 1039 501 consilio,

294 512 374 547 folia
406 513 592 557 praedicta,
629 514 822 548 auctoritate
850 515 1039 558 apostolica,

295 571 408 600 tenore
419 566 654 610 praesentium,
670 567 862 601 damnamus
879 574 910 601 et
926 578 1040 612 repro-

294 619 420 659 bamus,
447 629 485 652 ac
509 619 575 663 legi
601 625 632 653 et
657 620 793 653 retineri
812 621 1038 664 prohibemus,

294 671 492 716 illorumque
516 673 771 716 impressionem
791 701 799 714 ‚
835 674 1035 718 descriptio-

293 735 370 758 nem
388 752 395 765 ,
423 725 622 767 lectionem,
649 726 868 760 retentionem
895 732 1037 760 etusum

294 777 446 811 omnibus
487 784 519 811 et
561 779 700 822 singulis
741 779 1012 814 christifidelibus
1028 807 1035 821 ‚

295 831 392 865 etiam
410 831 560 875 specifica
579 837 611 865 et
628 833 795 866 individua
819 834 986 868 mentione
1007 840 1038 867 et

295 884 506 928 expressione
532 885 656 929 dignis,
683 887 744 920 sub
771 889 876 931 poena
910 898 1037 921 excom-

292 938 522 972 municationis
547 950 607 984 per
632 946 747 974 eontra
777 941 931 975 facientes
964 942 1035 986 ipso

292 991 379 1025 facto
411 992 537 1036 absque
570 993 632 1026 alia
670 994 891 1027 declaratione
927 995 1035 1028 incur-

293 1044 409 1086 renda,
424 1045 559 1079 omnino
577 1046 816 1080 interdicimus.
835 1047 991 1081 Volentes
1006 1055 1037 1083 et

293 1098 489 1132 auctoritate
509 1100 674 1142 praedicta
699 1101 902 1142 mandantes,
921 1108 956 1134 ut
970 1103 1037 1145 qui-

293 1162 431 1196 cumque
456 1153 569 1186 eadem
587 1154 663 1187 folia
681 1164 783 1197 penes
797 1165 831 1188 se
847 1155 1034 1197 habuerint,

291 1205 360 1247 illa,
377 1206 484 1239 statim
509 1211 605 1250 atque
625 1214 818 1251 praesentes
843 1210 970 1242 litterae
989 1209 1035 1242 eis

290 1258 505 1300 innotuerint,
529 1260 679 1294 locorum
697 1261 876 1294 Ordinariis
895 1263 945 1295 vel
965 1263 1036 1297 liae-

290 1315 412 1349 reticae
437 1315 604 1359 pravitatis
629 1315 880 1359 inquisitoribus
906 1317 1034 1350 tradere
1056 1344 1057 1355 ,

291 1374 388 1414 atque
417 1369 610 1411 consignare
637 1374 820 1402 teneantur.
848 1368 882 1402 ln
907 1376 1057 1418 contra-r

290 1422 374 1457 rium
388 1423 581 1457 facientibus
598 1434 664 1457 non
680 1423 885 1458 obstantibus
902 1425 1035 1468 quibus-

291 1488 445 1522 cumque.

335 1532 351 1575 ἓ
374 1530 407 1565 3.
434 1531 474 1565 Ut
490 1536 598 1564 autem
617 1531 752 1565 eaedem
772 1537 964 1575 praesentes
983 1533 1032 1566 lit-

292 1589 382 1618 terae
407 1584 446 1618 ad
471 1585 615 1618 omnium
641 1585 789 1618 notitiam
815 1586 941 1619 fat-ilius
960 1597 1035 1630 per-

290 1637 448 1678 veniant,
480 1648 541 1671 nec
573 1639 744 1683 quisquam
774 1639 904 1673 illarum
939 1640 1034 1683 igno-

290 1691 430 1725 rantiam
447 1692 591 1734 allegare
616 1693 728 1735 possit,
746 1693 905 1734 volumus,
933 1699 966 1726 et
985 1696 1034 1727 ea-

289 1744 365 1778 dem
389 1745 580 1778 auctoritate
606 1745 825 1786 decernimus,
844 1751 879 1779 ut
896 1747 971 1780 illae
993 1748 1031 1781 ad

287 1799 394 1832 valvas
419 1798 573 1831 basilicae
598 1798 758 1842 Principis
784 1800 1030 1842 Apostolorum,

289 1862 326 1885 ac
349 1851 570 1886 Cancellariae
596 1852 806 1895 apostolicae,
831 1863 960 1887 necnon
975 1854 1031 1888 Cu·
1052 1870 1054 1895 ;

288 1904 356 1938 riae
382 1904 548 1947 generalis
575 1905 607 1937 in
625 1904 731 1938 Monte
758 1905 926 1947 Citatorio,
949 1912 978 1939 et
998 1907 1030 1940 in

288 1958 358 1992 acie
382 1957 595 2001 Campiflorae
627 1958 666 1991 de
691 1958 776 1991 Urbe
801 1969 859 2002 per
888 1960 1029 2003 aliquem

289 2023 327 2046 ex
353 2011 545 2045 cursoribus
570 2012 705 2052 nostris,
727 2018 761 2045 ut
784 2013 885 2045 moris
901 2019 959 2053 est,
976 2024 1031 2057 pu-

288 2066 476 2106 blicentur,
503 2065 634 2098 illarum
665 2067 816 2107 exempla
840 2066 961 2099 ibidem
987 2068 1032 2099 af-

288 2119 351 2152 fixa
374 2117 616 2162 relinquantur,
645 2124 677 2152 et
693 2119 739 2152 sic
760 2120 945 2163 publicatae
968 2131 1032 2153 om-

288 2183 347 2206 nes
373 2177 405 2206 et
429 2172 574 2214 singulos
589 2199 596 2212 ,
622 2182 703 2215 quos
730 2178 940 2213 concernunt,
959 2184 1032 2218 per-

287 2226 365 2260 inde
389 2225 564 2266 afflictant,
591 2236 628 2259 ac
652 2226 679 2259 si
704 2226 881 2271 unicuique
899 2228 1030 2262 illorum

287 2279 510 2324 personaliter
524 2278 709 2313 notificatae
731 2286 762 2314 et
775 2281 939 2315 intimatae
956 2283 1032 2316 fuis-

288 2337 380 2374 sent;

333 2385 396 2430 §4-
415 2385 522 2430 thue
540 2385 684 2430 ipsarum
700 2388 923 2430 praesentium
942 2389 1029 2423 litte-

930 199 1071 226 CLEMENS
1096 201 1127 226 xi
1151 201 1199 227 PP.

1742 195 1780 232 81
1831 206 1878 235 An,
1901 205 1929 234 c.
1953 205 2022 235 1703

1084 249 1195 282 eadem
1214 260 1348 293 prorsus
1369 249 1449 284 tides
1463 255 1526 284 tam
1542 251 1575 284 in
1593 251 1714 286 iudicio
1732 263 1827 296 quam

1084 307 1173 335 extra
1195 302 1276 336 illud
1302 303 1424 347 ubique
1454 305 1601 337 locorum
1639 305 1800 338 habeatur
1818 333 1825 346 ,

1084 367 1167 399 quae
1193 357 1318 389 eisdem
1344 357 1574 400 praesentibus
1600 358 1779 392 haberetur
1799 359 1826 392 si

1084 409 1192 442 forent
1217 409 1383 442 exhibitae
1410 411 1460 443 vel
1488 416 1652 444 ostensae.

1127 462 1241 495 Datum
1267 463 1400 503 Romae,
1426 464 1513 507 apud
1539 464 1570 497 S.
1599 464 1742 506 Petrum,
1768 467 1827 500 sul)

1082 514 1825 559 annuloPiscatoi'is,diex11sebruariiunccni,

1082 567 1292 610 pontificatus
1317 567 1418 601 nostri
1445 578 1530 602 anno
1556 579 1604 603 111.

1117 629 1176 657 Dat.
1195 630 1239 657 die
1257 630 1288 657 1⁶2
1303 630 1434 658 februarii
1453 631 1531 663 1703,
1548 632 1648 667 pontif.
1666 641 1739 660 anno
1755 639 1795 660 111.

1394 775 1510 808 XLvss.

1082 853 1307 896 Confirmatio·
1330 856 1495 898 separatio
1520 855 1692 888 duodecim
1716 866 1826 889 coeno-

1124 907 1253 940 biorum
1269 919 1289 940 a
1299 909 1470 952 prot-incid
1484 908 1692 949 Germaniae,
1705 913 1734 942 el
1745 910 1825 942 unio

1123 960 1309 994 eorumdem
1331 962 1522 1005 provinciae
1545 962 1741 1006 Hunqariae
1757 963 1825 1005 sra-

1125 1018 1212 1047 trum
1237 1015 1511 1048 Praeclicatorum
1533 1014 1554 1048 ¹.

1298 1095 1435 1122 Clemens
1455 1096 1535 1129 Papa
1555 1096 1603 1130 xl,

1225 1139 1262 1166 ad
1281 1139 1416 1166 futuram
1436 1140 1481 1167 rei
1500 1140 1684 1168 memoriam.

1123 1210 1137 1254 ξ
1161 1210 1190 1242 1.
1213 1210 1299 1244 Alias
1323 1221 1384 1254 pro
1410 1216 1502 1254 parte
1521 1212 1716 1246 dilectorum
1742 1213 1825 1247 silio-
1861 1223 1976 1245 Praedicta
1988 1224 2020 1245 aa.

1078 1273 1147 1296 rum
1166 1264 1285 1307 prioris
1299 1264 1506 1307 provincialis
1534 1271 1565 1298 et
1592 1265 1725 1299 fratrum
1748 1278 1824 1310 pro·
1835 1251 2019 1309 l'sskffi'uassffllmviii

1078 1316 1201 1349 vinciae
1213 1317 1404 1350 Germaniae
1419 1317 1548 1351 Ordinis
1557 1319 1822 1353 Praedicatorum
1834 1305 1971 1357 ὲυιιπίἳέῑὶῗῗῗ
1981 1304 2019 1357 23,ἷῖ

1079 1370 1172 1403 nobis
1199 1371 1355 1414 exposito,
1375 1371 1472 1414 quod,
1495 1371 1572 1404 licet
1587 1383 1646 1415 per
1664 1374 1821 1416 quasdam
1834 1360 2019 1417 3{{2“¹'1‘0Zi21{5331

1079 1423 1179 1457 felicis
1210 1423 1448 1457 recordationis
1485 1425 1659 1458 Alexandri
1685 1426 1745 1459 PP.
1774 1413 2020 1471 Vllss¹2⁰13¹}‚.},’,225¹„*'12²';:

1078 1478 1342 1520 praedecessoris
1361 1478 1461 1511 nostri
1483 1479 1620 1519 litteras,
1647 1480 1685 1512 ad
1700 1468 2018 1519 instan-{ilflssssss‘l'z'c‘ssfissl

1079 1532 1154 1564 tiam
1193 1531 1297 1564 dietae
1342 1532 1536 1575 provinciae
1580 1532 1631 1566 die
1672 1544 1702 1567 lx
1739 1523 1915 1568 iuniiiiii'in.et
1933 1520 2017 1546 ‘egum'

1076 1594 1215 1618 MDCval
1242 1590 1420 1625 emanatas,
1440 1585 1542 1628 ipsius
1563 1586 1751 1629 provinciae
1773 1587 1821 1620 di-

1076 1638 1158 1671 visio
1185 1639 1243 1671 sub
1269 1638 1418 1671 censuris
1440 1639 1674 1672 ecclesiasticis
1699 1640 1817 1682 prohi-

1075 1691 1142 1724 bita
1180 1691 1401 1734 reperiretur,
1427 1691 1644 1725 nihilominus
1678 1693 1819 1727 dilectus

1075 1745 1173 1777 etiam
1200 1744 1285 1778 lilius
1305 1744 1489 1777 Antoninus
1515 1745 1644 1786 Cloelie,
1664 1747 1821 1790 magister

1074 1798 1239 1840 generalis
1265 1797 1342 1830 dicti
1358 1798 1498 1839 Ordinis,
1518 1799 1666 1832 eamdem
1691 1800 1820 1843 provin-

1074 1851 1167 1891 ciam,
1193 1851 1272 1894 ipsis
1298 1851 1540 1894 exponentibus
1565 1852 1684 1892 insciis,
1702 1853 1820 1886 divise-

1075 1910 1134 1944 rat,
1160 1904 1334 1938 duodecim
1359 1904 1511 1938 videlicet
1536 1905 1624 1938 illius
1640 1911 1818 1939 conventus

1074 1957 1107 1989 in
1133 1957 1270 1997 Austria‚
1287 1957 1396 2001 Tyroli
1422 1962 1453 1990 et
1473 1957 1579 2002 Styria
1604 1959 1820 1992 consistentes

1074 2010 1114 2042 ab
1140 2012 1176 2042 ea
1201 2016 1423 2053 separaverat,
1450 2011 1595 2054 illosque
1627 2011 1818 2054 provinciae

1074 2063 1259 2105 ilungariae
1285 2063 1413 2096 Ordinis
1437 2064 1600 2107 praedicti
1625 2064 1818 2108 incorpora-

1073 2121 1172 2155 verat,
1190 2116 1300 2158 priore
1324 2117 1529 2160 provinciali,
1553 2122 1589 2149 ut
1613 2119 1816 2158 asserebant,

1074 2168 1181 2200 minus
1200 2169 1368 2210 canonice,
1387 2174 1418 2202 et
1434 2174 1549 2202 contra
1572 2170 1744 2204 electionis
1757 2181 1818 2215 per

1075 2222 1328 2256 constitutiones
1355 2222 1503 2256 eiusdem
1528 2222 1659 2257 Ordinis
1684 2234 1819 2268 praece-

1109 2302 1122 2328 1
1136 2301 1175 2328 Ab
1190 2301 1349 2329 Alexandro
1365 2302 1410 2329 VII
1422 2302 1561 2337 prohibita
1576 2302 1628 2330 suit
1641 2302 1739 2330 divisio
1755 2312 1820 2339 pro-

1075 2346 1180 2374 vinciae
1198 2347 1226 2374 in
1242 2347 1350 2374 constit.
1372 2347 1415 2375 ed.
1437 2354 1563 2381 MDCval,
1583 2347 1627 2375 die
1647 2348 1663 2376 9
1682 2348 1768 2383 iunii;
1789 2349 1819 2376 in

1074 2391 1225 2419 innocentii
1245 2392 1293 2418 Xll
1314 2396 1401 2419 const.
1423 2391 1466 2419 ed.
1489 2398 1604 2426 Mncxcv,
1617 2393 1661 2420 die
1682 2393 1714 2419 14
1740 2393 1818 2426 iunii,

287 2449 397 2473 rarum
422 2440 647 2485 transumptis,
667 2451 723 2474 seu
742 2443 912 2486 exemplis,
934 2444 1030 2477 etiam

287 2492 468 2536 impressis,
494 2505 591 2528 manu
616 2495 755 2528 alicuius
772 2497 890 2529 notarii
908 2497 1031 2540 publici

288 2545 508 2590 subscriptis,
536 2552 569 2580 et
592 2547 699 2591 sigillo
724 2559 886 2592 personae
911 2550 945 2583 in
971 2561 1031 2585 ec-

288 2598 469 2634 clesiastica
492 2598 647 2643 dignitate
671 2602 865 2637 constitutae
885 2604 1030 2646 munins,

404 2660 484 2690 Bull.
497 2661 582 2692 Rom.
594 2677 628 2683 —
647 2663 708 2692 Vol.
725 2664 800 2693 XXI.
953 2667 982 2693 11

1073 2437 1167 2472 pontif·
1187 2443 1223 2470 lv,
1237 2440 1346 2463 erectae
1364 2437 1441 2464 suere
1456 2437 1526 2464 duae
1541 2438 1695 2473 provinciae
1709 2438 1738 2465 in
1753 2447 1820 2465 con-

1073 2482 1269 2516 gregationes3
1287 2486 1315 2509 et
1342 2481 1370 2508 in
1390 2482 1528 2509 Benedicti
1554 2481 1614 2510 XIII
1643 2487 1730 2510 const.
1747 2484 1821 2510 edita

1074 2532 1217 2560 nuceum,
1238 2526 1282 2553 die
1303 2526 1335 2553 15
1354 2526 1433 2560 iulii,
1454 2527 1550 2562 pontif.
1572 2535 1595 2562 1,
1616 2527 1820 2563 poenitentiarii

1074 2571 1101 2599 S.
1123 2570 1223 2598 Mariae
1242 2571 1356 2598 Maioris
1376 2571 1410 2597 de
1433 2570 1505 2598 Urbe
1526 2571 1710 2599 subiiciuntur
1733 2571 1818 2607 priori

1074 2615 1100 2644 S.
1120 2614 1226 2643 Mariae
1245 2623 1330 2651 super
1348 2615 1509 2643 Minervam.
