2269 3203
106 259 154 285 An.
171 258 198 283 C.
222 257 285 284 1721

148 1651 243 1677 Epaome
262 1657 293 1670 se·

109 1681 192 1704 quenti<
216 1680 292 1698 consti·

109 1707 194 1725 tutionis
209 1706 240 1725 Pii
256 1704 291 1725 lv.

927 253 1068 278 CLEMENS
1095 254 1124 277 xl
1151 255 1199 278 ΓΡ.

299 305 511 348 derogatione
531 304 690 347 specialis,
709 303 869 347 specifica,
888 313 1041 346 expressa

299 365 330 392 et
355 358 534 398 individua,
563 369 626 391 non
653 363 762 390 autem
789 368 848 400 per
879 358 1041 390 clausulas

299 413 468 455 generales
509 412 594 445 idem
632 412 866 455 importantcS‚
906 420 962 443 seu
1002 410 1041 443 de

300 466 402 499 verbo
427 465 466 498 ad
492 465 635 505 verbum,
670 464 793 497 mentio
827 474 885 497 seu
910 463 1040 506 quaevis

300 520 363 552 alia
393 519 561 562 expressio
598 518 750 551 habenda
787 517 880 557 soret,
910 518 1040 550 illorum

301 579 428 606 tenores
453 571 678 615 praesentibus
704 581 762 614 pro
788 570 950 614 expressis
978 570 1040 602 ha-

301 626 425 665 hentes,
444 625 507 658 illis
527 625 606 657 alias
628 625 660 657 in
679 635 737 657 suo
760 624 876 657 robore
894 633 1043 666 perman-

301 679 394 719 suris,
421 679 483 712 hac
508 679 575 711 vice
602 678 766 710 dumtaxat
796 677 980 720 specialiter
1013 682 1043 709 et

302 743 455 775 expresse
471 733 681 775 derogamus,
695 731 847 774 quodque
866 730 1043 773 collegium

302 786 486 819 huiusmodi
513 786 658 819 nondum
684 785 913 818 adnumerum
939 785 1045 817 trede-

301 840 362 872 cim
389 839 558 872 doctorum
585 839 757 872 deventum
777 844 833 878 est3
860 838 1044 881 ceterisque

302 892 473 926 contrariis
514 892 790 935 quibuscumque.
833 891 918 925 Nulli
965 902 1043 934 ergo

303 948 437 980 omnino
462 946 630 979 hominum
656 946 751 978 liceat
780 946 865 978 hanc
890 945 1044 988 paginam

302 1005 434 1033 nostrae
465 999 723 1032 confirmationis
741 1026 748 1039 ,
773 998 1019 1042 approbationis
1035 1025 1043 1039 ‚

302 1053 436 1093 statuti,
463 1052 704 1093 ordinationis,
733 1052 973 1095 exemptionis,
999 1062 1046 1085 se-

303 1105 524 1150 gregationis,
550 1105 773 1145 liberationis,
799 1105 1043 1146 concessionis,

303 1159 505 1202 elargitionis
538 1164 570 1191 et
596 1158 818 1201 derogationis
846 1159 1044 1200 infringere,

304 1213 354 1246 vel
394 1212 421 1245 ei
463 1222 543 1244 ausu
586 1211 760 1244 temerario
798 1212 979 1251 contraire;
1021 1211 1045 1244 si

304 1265 377 1309 quis
395 1271 498 1298 autem
518 1265 579 1298 hoc
600 1270 760 1297 attentare
779 1265 1045 1308 praesumpserit,

303 1319 564 1362 indignationem
585 1319 818 1361 omnipotentis
845 1319 901 1351 Dei
921 1329 957 1350 ae
974 1318 1047 1351 hea-

304 1378 408 1406 torum
441 1371 526 1405 Petri
554 1377 586 1405 et
612 1372 699 1405 Pauli
727 1373 952 1415 apostolorum
977 1372 1046 1405 eius

303 1437 338 1459 se
362 1425 491 1458 noverit.
515 1425 731 1458 incursurum.

338 1488 435 1515 Datum
456 1487 566 1521 Romae,
587 1486 658 1522 apud
678 1486 704 1513 S.
727 1486 846 1519 Petrum,
869 1495 939 1514 anno
956 1486 1047 1513 Incar-

303 1532 420 1560 nationis
440 1531 590 1559 dominicae
610 1538 702 1564 amru,
724 1538 761 1558 xu
788 1531 918 1558 kalendas
945 1531 1045 1565 martii,

303 1576 475 1612 pontificatus
494 1576 581 1603 nostri
602 1584 672 1603 anno
694 1585 717 1602 v.

348 1639 363 1682 ξ
387 1638 419 1672 9.
440 1638 483 1671 Ac
502 1638 639 1671 subinde
656 1639 849 1671 recolendae
867 1639 1046 1673 memoriae

304 1693 379 1726 Pius
401 1693 487 1736 Papa
505 1692 540 1724 IV
559 1691 654 1724 etiam
681 1693 916 1735 praedecessor
933 1699 1047 1726 noster

305 1747 491 1790 (postquam
530 1745 780 1778 Urbinatensem
816 1746 988 1779 ecclesiam
1013 1746 1046 1779 in

304 1798 591 1843 metropolitanam
617 1804 763 1832 erexerat
789 1809 860 1831 cum
885 1799 1048 1842 archiepi-

304 1853 425 1897 scopali
458 1853 617 1896 dignitate
644 1858 676 1885 et
700 1853 887 1886 omnimoda
916 1853 1048 1886 iurisdi-

303 1908 411 1940 ctione
437 1917 473 1939 ac
497 1906 738 1950 superioritate,
757 1917 884 1940 necnon
915 1907 961 1939 illi
980 1907 1049 1940 Cal-

302 1961 460 2002 liensem,
485 1960 782 2003 Senogalliense1n‚
807 1961 1048 2000 Pisaurensem,

303 2015 680 2058 Forosemproniensem‚
699 2014 920 2055 Feretranam‚
938 2020 969 2048 et
986 2014 1048 2047 Eu-

304 2069 480 2112 gubinam,
515 2067 662 2100 civitates
694 2072 725 2100 et
750 2068 920 2101 dioeceses
939 2095 946 2108 ,
978 2068 1049 2111 qui-

303 2122 364 2154 bus
400 2121 608 2165 postmodum
648 2120 752 2153 felicis
790 2121 903 2154 itidem
940 2131 1048 2155 recor-

305 2174 443 2208 dationis
468 2173 618 2206 [Trbanus
645 2173 709 2205 rin
734 2173 831 2206 etiam
856 2173 1048 2216 praedeces-

305 2238 359 2260 sor
382 2233 491 2260 noster
511 2227 750 2260 Urbaniensem
772 2232 803 2260 et
824 2227 857 2260 S.
878 2228 993 2270 Angeli
1013 2228 1047 2260 in

305 2280 391 2313 Yado
417 2280 561 2312 civitates
586 2285 617 2312 et
641 2279 810 2312 dioeceses
827 2279 955 2321 adiecit,
977 2290 1047 2313 cum

306 2343 417 2365 earum
435 2332 638 2366 districtibus
654 2338 685 2366 et
701 2332 884 2372 territoriis,
903 2343 939 2365 ac
956 2343 1049 2376 prae-

307 2386 393 2419 sules
413 2396 473 2428 pro
492 2391 639 2429 tempore
666 2386 840 2419 existentes
858 2396 918 2429 pro
937 2385 1049 2419 sutl'ra-

307 2438 418 2481 ganeis
443 2438 621 2482 episcopis,
648 2450 776 2473 necnon
802 2439 956 2482 capitula,
981 2440 1046 2473 cle-

307 2501 378 2524 rum
397 2497 429 2524 et
446 2493 602 2534 populum
628 2493 792 2526 civitatum
812 2499 843 2525 et
863 2492 1046 2526 dioecesum

307 2544 510 2584 earumdem,
536 2551 696 2588 perpetuo
723 2551 933 2578 concesserat
951 2551 1048 2578 etas-

307 2598 520 2641 signavcrat)‚
547 2608 619 2631 cum
645 2605 715 2632 orta
739 2600 853 2632 suisset
877 2599 1047 2632 contentio

307 2652 394 2686 inter
410 2652 515 2686 bonae
541 2652 717 2686 memoriae
736 2652 886 2695 Felicem,
906 2657 982 2687 tunc
1000 2663 1048 2686 ar-

1087 303 1334 346 chiepiscopum
1366 302 1640 341 Uthinatensem,
1666 308 1696 336 et
1720 303 1825 336 bonae

1086 356 1208 399 pariter
1244 356 1421 390 memoriae
1454 356 1570 389 Iulium
1602 356 1632 388 S.
1668 355 1754 388 Petri
1787 357 1826 389 ad

1086 409 1231 449 Vincula,
1250 411 1326 443 (lum
1347 409 1482 449 viveret,
1496 408 1609 441 §.P-L.
1627 408 1826 441 cardinalem

1087 463 1125 496 dc
1160 463 1280 496 Urbino
1311 468 1549 506 nuncupatum,
1580 462 1630 494 cui
1660 472 1826 504 regressus

1086 517 1125 550 ad
1148 518 1267 550 dictam
1293 518 1467 550 ecclesiam
1494 516 1745 549 Urbinatensem
1772 526 1828 558 per

1087 571 1188 614 ipsius
1213 571 1328 603 Felicis
1365 570 1601 613 archiepiscopi
1636 569 1827 610 decessum,

1087 625 1173 657 acin
1200 624 1298 657 certis
1324 624 1394 657 aliis
1415 628 1491 656 tunc
1518 623 1679 666 expressis
1705 622 1828 655 eventi-

1087 679 1155 716 bus,
1175 678 1369 710 auctoritate
1387 676 1566 719 apostolica
1580 686 1752 709 concessus
1765 676 1829 709 sue-

1088 736 1146 771 rat,
1165 741 1200 764 ex
1216 732 1298 770 una,
1319 741 1448 763 necnon
1464 731 1638 773 collegium
1658 730 1828 763 doctorum

1089 785 1234 817 eiusdem
1245 784 1389 823 civitatis,
1404 785 1549 817 exaltera
1563 782 1830 827 partihus‚super

1089 837 1314 870 iurisdictione
1341 848 1398 870 seu
1425 836 1708 870 administratione
1741 835 1829 868 iusti-

1091 891 1150 924 tiae
1165 891 1197 923 in
1216 901 1330 924 omncs
1347 891 1526 934 praesuleS‚
1550 891 1670 923 clerum
1688 895 1720 923 et
1734 900 1830 932 popu1

1090 945 1157 977 lum
1172 944 1338 977 civitatum
1358 943 1612 987 praedictarum,
1627 953 1724 986 quam
1742 942 1829 975 Felix

1090 997 1359 1041 archiepiscopus
1381 1002 1413 1030 et
1436 996 1535 1030 Iulius
1565 995 1740 1029 cardinalis
1764 1005 1832 1028 ine-

1089 1052 1208 1085 morati
1237 1057 1408 1095 praetextu
1439 1050 1614 1084 erectionis
1642 1049 1829 1082 huiusmodi

1090 1106 1128 1138 ad
1144 1116 1176 1138 sc
1192 1110 1354 1149 spectare,
1371 1104 1546 1146 collegium
1565 1114 1642 1136 vero
1658 1103 1768 1145 vigore
1784 1103 1831 1136 lit-

1092 1163 1233 1191 terarum
1252 1158 1321 1191 Iulii
1341 1156 1604 1201 praedecessoris
1621 1156 1682 1188 sibi
1698 1166 1830 1188 conces-

1089 1210 1176 1244 sam¹
1197 1211 1306 1248 fuisse,
1328 1216 1373 1247 et,
1400 1210 1478 1252 quia
1502 1210 1534 1242 in
1554 1209 1639 1242 dicta
1663 1209 1830 1241 erectione

1091 1265 1129 1297 de
1151 1264 1331 1307 privilegiis
1349 1274 1384 1296 ac
1403 1263 1536 1296 indultis
1554 1262 1614 1305 ipsi
1637 1262 1775 1304 collegio
1796 1266 1831 1294 ut

1090 1317 1310 1361 praemittitur
1334 1317 1500 1350 concessis
1526 1317 1614 1349 nulla
1641 1316 1763 1348 mentio
1789 1315 1832 1348 sa-

1090 1376 1140 1404 cta
1173 1371 1344 1410 extiterat,
1375 1371 1560 1403 nullatenus
1585 1369 1831 1412 archiepiscopo

1088 1423 1296 1457 Urbinatensi
1313 1430 1512 1466 competere,
1528 1434 1588 1456 nec
1606 1423 1692 1455 illius
1706 1422 1833 1456 iurisdi-

1089 1477 1231 1511 ctionem
1256 1476 1296 1509 ad
1322 1487 1433 1508 causas
1459 1475 1718 1519 appellationum
1737 1475 1832 1508 inter-

1090 1530 1317 1574 ponendarum
1336 1540 1353 1561 a
1379 1528 1550 1561 sententiis
1568 1529 1640 1561 latis
1666 1538 1724 1571 per
1740 1527 1832 1560 Ordi-

1091 1583 1197 1616 narios
1216 1583 1247 1615 in
1268 1583 1337 1616 soro
1358 1581 1587 1621 ecclesiastico,
1607 1591 1678 1615 cum
1704 1581 1833 1614 iurisdi-

1090 1638 1154 1670 ctio
1173 1636 1242 1679 ipsa
1266 1636 1373 1668 eidem
1397 1635 1535 1677 collegio
1562 1635 1652 1678 prius
1678 1645 1831 1667 concessa

1090 1691 1216 1729 suisset,
1242 1700 1275 1722 se
1296 1689 1474 1722 extendere
1500 1699 1596 1732 posse
1623 1688 1828 1727 asserebantj,

1090 1754 1135 1783 ac,
1151 1743 1190 1776 ad
1209 1743 1355 1776 tollenda
1368 1742 1507 1785 plurima
1518 1742 1681 1783 seandala,
1697 1752 1779 1786 quae
1795 1752 1831 1774 ex

1091 1797 1251 1830 eiusmodi
1278 1796 1489 1829 contentione
1518 1796 1612 1829 facile
1638 1795 1715 1828 oriri
1742 1800 1833 1839 pote-

1092 1848 1200 1890 1*unt‘²‚
1228 1849 1328 1882 Iulius
1354 1849 1528 1881 cardinalis
1555 1854 1586 1881 et
1610 1848 1699 1881 Felix
1725 1848 1832 1881 archi-

1090 1903 1263 1947 episcopus
1289 1903 1427 1946 praesati
1457 1913 1584 1935 necnon
1617 1902 1739 1935 dictum
1765 1903 1832 1936 col-

1091 1958 1222 2000 legium,
1240 1957 1347 1990 medio
1365 1967 1400 1990 ac
1418 1959 1517 2000 opera
1535 1957 1610 1989 dicti
1636 1956 1831 1990 Guidobaldi

1093 2016 1167 2044 tunc
1183 2011 1274 2044 ducis
1293 2010 1414 2050 Urbini,
1438 2010 1646 2043 devenissent
1664 2010 1703 2043 ad
1722 2021 1833 2054 quam-

1093 2065 1164 2098 dam
1189 2064 1400 2098 concordiam
1418 2074 1474 2097 seu
1494 2065 1760 2105 transactionem,
1780 2075 1833 2097 cu-

1092 2118 1140 2151 ius
1159 2118 1267 2160 vigore
1285 2122 1480 2150 conventum
1498 2117 1744 2161 stabilitumque
1763 2117 1833 2157 suit,

1092 2172 1180 2215 quod
1207 2171 1381 2214 collegium
1400 2176 1431 2204 et
1449 2171 1535 2204 illius
1561 2171 1712 2204 doctores
1737 2171 1833 2204 cede-

1091 2230 1166 2258 rent
1180 2224 1426 2267 archiepiscopo
1445 2223 1652 2257 Urbinatensi
1673 2234 1732 2267 pro
1759 2230 1833 2258 tem-

1091 2288 1171 2322 pore
1198 2277 1347 2310 existenti
1373 2277 1405 2309 in
1431 2277 1668 2319 cognoscendis
1693 2283 1725 2310 et
1750 2278 1834 2311 deci-

1092 2332 1207 2365 dendis
1240 2331 1353 2374 primis
1391 2332 1666 2374 appellationibus
1700 2342 1831 2365 suorum

1092 2384 1373 2427 suffraganeorum
1405 2383 1613 2417 venientibus
1644 2395 1661 2417 a
1687 2384 1755 2418 soro
1781 2395 1832 2418 ec-

1092 2438 1274 2471 clesiastico
1299 2443 1334 2469 ut
1358 2448 1463 2480 supra,
1482 2442 1513 2469 et
1534 2438 1695 2471 secundas
1720 2439 1831 2481 appel-

1091 2492 1230 2525 lationes
1264 2502 1320 2524 seu
1355 2492 1463 2524 tertias
1500 2491 1631 2524 illarum
1658 2491 1830 2524 instantias

1090 2544 1151 2577 sibi
1168 2550 1384 2585 reservarent,
1403 2545 1557 2588 quodque
1572 2555 1694 2583 omnes,
1711 2544 1763 2587 qui
1779 2555 1831 2587 ap-

1127 2616 1137 2642 1
1161 2614 1232 2641 Edit.
1249 2614 1335 2642 Main.
1353 2614 1420 2650 tegit
1434 2622 1594 2642 concessum
1613 2615 1652 2648 (n.
1668 2614 1720 2647 12).

1123 2659 1139 2687 Ξ
1160 2659 1274 2688 Videtur
1293 2659 1438 2695 legendum
1455 2661 1593 2694 poterant
1611 2660 1650 2693 (a.
1666 2660 1716 2692 T.).

1725 246 1789 279 855
1835 255 1883 280 An.
1901 255 1928 279 c.
1952 253 2015 280 1721
