2269 3203
97 194 148 223 An.
168 194 197 222 C.
216 195 284 223 1'116

133 1850 218 1871 statuta
232 1856 284 1871 nvn-

98 1876 156 1898 nulla
171 1883 209 1902 pru
230 1882 283 1902 pace

100 1903 245 1924 conservanda
254 1909 283 1923 m-

99 1933 131 1950 ter
170 1932 283 1955 utrumque

98 1957 283 1983 archiepiscopum

935 197 1075 222 CLEMENS
1101 197 1133 222 xt
1156 198 1205 222 Pr.

294 244 365 283 bus„
389 244 615 288 proventibus,
635 245 729 279 bonis
755 244 937 285 stabilibus,
964 256 1036 279 cen·
1057 268 1059 316 4

294 296 382 330 sibus
414 302 446 330 et
471 297 543 331 aliis
580 298 768 331 huiusmodi
802 298 1059 341 proveniente&

295 349 480 390 obveniant,
496 350 550 394 qui
566 350 737 393 provenire
752 355 908 394 poterunt
925 361 960 383 ex
981 351 1035 383 illa

295 402 468 436 medietate
495 402 632 435 civitatis
662 407 692 436 et
714 403 887 436 medietate
914 403 1059 442 dioece-f

294 455 338 488 sis
365 455 627 500 Ulyssiponensis
652 456 681 489 ei
708 456 754 489 sic
786 462 819 489 ut
850 451 1059 499 praesertur'

295 509 489 552 assignatis;
517 515 557 550 et,
591 520 631 542 ne
658 509 825 553 antiquum
850 511 1035 553 ,capitulum
1057 551 1058 554 Ἴ

295 562 551 607 [lyssiponensc
577 573 614 596 ex
640 563 701 596 hac
727 563 886 596 divisione
913 569 944 596 et
973 561 1058 606 dis-f

294 617 532 650 membrat‘tone
574 627 612 650 ac
651 616 725 650 novi
766 616 1032 660 archiepiscopa-

295 675 343 703 tus
354 669 615 714 Ulyssiponensis
631 671 844 704 occidentalis
860 670 1035 711 erectione,

294 723 401 766 quoad
428 723 654 766 infrascriptos
675 723 848 766 s1·uctus:et
865 724 928 757 alia
949 733 1036 756 cmo-

294 777 439 810 lumenta
463 776 502 818 ei,
521 781 556 809 ut
581 776 673 818 infra,
692 777 882 820 spectantia,
904 776 1035 820 aliquod

295 829 523 863 detrimentum
549 830 697 874 patiatur,
720 836 781 864 tam
801 831 921 864 fructus
940 840 1035 874 quam

295 882 441 917 decimae
467 889 498 916 et
520 884 583 917 alia
608 885 844 925 emolumenta,
870 895 953 929 quae
979 895 1036 917 an-

295 940 346 969 tea
369 935 474 970 eidem
507 937 641 981 antiquo
676 938 819 982 capitulo
846 937 1058 980 spectabant¹

293 994 325 1022 et
348 990 576 1033 pertinebant,
603 991 699 1024 etiam
733 997 806 1034 post
842 990 1035 1024 divisionem
1057 983 1058 1022 Ξ

294 1042 429 1076 civitatis
454 1049 486 1077 et
518 1044 677 1077 dioecesis
711 1044 971 1088 Ulyssiponensis
1000 1052 1059 1083 acl⁴

294 1106 396 1129 novae
429 1098 700 1140 metropolitanae
735 1098 892 1130 ecclesiae
926 1096 1059 1139 huius-l

295 1149 383 1182 modi
409 1150 620 1190 erectionem,
646 1156 680 1183 ut
704 1156 806 1190 antea,
829 1155 978 1194 spectare
1006 1154 1037 1182 et
1057 1143 1059 1149 ’

295 1201 462 1244 pertinere
484 1203 634 1243 debeant,
652 1203 772 1246 absque
790 1213 828 1237 eo
846 1203 933 1247 quod
952 1203 1037 1246 capi-

297 1254 399 1287 tulum
425 1260 456 1287 ct
481 1256 628 1289 canonici
647 1266 746 1289 novae
764 1256 1035 1299 metropolitanae

294 1307 453 1341 ecclesiae
471 1309 633 1352 praefatae
652 1320 689 1342 ex
704 1309 877 1353 praedictis
893 1309 1035 1350 decimis,

294 1360 452 1394 fructibus
478 1367 510 1395 et
535 1363 774 1404 emolumentis,
801 1364 839 1397 ad
866 1363 1035 1407 antiquum

295 1414 473 1458 capitulum
507 1415 765 1461 Ulyssiponense
795 1422 829 1450 ut
854 1417 1058 1461 praefertur*

295 1468 544 1511 spectantibus,
575 1470 765 1515 *quidquam
805 1470 937 1514 exigere
978 1480 1035 1503 seu

293 1522 510 1563 praetendere
528 1524 665 1564 valeant,
688 1523 815 1557 etiamsi
834 1523 965 1564 fructus,
985 1524 1036 1557 de-

295 1575 396 1608 cimae
417 1581 448 1609 et
468 1578 690 1610 emolumenta
705 1577 894 1610 huiusmodi
913 1587 950 1609 ex
966 1576 1036 1620 qui-

294 1629 493 1673 buscumque
517 1630 625 1670 bonis,
652 1630 749 1663 rebus
774 1637 805 1664 et
829 1631 976 1674 personis
1002 1630 1035 1662 in

295 1682 470 1716 medietate
492 1682 628 1716 civitatis
656 1689 687 1717 et
710 1684 885 1717 medietate
911 1683 1036 1717 dioece-

295 1734 339 1767 sis
371 1734 630 1779 Ulyssiponensis
666 1747 775 1770 versus
812 1737 1035 1770 occcidentem

295 1788 506 1822 existentibus
531 1789 779 1832 quomodolibet
803 1789 1007 1833 proveniant.

339 1841 354 1884 ἓ
385 1839 416 1874 7.
453 1841 499 1874 Ad
532 1841 680 1875 effectum
714 1853 790 1876 vero
824 1847 858 1874 ut
888 1853 925 1875 ex
958 1842 1037 1875 divi-

294 1893 384 1927 sione
409 1894 547 1927 civitatis
573 1901 605 1928 et
629 1895 787 1928 dioecesis
808 1895 1037 1939 Ulyssiponen-
1057 1913 1058 1923 i

294 1947 338 1980 sis
368 1947 606 1991 praefatarum,
632 1954 664 1981 et
694 1948 865 1981 existentia
900 1948 1035 1981 duorum

293 1999 633 2044 archiepiscopatuum
651 2001 734 2034 intra
752 2001 871 2036 limites
891 2000 1035 2034 eiusdem

293 2054 445 2098 antiquae
471 2054 607 2088 civitatis
633 2055 845 2099 eiusdemque
867 2055 1035 2095 dioecesis,

294 2107 477 2141 discordiae
498 2113 530 2140 et
548 2108 770 2141 dissensiones
791 2119 856 2142 non
877 2109 1034 2149 oriantur,

294 2161 464 2205 cupientes
483 2171 595 2204 pacem
617 2166 648 2194 et
662 2162 930 2205 tranquillitatem
953 2162 1038 2195 inter

293 2224 451 2257 personas
472 2214 712 2248 ecclesiasticas
732 2226 943 2259 summopere
964 2227 1037 2249 con-

294 2272 482 2301 sentaneam
507 2268 693 2308 confovere,
720 2269 828 2302 omnia
855 2274 887 2302 et
907 2269 1036 2312 singula

296 2319 510 2364 infrascripta,
537 2331 620 2364 quae
645 2321 914 2361 iurisdictionem,
941 2332 1036 2365 supe-

296 2371 494 2413 rioritatem,
519 2374 648 2417 aliaque
674 2385 733 2417 pro
759 2374 869 2417 quiete
902 2380 934 2408 et
958 2386 1036 2408 con-

296 2425 407 2458 cordia
432 2426 598 2460 amborum
623 2428 968 2472 archiepiscopatuum
990 2440 1036 2462 rc-

296 2478 423 2521 spicere
448 2486 596 2521 possunt,
621 2482 788 2525 perpetuis
814 2482 929 2515 suturis
956 2487 1034 2515 tem-

296 2530 430 2574 poribus
457 2538 520 2564 tam
547 2533 586 2565 ab
611 2534 857 2578 archiepiscopo
875 2534 1035 2578 Ulyssipo-

295 2584 389 2617 nensi
416 2584 566 2618 orientali
593 2597 688 2629 quam
713 2588 751 2621 ab
782 2587 1032 2632 archiepiscopo

1718 192 1775 225 7:³1

1079 246 1322 290 Ulyssiponensi
1344 247 1547 287 occidentali,
1570 259 1746 292 corumque
1769 260 1817 283 rc·

1079 299 1223 342 spective
1242 300 1379 340 vicariis,
1401 300 1590 334 officialibus
1609 307 1640 334 et
1660 302 1817 334 ministri>

1080 363 1285 396 quocumque
1323 353 1454 386 nominc
1491 354 1742 396 nuncupandis,

1079 405 1189 447 quavis
1215 406 1418 445 auctoritate,
1446 407 1696 449 supet-inritato,
1724 407 1818 439 iuris-

1079 458 1221 491 dictione
1244 465 1274 491 ct
1293 460 1440 492 facultate
1460 459 1667 502 pollentibus,
1692 470 1819 492 necnon

1078 510 1215 544 subditis
1234 517 1267 544 ct
1288 512 1490 545 dioecesanis
1514 518 1575 544 tam
1597 513 1817 544 sacculariluis

1079 574 1173 606 quum
1200 565 1437 604 ecclesiastic-53,
1466 565 1601 597 firmiter
1627 570 1655 597 ct
1683 565 1819 597 inviola-

1781 368 1796 387 ἐι
1803 368 1817 387 ις,

1078 616 1188 649 biliter
1201 618 1367 651 observari
1383 618 1502 651 debere
1520 619 1721 651 mandamus.
1743 618 1819 650 rvi-

1079 670 1219 711 dclicct,
1247 672 1332 714 quod
1366 672 1557 705 confessarii
1593 677 1625 704 ct
1650 671 1819 705 conciona-

1081 728 1178 763 tores,
1205 724 1228 757 si
1255 736 1272 757 a
1298 725 1431 768 proprio
1458 736 1493 757 ex
1529 725 1655 758 duobus
1688 725 1819 768 praedi-

1079 777 1139 810 ctis
1159 777 1419 821 archiepiscopis
1437 789 1496 822 pro
1516 783 1660 821 tempore
1682 778 1819 811 existen-

1081 830 1165 863 tibus
1190 830 1363 874 approbati
1381 836 1412 864 ct
1433 831 1541 864 idonei
1564 831 1682 874 reperti
1700 831 1819 863 suerint

1079 884 1117 917 ad
1145 884 1368 918 confessiones
1395 885 1572 917 audiendas
1599 891 1629 917 et
1654 885 1741 918 verbi
1763 884 1818 917 Dei

1080 937 1339 980 praedicationes
1374 937 1537 971 faciendas
1573 938 1604 970 in
1635 939 1697 970 una
1728 943 1817 980 parte

1079 990 1215 1024 civitatis
1248 996 1279 1024 et
1310 991 1470 1024 dioecesis
1501 991 1760 1034 Ulyssiponensis
1787 992 1819 1023 in

1079 1053 1143 1087 qua
1166 1044 1275 1076 existit
1295 1044 1399 1077 dictus
1422 1044 1574 1087 proprius·
1596 1044 1819 1087 archicpisco-

1081 1107 1152 1140 pus,
1169 1105 1246 1130 tunc
1271 1102 1303 1130 et
1327 1108 1365 1130 eo
1392 1108 1477 1136 casu,
1499 1097 1686 1131 exhibendo
1708 1109 1820 1131 coram

1079 1150 1183 1183 altero
1196 1150 1450 1194 archiepiscopo
1464 1151 1734 1194 approbationem
1751 1162 1820 1194 pro·

1080 1203 1140 1246 prii
1155 1203 1405 1246 archiepiscopi,
1423 1203 1549 1246 possint
1561 1203 1592 1235 in
1614 1204 1712 1237 altera
1727 1211 1820 1248 parte

1079 1256 1217 1289 civitatis
1246 1256 1508 1300 Ulyssiponensis
1543 1257 1677 1300 eiusque
1709 1258 1821 1291 distri-

1078 1315 1131 1343 ctu
1157 1309 1379 1343 consessiones
1404 1310 1517 1342 audire
1544 1316 1575 1343 et
1599 1311 1734 1344 verbum
1762 1311 1818 1344 Dei

1079 1363 1266 1408 praedicare
1299 1363 1421 1406 absque
1463 1364 1530 1396 ullo
1561 1364 1707 1396 examine
1741 1365 1818 1397 alia--

1080 1428 1142 1460 que
1175 1416 1428 1460 approbatione,
1459 1417 1516 1449 sed
1550 1416 1659 1449 habita
1696 1423 1819 1451 tautum

1079 1470 1211 1504 licentia
1244 1470 1283 1502 ab
1317 1469 1564 1513 archiepiscopo
1595 1463 1661 1503 loci
1689 1471 1721 1503 in
1756 1483 1819 1514 quo

1079 1523 1299 1558 consessiones
1326 1523 1514 1557 huiusmodi
1546 1523 1659 1556 audire
1693 1530 1725 1557 et
1749 1535 1822 1558 vcr-

1079 1578 1157 1610 bum
1173 1577 1229 1610 Dei
1256 1577 1445 1621 praedicare
1471 1577 1646 1610 voluerint.
1675 1588 1709 1611 11.
1730 1578 1820 1616 Quod

1079 1642 1192 1664 omnes
1219 1637 1249 1664 et
1275 1631 1472 1673 quicumque
1499 1641 1604 1669 casus,
1623 1631 1676 1674 qui
1698 1632 1726 1664 in
1754 1642 1819 1663 uno

1079 1695 1114 1718 ex>
1134 1684 1310 1728 praedictis
1333 1684 1459 1717 duobus
1482 1684 1819 1727 archiepiscopatilms

1079 1744 1176 1771 erunt
1202 1737 1366 1777 reservati,
1394 1739 1442 1770 vcl
1469 1738 1500 1770 in
1527 1743 1693 1780 posterum
1722 1749 1822 1771 reser-

1080 1791 1253 1830 vabuntur,
1278 1791 1583 1834 131a1·isormitersint
1612 1795 1642 1824 ct
1667 1802 1737 1824 esse
1764 1792 1820 1824 de-

1079 1845 1178 1877 beant
1203 1845 1299 1877 etiam
1325 1844 1480 1876 reservati
1508 1844 1541 1876 in
1567 1844 1629 1877 alio
1663 1855 1698 1877 cx
1727 1856 1820 1888 prae-

1079 1898 1172 1930 dictis
1210 1897 1335 1930 duobus
1376 1897 1736 1940 archiepiscopatibus,
1781 1910 1820 1931 ue

1056 1970 1059 2001 ¹:
1078 1951 1198 1984 subditi
1216 1951 1312 1983 unius
1331 1960 1366 1983 cx
1386 1950 1537 1993 praefatis
1555 1950 1680 1984 duobus
1696 1952 1819 1984 archic-

1078 2003 1301 2048 piscopatibns
1345 2003 1531 2035 huiusmodi
1578 2004 1819 2037 committentes

1057 2066 1251 2095 >excessus,
1282 2055 1337 2099 qui
1371 2055 1403 2088 in
1440 2066 1498 2089 suo
1533 2056 1820 2100 archiepiscopatu

1078 2110 1143 2142 sint
1168 2109 1334 2148 reservati,
1360 2109 1451 2142 facile
1477 2109 1597 2143 absolvi
1632 2110 1759 2152 possint
1788 2112 1819 2143 in

1079 2163 1141 2196 alio
1167 2174 1202 2196 cx
1229 2162 1384 2206 praefatis
1410 2163 1537 2195 duobus
1555 2163 1819 2207 archiepiscopa-

1078 2216 1177 2256 tibus,
1198 2217 1230 2249 in
1249 2227 1313 2260 quo
1336 2215 1458 2249 similes
1475 2227 1565 2250 casus
1586 2218 1739 2250 reservati
1756 2229 1820 2251 non

1079 2271 1209 2304 suerint.
1238 2280 1285 2304 111.
1315 2271 1346 2303 ln
1372 2275 1521 2303 eventum
1546 2271 1728 2314 sepeliendi
1755 2273 1820 2304 ali—

1079 2334 1174 2367 quem
1208 2323 1398 2356 desunctum
1430 2324 1526 2356 nnius
1557 2324 1658 2367 partis
1684 2324 1820 2357 civitatis

1079 2378 1129 2410 vel
1160 2377 1321 2410 dioecesis
1352 2377 1384 2409 in
1417 2377 1517 2410 altera
1547 2383 1638 2420 parte
1672 2378 1820 2410 ciusdem

1078 2430 1215 2463 civitatis
1241 2431 1291 2463 vel
1317 2430 1500 2470 dioecesis,
1528 2430 1574 2463 vel
1602 2431 1675 2473 quia
1702 2432 1732 2463 in
1759 2432 1819 2464 hae

1078 2484 1179 2516 altera
1212 2488 1302 2526 parte
1339 2483 1398 2515 sibi
1426 2484 1563 2526 elegerit
1589 2485 1815 2526 sepulchrum,

1076 2536 1125 2568 vel
1142 2535 1216 2578 quia
1234 2536 1265 2567 in
1293 2536 1353 2569 hac
1379 2537 1481 2569 altera
1499 2541 1591 2579 parte
1610 2537 1817 2578 sepulchrum

1076 2588 1233 2623 maiorum
1273 2595 1303 2621 et
1329 2589 1647 2633 consanguineorum
1675 2590 1815 2632 existat,

1827 201 1876 227 ΑΗ.
1899 201 1927 227 C.
1948 202 2012 228 1716
