2269 3203
253 244 302 272 An.
319 242 348 271 C.
370 242 433 271 ¹701

277 991 398 1014 Exordium.

277 1623 352 1642 Rauen
368 1629 376 1642 s
395 1628 432 1648 pro

251 1649 312 1669 dicti<
349 1650 434 1674 privile-

251 1681 288 1699 giis
304 1675 434 1699 (inlini-ndis,

251 1707 292 1720 una
306 1707 350 1720 runi
368 1702 432 1725 preci*

251 1727 289 1746 bu-
312 1730 431 1752 procui-ato-

251 1759 278 1773 ris
293 1755 406 1779 generans.

483 233 526 267 34

445 291 564 324 annulo
594 290 775 331 Piscatoris,
812 289 863 323 die
896 299 926 323 iv
957 288 1039 322 iunii
1073 297 1184 328 mucci,

445 344 649 388 pontificatus
673 343 775 377 nostri
800 353 885 376 anno
910 352 932 376 1.

480 405 539 434 Dat.
556 405 600 434 die
616 406 633 432 4
647 405 714 433 iunii
732 405 809 437 170¹,
828 403 929 439 pontif.
952 410 1024 430 anno
1041 409 1061 429 1.

752 545 872 579 XXXII.

444 626 669 661 Conceduntur
709 622 959 667 Conqreyatz'oni
1001 621 1183 655 Clzczrilatis

486 680 518 714 S.
536 679 711 722 Hippolyti
735 679 771 710 in
788 677 896 710 Jndiis
919 674 1183 709 Occidentalibus

485 732 664 777 privileqia
691 730 851 764 Ordiuum
869 726 1130 761 Mendiccmlium
1155 730 1183 759 el

489 785 688 818 elericorum
713 781 981 816 illinislranlium
998 778 1178 821 Infirmis‘.

654 863 788 890 Clemens
808 861 887 893 Papa
906 859 943 886 xl
955 880 962 891 ‚

566 909 603 935 ad
623 910 798 941 perpetuam
818 905 862 932 rei
881 903 1062 931 memoriam.

487 978 623 1012 Iniuncti
648 976 739 1010 nobis
765 975 898 1009 caelitus
916 973 1088 1018 pastoralis
1114 974 1183 1007 offi-

445 1032 484 1065 cii
499 1032 581 1065 ratio
606 1030 757 1074 postulat,
773 1034 815 1068 ut,
835 1032 1001 1071 paternam
1019 1037 1181 1060 sacrarum

444 1085 640 1127 religionum
667 1088 697 1115 et
721 1081 1014 1124 congregationum
1033 1080 1183 1113 christia-

444 1148 504 1171 nae
530 1135 697 1170 charitatis
722 1139 753 1167 et
770 1133 1000 1177 hospitalitatis
1025 1133 1181 1176 operibus

445 1201 481 1223 ex
507 1189 652 1233 professo
684 1186 890 1220 laudabiliter
921 1185 1182 1218 incumbentium

444 1252 551 1275 curam
567 1246 726 1284 gerentes,
741 1240 830 1283 pium
844 1239 972 1272 illarum
992 1239 1181 1272 exercitium

444 1300 475 1328 et
512 1295 703 1333 institutum,
731 1303 805 1336 quo,
832 1293 960 1326 labores
998 1291 1181 1334 expeditius

444 1347 663 1391 suscipiendo,
681 1346 760 1379 illud
782 1345 920 1378 alacrius
941 1344 1133 1378 continuent
1151 1349 1182 1378 et

444 1400 621 1434 ferventius
649 1404 859 1442 exequantur,
896 1398 1088 1431 liberalibus
1114 1408 1181 1441 gra-

445 1454 559 1486 tiarum
578 1457 609 1485 et
625 1451 870 1496 privilegiorum
892 1451 1079 1484 muneribus
1106 1461 1183 1484 con-

444 1507 614 1546 soreamus‚
642 1511 737 1549 prout
753 1505 786 1538 in
807 1505 942 1538 Domino
960 1504 1181 1548 conspicimus

445 1559 620 1592 salubriter
642 1559 808 1602 expedire.

487 1613 501 1655 ἓ
526 1611 555 1645 1.
581 1611 657 1645 Cum
689 1611 808 1654 itaque,
828 1611 907 1643 sicut
935 1611 1070 1644 dilectus
1096 1609 1183 1644 silius

444 1665 581 1698 loannes
605 1665 644 1697 de
670 1663 820 1703 Cabrera,
836 1668 1027 1707 procurator
1048 1674 1184 1705 genera-

445 1718 482 1750 lis
505 1717 772 1759 Congregationis
803 1716 972 1750 Cliaritatis
1005 1716 1063 1748 sub
1089 1716 1182 1748 titulo

445 1771 474 1806 S.
492 1770 657 1813 Hippolyti
684 1770 832 1813 martyris
854 1770 886 1802 in
905 1769 1032 1802 civitate
1048 1769 1185 1802 Mexica-

444 1826 483 1857 na
509 1824 646 1866 aliisque
671 1822 818 1866 partibus
844 1823 1006 1855 indiarum
1032 1822 1185 1855 Occiden-

445 1878 555 1910 talinm
580 1888 597 1909 a
619 1876 720 1909 felicis
738 1876 975 1909 reeordationis
995 1876 1183 1909 Innocentio

444 1931 527 1973 Papa
551 1930 603 1962 xil
628 1930 880 1972 praedecessore
908 1934 1019 1961 nostro
1050 1929 1081 1961 in
1108 1929 1184 1962 reli-

445 1983 572 2025 gionem
609 1988 751 2021 erectae,
790 1983 885 2015 nobis
921 1993 1027 2026 nuper
1064 1983 1183 2025 exponi

446 2036 528 2075 fecit,
557 2036 667 2067 fratres
705 2036 809 2068 dictae
843 2035 1110 2077 Congregationis
1145 2036 1183 2068 ab

445 2088 516 2131 ipso
542 2088 627 2120 illius
653 2089 743 2120 initio
768 2088 960 2131 multiplicia
985 2094 1080 2130 atque
1107 2088 1184 2120 insi-

446 2141 519 2183 gnia
557 2141 682 2182 pietatis
718 2148 749 2173 et
784 2141 979 2173 christianae
1014 2141 1184 2173 charitatis

446 2204 547 2236 opera
573 2204 648 2235 erga
667 2205 825 2237 pauperes
851 2201 883 2227 et
903 2196 1046 2227 infirmos
1072 2195 1103 2227 in
1132 2205 1184 2227 eo—

445 2257 514 2279 rum
552 2247 764 2289 hospitalibus
802 2248 971 2289 degentes,
1009 2259 1075 2281 non
1113 2248 1183 2280 sine

447 2300 607 2341 spirituali
633 2300 813 2332 animarum
839 2300 1010 2341 beneficio,
1037 2311 1184 2334 exercue-

483 2361 492 2386 1
517 2360 615 2386 Eadem
637 2361 777 2396 privilegia
803 2370 931 2389 concessa
960 2363 1070 2389 fuerunt
1090 2362 1184 2390 Ordini

445 2404 470 2430 S,
494 2405 600 2431 loannis
622 2405 666 2431 Dei
687 2405 720 2431 al)
740 2405 848 2432 Urbano
869 2407 929 2433 VllI
957 2408 1095 2435 constitut.
1117 2407 1182 2434 edit.

445 2455 572 2480 uncxitiv,
593 2448 636 2474 die
656 2448 690 2475 ⁴20
710 2449 785 2481 iunii,
807 2451 901 2484 pontif.
922 2459 941 2477 1.
964 2451 1047 2477 Huius
1063 2451 1183 2485 Congre-

445 2492 560 2525 gationis
588 2492 726 2526 privilegia
754 2497 780 2519 et
809 2494 993 2529 indulgentiae
1027 2496 1185 2522 confirmata

445 2537 521 2562 fuere
542 2535 574 2562 ab
595 2536 752 2562 Innocentio
772 2537 815 2563 ΧΗ
837 2539 944 2564 constit.
967 2538 1012 2565 ed.
1032 2545 1111 2572 nnec,
1142 2539 1185 2565 die

445 2580 479 2605 20
500 2579 572 2612 maii,
589 2579 682 2614 pontif.
701 2587 745 2612 1x;
767 2584 792 2606 et
808 2580 879 2607 alind
900 2582 1070 2617 privilegium
1090 2582 1123 2609 de
1139 2590 1184 2609 or—

446 2622 554 2650 dinibus
568 2622 746 2658 suscipiendis
762 2627 832 2653 extat
847 2626 1036 2654 constitutione
1047 2626 1183 2663 sequenti.

1026 239 1205 264 BL'LLARIUM
1231 237 1384 264 ROMANUM

1975 237 2026 264 An.
2041 237 2069 264 C.
2093 238 2155 266 170¹

1228 287 1303 326 rint,
1324 289 1354 319 et
1374 285 1405 318 in
1432 284 1500 317 dies
1527 293 1680 318 exercere
1706 293 1771 318 non
1797 283 1963 327 desinant;

1227 350 1289 382 quo
1315 348 1390 371 vero
1407 337 1462 371 illa
1487 347 1616 381 semper
1632 337 1810 382 impensius
1827 344 1859 372 et
1875 339 1966 372 inde-

1227 391 1301 423 fessi
1326 390 1444 423 obeant
1468 395 1498 423 et
1523 390 1722 431 continuent,
1739 391 1808 434 ipse
1830 391 1966 424 Ioannes

1226 448 1419 487 procurator
1455 443 1617 486 generalis
1652 444 1827 486 plurimum
1857 444 1967 488 cupiat

1227 496 1344 539 gratias
1370 502 1403 529 et
1425 496 1597 539 privilegia
1612 495 1768 529 Ordinum
1786 497 1966 530 Mendican-

1228 550 1305 582 tium
1331 554 1363 582 et
1387 549 1654 592 Congregationis
1686 549 1876 583 clericorum
1906 561 1962 584 re-

1227 603 1386 645 gularium
1423 602 1671 635 Ministrantium
1695 602 1851 643 Infflmis,
1882 615 1964 648 quae

1226 652 1303 689 alias
1327 656 1519 689 recolendae
1539 655 1714 689 memoriae
1738 656 1887 689 Urbanus
1908 658 1966 690 Pa-

1226 719 1265 752 pa
1281 708 1344 742 VIII
1362 709 1594 752 praedecessor
1611 708 1734 752 pariter
1751 714 1862 743 noster
1874 710 1966 743 Ordi-

1226 762 1257 794 ni
1277 767 1351 794 tunc
1360 761 1607 805 Congregationi
1620 768 1822 807 nuncupatae
1833 763 1965 796 fratrum

1226 815 1256 848 S.
1272 815 1401 848 Ioannis
1419 816 1474 848 Dei
1489 816 1737 849 communicavit
1750 821 1782 849 et
1795 817 1965 857 concessit,

1226 869 1411 912 praedictae
1426 869 1673 912 Congregationi
1688 869 1867 909 Charitatis,
1882 880 1966 913 quae

1227 924 1275 965 (ut
1299 922 1465 964 asseritur)
1492 923 1523 955 in
1549 923 1614 955 suis
1639 922 1847 965 regularibus
1873 922 1967 955 insti-

1229 976 1302 1009 tutis
1328 986 1398 1008 cum
1435 975 1520 1008 dicto
1553 975 1672 1009 Ordine
1704 975 1804 1008 sancti
1837 975 1965 1009 Ioannis

1226 1029 1281 1062 Dei
1306 1028 1441 1062 maxime
1459 1028 1621 1068 convenit,
1638 1028 1792 1071 illiusque
1813 1029 1965 1061 fratribus

1226 1087 1257 1114 et
1274 1082 1354 1115 locis
1380 1093 1396 1115 a
1421 1082 1515 1114 nobis
1540 1081 1663 1125 pariter
1687 1081 1916 1115 communicari
1935 1087 1967 1115 et

1226 1135 1360 1167 concedi
1379 1145 1386 1167 z

1270 1188 1341 1232 §⁶2-
1375 1188 1457 1229 Nos,
1491 1188 1638 1221 eamdem
1672 1187 1965 1231 Congregationem
1978 1197 2161 1251 gfflsjffing'fffi-

1226 1242 1397 1276 Cliaritatis
1411 1247 1441 1275 et
1454 1241 1507 1284 pia
1524 1241 1609 1274 illius
1624 1241 1771 1274 instituta
1789 1242 1965 1274 confovere
1977 1250 2086 1275 Ινμιοωιιι,
2101 1253 2162 1273 dum-

1977 1277 2039 1297 modo
2068 1278 2109 1298 sint
2141 1280 2161 1299 in

1226 1302 1258 1328 et
1282 1305 1487 1338 promovere,
1505 1304 1540 1326 ac
1564 1294 1702 1337 proinde
1728 1294 1849 1327 dictum
1877 1294 2056 1327 ioan-us1=‚0i
2071 1310 2110 1324 00„
2122 1305 2161 1326 aa·

1978 1333 2088 1351 versentur
2111 1338 2164 1352 cun·

1225 1360 1299 1382 nem
1325 1353 1569 1391 procuratorem
1601 1348 1790 1390 generalem
1823 1358 1858 1380 ac
1887 1347 2162 1394 dile-sumnonirtsec.

1226 1407 1293 1435 ctos
1319 1401 1414 1434 etiam
1447 1400 1529 1434 filios
1555 1401 1670 1433 fratres
1695 1400 1966 1443 Congregationis
1977 1383 2162 1436 gffssidfelissiiouiif

1226 1455 1414 1488 huiusmodi
1432 1454 1626 1497 specialibus
1653 1453 1816 1487 favoribus
1845 1459 1877 1486 et
1897 1464 1966 1497 gra-

1227 1508 1278 1541 tiis
1296 1508 1451 1551 prosequi
1481 1508 1638 1547 volentes,
1656 1512 1689 1539 et
1714 1517 1825 1540 eorum
1854 1507 1966 1550 singu-

1225 1563 1310 1594 lares
1329 1571 1488 1604 personas
1513 1571 1530 1592 a
1555 1559 1723 1603 quibusvis
1751 1560 1967 1592 excommuni-

1225 1614 1371 1653 cationis,
1391 1613 1619 1656 suspensionis
1636 1618 1669 1646 et
1685 1613 1863 1653 interdicti,
1877 1613 1967 1645 aliis-

1226 1678 1288 1710 que
1313 1666 1545 1699 ecclesiasticis
1570 1666 1754 1705 sententiis,
1772 1666 1919 1699 censuris
1936 1671 1968 1699 et

1226 1720 1362 1762 poenis,
1389 1730 1406 1751 a
1429 1720 1500 1751 iure
1525 1720 1576 1752 vel
1602 1719 1641 1751 ab
1668 1718 1823 1758 homine,
1854 1719 1966 1762 quavis

1226 1772 1399 1805 occasione
1421 1774 1470 1805 vel
1488 1774 1585 1804 causa
1606 1772 1687 1811 latis,
1707 1772 1732 1804 si
1751 1772 1870 1814 quibus
1888 1783 1968 1815 quo-

1227 1825 1409 1858 modolibet
1438 1825 1613 1857 innodatae
1638 1825 1801 1864 existunt,
1832 1825 1869 1857 ad
1892 1823 1967 1857 effe-

1227 1884 1314 1911 ctum
1333 1878 1559 1922 praesentium
1577 1879 1743 1911 dumtaxat
1762 1887 1967 1920 consequen-

1228 1932 1314 1971 dum,
1342 1932 1460 1964 haruin
1486 1931 1572 1963 serie
1594 1931 1804 1964 absolventes
1824 1935 1854 1963 et
1873 1930 1967 1964 abso-

1228 1986 1310 2018 lutas
1344 1985 1413 2017 sore
1451 1989 1643 2024 censentes,
1671 1984 1966 2027 supplicationibus

1228 2037 1372 2070 eiusdem
1398 2037 1526 2070 loannis
1555 2036 1773 2080 procuratoris
1805 2037 1966 2079 generalis

1228 2090 1359 2123 nomine
1381 2090 1475 2122 nobis
1494 2099 1592 2132 super
1614 2089 1678 2121 hoc
1704 2089 1875 2122 humiliter
1892 2101 1967 2133 por-

1228 2143 1326 2175 rectis
1344 2142 1499 2181 inclinati‚
1518 2142 1557 2174 de
1575 2142 1808 2175 venerabilium
1829 2142 1965 2175 fratrum

1228 2201 1413 2228 nostrorum
1433 2195 1464 2227 S.
1488 2195 1523 2226 P..
1547 2194 1579 2227 E.
1598 2195 1809 2227 cardinalium
1827 2195 1966 2237 negotiis

1228 2247 1568 2281 etconsultationibus
1596 2248 1825 2290 episcoporum
1854 2253 1886 2281 et
1915 2259 1966 2281 re-

1228 2300 1384 2342 gularium
1411 2299 1671 2342 praepositorum
1699 2301 1846 2340 consilio,
1862 2305 1893 2333 et
1921 2305 1967 2333 at-

1228 2355 1315 2386 tenta
1341 2353 1499 2385 relatione
1534 2352 1640 2384 dilecti
1672 2352 1728 2385 filii
1754 2353 1857 2385 nostri
1882 2353 1967 2386 Tho-

1228 2418 1298 2439 mae
1317 2406 1433 2438 Mariae
1460 2405 1598 2437 Ferrarii
1622 2405 1704 2438 tituli
1730 2405 1761 2438 S.
1789 2405 1964 2440 Clementis

1228 2460 1372 2492 eiusdem
1405 2458 1434 2491 S.
1467 2458 1505 2491 R.
1537 2458 1571 2490 E.
1608 2458 1787 2501 presbyteri
1822 2460 1966 2492 cardina-

1228 2513 1267 2545 lis
1291 2512 1321 2544 S.
1349 2510 1524 2544 Clementis
1554 2511 1752 2553 nuncupati,
1779 2512 1964 2555 praedictae

1227 2564 1493 2607 congregationis
1524 2563 1696 2596 Cliaritatis
1733 2565 1820 2607 apud
1852 2575 1909 2598 nos
1934 2569 1966 2598 et

1227 2618 1344 2652 Sedem
1369 2616 1590 2661 Apostolieam
1626 2617 1841 2661 protectoris,
1867 2627 1964 2662 super
