2269 3203
261 214 310 240 An.
331 215 358 239 (Σ.
383 214 449 240 1710

289 1716 391 1734 &ruerus
407 1715 431 1734 lis
440 1730 444 1737 ,

258 1748 282 1762 ao
292 1741 445 1766 piaeseribttnr

258 1774 314 1787 nuta
331 1768 393 1787 fruma
413 1768 443 1787 ln·

260 1797 351 1818 partitas·
363 1801 400 1819 pru
413 1800 444 1813 re.

259 1824 292 1840 ctu
308 1827 416 1846 teguntur.

495 205 560 237 Jilb]

456 268 486 296 et
504 263 673 307 Dionysius
692 270 932 308 procuratores,
951 266 1193 299 contradicente
1215 264 1218 273 '

456 328 492 349 ex
518 317 654 351 adverso
681 319 794 352 eodem
827 319 942 351 Ioanne
975 320 1193 362 praefatorum

456 371 690 404 monachorum
716 372 998 411 Castellaenovae‚
1027 373 1193 415 llivogffle,

458 424 604 457 Astnriae
630 431 662 457 et
686 425 927 458 Montaneartun
954 432 1166 468 procuratore
1186 455 1193 467 ,

457 478 565 510 denuo
591 479 822 510 reclamarunt.
851 478 941 510 [nde
976 479 1147 521 proposita
1172 480 1195 512 i-

457 536 561 563 terum
588 532 680 562 eausa
702 531 732 562 in
752 528 864 563 eadem
890 531 1054 572 signatura
1073 532 1195 574 gratiae

457 584 508 617 die
534 595 584 617 ,xiv
610 584 684 616 maii
718 593 836 617 iuuenix
875 595 982 616 eoram
1019 585 1112 617 nobis
1144 585 1194 618 iti-

455 638 528 670 dem
568 637 706 676 habita,
745 643 886 680 ponente
923 637 1039 670 dilecto
1075 638 1196 681 pariter

456 692 522 724 lilio
549 692 704 733 magistro
732 691 891 724 Annibale
918 692 1041 724 Albano
1061 691 1090 724 in
1114 695 1195 724 utra-

457 756 518 789 que
545 745 711 787 signatura
738 746 846 777 nostra
873 745 1115 785 referendario,
1143 757 1196 778 no-

456 804 522 831 stro
548 798 724 831 seeundum
753 808 882 830 earnem
921 809 956 831 ex
995 799 1091 831 fratre
1129 810 1196 841 ger-

455 862 549 884 mano
577 856 695 895 nepote
717 879 723 893 ,
750 857 901 895 porrecta
928 851 983 884 suit
1015 852 1196 886 commissio

456 916 514 948 pro
541 905 727 938 avocatione
753 906 792 938 ad
819 916 876 938 nos
903 905 1006 938 dictae
1032 916 1147 939 causae
1179 918 1195 939 a

454 959 538 991 dieta
573 958 833 1001 Congregatione
870 959 1056 1002 particulari
1094 959 1196 992 cardi-

454 1012 588 1044 nalium.
617 1012 776 1055 loe-litque
802 1018 986 1055 propterea,
1007 1018 1069 1044 lam
1096 1023 1197 1055 supet·

455 1065 579 1098 meritis
605 1076 732 1103 causae,
759 1076 852 1108 quam
881 1076 981 1108 super
1006 1065 1120 1098 ultimo
1140 1076 1197 1108 po-

456 1118 586 1151 steriori
614 1118 746 1150 decreto
768 1118 913 1151 eiusdem
929 1118 1197 1161 Congregationis

456 1171 658 1214 partirularis
694 1171 908 1203 cardinalium
936 1171 1043 1209 edito,
1070 1174 1197 1205 matura

455 1224 734 1264 consideratione,
754 1224 919 1256 decretum
946 1224 1131 1257 huiusmodi
1154 1226 1196 1258 ul·

456 1277 532 1309 timo
557 1278 626 1310 loco
648 1283 830 1310 emanatum
858 1278 1011 1321 praefatis
1027 1279 1196 1311 monachis

456 1330 614 1364 Callaecis
641 1337 672 1364 et
697 1331 896 1375 Campesinis
924 1331 1076 1365 laesirum
1103 1337 1132 1364 et
1157 1332 1194 1364 ad

454 1385 614 1417 sedandas
642 1384 796 1417 sactiones
824 1395 1001 1427 pacemque
1028 1384 1058 1416 in
1084 1395 1195 1417 eornm

455 1437 613 1481 religione
641 1437 869 1470 stabiliendam
897 1437 1094 1471 insufficiens
1116 1439 1196 1472 iudi-

455 1496 560 1523 catum
589 1490 655 1529 suit,
682 1502 717 1522 ac
742 1490 878 1534 proinde
905 1491 1064 1523 emanarit
1089 1491 1128 1524 ab
1150 1493 1197 1525 ea·

456 1544 528 1576 dent
555 1543 723 1585 signatura
755 1544 948 1588 rescriptum
987 1555 1045 1587 pro
1086 1556 1196 1577 avoca-

457 1596 543 1629 tione
571 1596 715 1629 eiusdem
743 1608 858 1630 causae
884 1598 922 1630 ad
950 1608 1025 1638 nos,
1051 1603 1083 1631 et
1109 1598 1194 1641 qnod

456 1649 588 1681 daretur
614 1649 771 1682 resolutio
798 1651 827 1682 in
850 1650 993 1683 Camera.

500 1704 514 1745 ξ
539 1703 570 1735 ΕΖ.
599 1703 680 1736 lline
711 1709 757 1736 est
790 1704 876 1746 quod
908 1715 990 1743 nos,
1021 1704 1194 1747 tranquilli

457 1757 509 1789 tati
537 1757 639 1789 dictae
666 1756 934 1799 Congregationis
962 1758 1195 1790 monaeliorum

457 1809 487 1841 in
504 1810 702 1852 praemissis,
715 1816 868 1852 quantum
885 1821 955 1842 cnm
969 1810 1106 1843 Domino
1125 1822 1194 1854 pos-

456 1872 591 1901 sumus,
619 1863 761 1903 benigne
803 1864 972 1896 consulere
999 1864 1192 1907 cupientes7

457 1922 544 1948 motu
571 1915 727 1959 proprio,
761 1926 796 1948 ac
823 1926 859 1949 ex
886 1918 975 1949 certa
1001 1917 1140 1950 seientia
1165 1924 1196 1951 et

459 1971 584 2001 matura
598 1968 836 2001 deliberatione
852 1970 982 2009 nostris,
1002 1970 1107 2014 deque
1123 1982 1194 2014 apo-

456 2022 591 2054 stolieae
618 2021 787 2065 potestatis
813 2023 1028 2065 plenitudine,
1048 2024 1194 2057 eamdem

454 2085 595 2115 causam,
625 2085 659 2107 ae
686 2075 760 2108 lites
788 2080 816 2108 et
844 2077 1087 2110 controversias
1107 2088 1195 2121 quas·

454 2138 600 2171 eumque,
617 2128 702 2161 inter
728 2135 837 2172 partes
863 2130 1040 2162 antedictas
1067 2141 1195 2173 quomo-

453 2181 584 2221 dolibet,
612 2186 642 2214 et
669 2184 700 2213 in
727 2193 932 2226 quacumque
950 2184 1110 2224 instantia,
1132 2190 1193 2217 tam

453 2234 484 2267 in
518 2245 611 2267 sacro
650 2236 758 2278 palatii
799 2237 967 2279 apostolici
1005 2238 1192 2278 auditorio,

453 2298 550 2330 qnam
577 2289 608 2319 in
635 2288 698 2321 alio
718 2289 830 2331 quovis
850 2290 1013 2329 tribunali⁷
1032 2297 1062 2323 et
1084 2302 1193 2324 eoram

454 2352 656 2385 quocumque
682 2341 788 2374 iudice
819 2343 1024 2384 pendentes,
1059 2354 1194 2386 quarum

453 2394 596 2426 omnium
616 2400 641 2425 et
665 2394 865 2436 singularum
885 2401 1001 2427 statum
1020 2401 1051 2427 et
1068 2396 1192 2433 merita,

453 2448 649 2490 nominaque
675 2453 703 2479 et
731 2447 924 2488 cognomina
956 2458 991 2479 ae
1023 2449 1216 2490 qualitates

453 2500 595 2532 iudi‹·um
623 2506 654 2532 et
678 2500 919 2541 colligantium,
947 2506 977 2532 et
1009 2501 1069 2533 alia
1096 2512 1193 2544 quae-

453 2563 589 2596 cumque
616 2553 710 2585 etiam
737 2552 920 2596 specificam
941 2558 970 2585 et
993 2553 1192 2586 individuam

452 2606 650 2641 mentionem
671 2612 701 2639 et
727 2607 971 2650 expressionem
992 2607 1193 2651 requirentia

1038 217 1184 240 firmanti
1200 217 1218 239 71

1247 217 1400 240 mnxtxtn

1240 266 1461 308 praesentibus
1499 277 1556 309 pro
1590 266 1685 310 plene
1719 271 1750 300 et
1782 267 1978 301 sufficienter

1239 319 1401 362 expressis
1427 324 1457 352 et
1482 320 1682 353 exactissime
1708 320 1903 364 specificans
1923 321 1977 353 lia-

1239 371 1306 404 lieri
1335 373 1501 412 volumus,
1528 372 1559 405 in
1586 378 1668 406 statu
1696 380 1725 406 et
1761 372 1905 406 terminis
1945 373 1976 406 in

1238 425 1356 467 quibus
1370 426 1408 459 de
1425 426 1587 469 praesenti
1610 427 1829 470 reperiuntur,
1850 439 1867 459 a
1886 438 1978 469 prae-

1240 478 1309 510 l'atis
1334 484 1365 511 ot
1396 480 1468 512 aliis
1501 480 1667 522 quibusvis
1702 479 1914 513 tribtmalibus
1947 485 1979 512 et

1238 530 1397 564 indicibus
1433 532 1471 564 ad
1509 543 1568 565 nos
1610 533 1725 566 liarum
1756 532 1842 566 serie
1869 544 1978 566 avoca-

1240 595 1331 624 mus,
1359 585 1494 629 illasque
1521 598 1633 619 omnes
1660 592 1691 619 et
1724 587 1868 629 singulas
1905 598 1979 630 sup-

1240 638 1431 681 primimus,
1459 640 1668 682 perimimus,
1696 639 1916 682 extinguimus
1947 646 1979 672 et

1239 691 1417 731 abolemus,
1436 703 1471 725 ae
1488 698 1679 736 perpetuum
1692 693 1832 736 desuper
1850 693 1978 736 utrique

1240 745 1320 788 parti
1339 745 1502 778 silentium
1525 745 1722 790 imponimus
1748 757 1848 789 osque
1875 747 1979 779 ocutu-

1240 798 1355 831 dimns.
1371 798 1537 832 Praeterea
1553 799 1738 832 earumdem
1761 804 1872 832 tenore
1890 810 1978 842 prae-

1240 851 1380 884 sentium
1405 851 1572 884 statuimus
1598 857 1629 886 et
1657 853 1870 885 ordinamus:

1284 914 1305 936 1.
1322 904 1411 942 Quod
1429 904 1461 937 in
1480 910 1617 948 quatuor
1631 905 1742 948 primis
1757 905 1912 949 proximis
1928 916 1978 938 oa-

1240 957 1352 1000 pitulis
1378 956 1594 1001 Congregatio
1627 958 1891 992 Cistereiensium
1926 959 1978 992 tti-

1241 1010 1386 1053 spaniae,
1414 1022 1496 1054 qnae
1526 1011 1675 1044 consistit
1704 1011 1734 1044 in
1765 1011 1978 1054 quadraginta

1241 1064 1366 1097 dnobus
1382 1064 1598 1105 monasteriis,
1616 1075 1733 1108 nempe
1751 1065 1861 1097 decem
1880 1069 1911 1097 et
1927 1075 1979 1097 se-

1241 1123 1325 1160 ptem
1352 1117 1382 1150 iu
1411 1118 1574 1161 provincia
1602 1119 1641 1150 de
1667 1118 1802 1160 Campos
1829 1123 1862 1150 et
1885 1119 1979 1151 terris

1241 1171 1463 1204 adiacentibus
1483 1171 1574 1214 regni
1593 1172 1754 1214 Legionis,
1773 1172 1927 1205 tredecim
1947 1173 1978 1205 in

1242 1234 1341 1266 regno
1368 1224 1573 1265 Callaeciae,
1601 1235 1655 1257 sex
1684 1225 1714 1257 iu
1745 1225 1978 1266 Castellanovffl

1241 1283 1271 1311 et
1297 1277 1441 1321 praecise
1468 1278 1500 1310 in
1533 1288 1634 1320 regno
1666 1278 1786 1315 Toleti.
1817 1278 1919 1311 tribus
1946 1279 1977 1311 in

1240 1330 1391 1371 Astmiis,
1411 1336 1443 1363 et
1461 1330 1587 1363 duobus
1607 1330 1636 1362 in
1657 1330 1820 1374 provincia
1840 1331 1976 1372 Hieme,

1240 1390 1271 1418 et
1306 1395 1370 1418 uno
1403 1384 1434 1416 in
1470 1384 1649 1418 Montaueis
1683 1385 1918 1428 Burgensihns,
1946 1386 1977 1419 in

1239 1438 1315 1470 duas
1341 1443 1448 1481 partes
1469 1438 1645 1478 dividatur3
1673 1449 1769 1471 unam
1796 1449 1912 1482 nempe
1936 1440 1979 1472 sa-

1240 1491 1324 1524 eiant
1349 1491 1488 1524 Callaeci
1509 1496 1539 1524 et
1558 1491 1685 1524 oriundi
1714 1502 1749 1524 ex
1773 1491 1921 1536 povineia
1939 1493 1979 1525 de

1239 1546 1374 1590 Campos
1417 1551 1448 1577 et
1489 1545 1582 1578 dietis
1628 1545 1721 1578 terris
1759 1545 1979 1579 adiacentibus

1239 1599 1329 1638 reg-ni
1356 1599 1525 1642 Legionis·,
1545 1600 1677 1632 alteram
1697 1610 1770 1633 vero
1789 1599 1919 1632 oriundi
1942 1611 1978 1633 ex·

1239 1652 1468 1692 Castellauora,
1490 1651 1645 1691 Asturiis,
1665 1652 1798 1694 Rivogia
1813 1657 1844 1685 et
1859 1652 1980 1685 Monta-

1240 1706 1308 1738 neis
1328 1705 1551 1747 Bnrgensilius
1565 1716 1571 1736 1
1586 1726 1629 1729 —
1643 1715 1676 1738 tt.
1697 1705 1784 1743 Quod
1816 1705 1899 1738 inter
1917 1716 1980 1738 mo-

1241 1759 1362 1792 nas-lios
1382 1758 1554 1796 Gallaecos,
1574 1769 1608 1790 ex
1631 1760 1705 1797 una,
1724 1764 1754 1791 et
1768 1758 1977 1802 Campesinos

1240 1818 1267 1844 et
1297 1811 1390 1844 terris
1412 1811 1633 1844 adiacentibus
1653 1811 1743 1853 regui
1763 1811 1924 1854 Legionis,
1941 1822 1977 1844 ex

1240 1866 1339 1897 altera
1365 1865 1527 1908 partibus,
1556 1865 1607 1897 liat.
1639 1864 1814 1897 subdivisio
1841 1864 1871 1897 in
1899 1866 1978 1898 duas

1239 1923 1360 1961 partes,
1388 1918 1612 1950 animadverso
1642 1917 1727 1960 quod
1753 1922 1926 1950 censeatur
1947 1923 1977 1950 et

1241 1977 1411 2015 reputetur
1436 1971 1592 2003 oriundus
1617 1981 1652 2003 ex
1679 1970 1856 2014 praedietis
1884 1971 1979 2004 terris

1240 2025 1282 2056 ita
1320 2023 1430 2057 divisis
1456 2029 1486 2056 et
1510 2023 1680 2056 snbdivisis
1707 2023 1759 2057 ille
1785 2025 1837 2068 qui
1865 2023 1895 2057 iu
1923 2023 1980 2058 ali-

1240 2079 1301 2120 qua
1323 2087 1358 2110 ex
1387 2077 1449 2110 illis
1475 2082 1569 2109 natus
1587 2081 1634 2109 est
1659 2081 1806 2120 tempore
1826 2087 1890 2121 quo
1908 2077 1976 2109 eius

1240 2137 1389 2174 parentes
1411 2136 1465 2163 aut
1489 2130 1605 2174 aliquis
1627 2141 1661 2163 ex
1688 2130 1750 2163 illis
1773 2130 1977 2164 domicilium

1239 2195 1434 2228 permanens
1470 2184 1500 2216 in
1538 2183 1711 2227 praedietis
1746 2183 1841 2216 terris
1877 2183 1978 2216 liabe-

1238 2238 1311 2270 hat:
1341 2257 1384 2260 —
1414 2247 1461 2270 111.
1494 2236 1584 2275 Quod
1614 2236 1720 2269 onmia
1753 2235 1858 2269 officia
1894 2237 1979 2279 eapi-

1240 2291 1373 2330 tularia,
1403 2301 1541 2333 quorum
1567 2289 1744 2322 electiones
1769 2289 1978 2322 celebrantur

1238 2343 1386 2385 quolibet
1413 2342 1567 2381 triennio,
1589 2347 1651 2374 tam
1671 2341 1754 2374 intra
1772 2353 1867 2385 quam
1887 2349 1978 2376 extra

1238 2395 1414 2437 capitulum
1435 2396 1597 2437 generale,
1614 2394 1847 2428 distribuantur
1862 2406 1977 2439 aequa-

1238 2448 1310 2480 liter
1336 2448 1420 2480 inter
1444 2447 1621 2480 monachos
1647 2447 1802 2480 oriundos
1824 2459 1860 2481 ex
1883 2448 1975 2481 terris

1236 2507 1267 2532 ut
1296 2512 1392 2544 supra
1421 2501 1548 2541 divisis,
1577 2501 1654 2533 itant
1688 2507 1734 2534 tot.
1759 2501 1864 2534 officia
1889 2502 1977 2546 capi-

1239 2554 1354 2587 tularia
1381 2554 1524 2587 habeant
1551 2554 1694 2597 religiosi
1722 2554 1851 2587 oriundi
1874 2566 1910 2587 ex
1927 2565 1976 2587 re-

1237 2617 1300 2652 gno
1327 2607 1506 2642 Gallaeeiae
1546 2613 1575 2641 et
1609 2607 1701 2641 terris
1726 2607 1909 2653 provinciae
1936 2607 1974 2641 de

1990 219 2036 243 An⁴
2054 219 2082 244 C.
2105 219 2172 247 1710

2026 919 2104 940 [Uibio
2126 926 2174 946 pro-

1990 952 2106 967 vinciarum
2122 963 2126 970 ,
2155 951 2176 968 et

1989 978 2057 993 norae
2088 974 2175 997 rugatas

2009 1000 2156 1020 annianum,

1989 1028 2116 1047 stazuunmr.
