2269 3203
281 232 329 259 An.
347 232 375 260 C.
400 232 466 258 ¹7¹2

278 925 461 946 Nitrias-‹vardumli

280 952 367 972 Asiattio
390 954 462 977 prute-

278 981 336 998 ειμι-υ
351 978 462 998 introducti

279 1006 335 1024 iuon—
345 1005 461 1030 presbyteri

280 1032 311 1050 Pii
324 1032 422 1055 temerarii
434 1031 460 1050 ad

278 1058 356 1077 <lurtum
398 1057 463 1077 coin·

279 1090 332 1107 ςιιιιυ
354 1085 374 1103 et
396 1084 462 1103 eccle-

278 1116 329 1129 siam
352 1110 374 1129 Β.
393 1110 421 1130 Μ,
443 1116 462 1129 in

278 1136 398 1160 Montibus,
427 1136 462 1155 bo-

278 1168 394 1188 norumque
414 1168 462 1182 usus

279 1194 329 1213 ipsis
341 1194 461 1213 cuiift’Sssl‘,

280 1215 318 1233 sut·
335 1215 462 1240 quibusdam

278 1241 442 1261 conditionibus.

522 223 579 255 '47⁶2

472 291 557 314 nunc
578 281 758 315 obtinuerit
783 287 814 315 et
834 281 977 316 obtineat
995 282 1109 314 decus:
1129 281 1211 314 nihi-

473 336 623 376 lominus,
643 336 809 379 cupientes
831 346 898 375 nos,
918 335 971 378 qui
997 335 1056 368 sub
1071 336 1212 369 clemen-

475 388 607 422 tissimis
634 388 776 421 eiusdem
802 389 914 421 beatae
936 388 1053 421 Mariae
1071 387 1210 431 Virginis

473 440 639 474 adiutricis
657 446 786 473 nostrae
804 440 956 484 auspiciis
983 450 1139 473 onerosas
1158 451 1213 483 pa-

473 495 600 527 storalis
630 505 695 537 quo
720 493 883 536 fungimur
908 493 1006 526 officii
1032 493 1133 526 nostri
1161 504 1213 525 cn-

473 558 524 580 ras
549 546 761 589 suscepimus,
786 545 989 588 religionem,
1009 556 1104 588 quam
1129 556 1213 578 scm-

474 610 533 642 per
563 610 639 641 erga
672 599 775 642 ipsam
801 598 853 631 Dei
881 598 1072 641 genitricem
1103 598 1211 632 animo

474 652 630 684 inclusam
657 650 828 693 gessimus,
854 655 986 684 externo
1012 661 1142 694 quoque
1168 655 1213 683 te-

475 703 627 736 stimonio
653 703 798 746 aperire,
826 714 862 737 ac
894 704 925 736 in
958 704 1098 736 alumnis
1132 703 1212 746 ipsis

476 758 561 790 illam
588 757 696 797 inseri,
715 767 774 800 per
791 757 875 800 piam
901 767 1027 790 morum
1053 756 1213 790 educatio-

475 821 559 849 nem,
578 808 685 849 sidem,
703 819 764 852 per
780 820 875 853 quam
894 809 1057 842 dulciores
1077 819 1113 841 ac
1137 809 1213 842 ube-

474 862 576 896 riores
604 862 796 906 provcniant
826 861 1025 896 aeternitati¹
1052 860 1210 894 fructus-²:

518 916 532 959 g
557 915 587 947 ΕΞ.
615 915 828 959 Quapropter,
847 915 983 958 pervigil
1010 915 1112 947 Fulvii
1138 925 1210 947 car-

475 969 591 1002 dinalis
617 969 772 1012 praedicti
802 968 1000 1008 sollicitudo,
1019 967 1138 1001 nostris
1167 968 1213 1000 in-

474 1023 612 1055 haerens
638 1021 821 1061 desideriis,
846 1021 940 1053 nobis
965 1031 1071 1064 nuper
1096 1020 1213 1064 exponi

474 1075 570 1115 l‘ecit,
598 1076 684 1118 quod
711 1075 778 1117 ipse
805 1074 1212 1117 (provide*considerans,

474 1128 561 1171 quod
596 1127 811 1170 Congregatio
849 1126 1040 1159 dilectorum
1074 1125 1211 1159 filiorum

473 1180 738 1224 presbyterorum
758 1179 970 1212 saecularium
995 1179 1028 1211 in
1053 1179 1213 1212 communi

475 1233 647 1266 viventium
675 1232 804 1265 Piorum
829 1232 1059 1275 Operariorum
1091 1243 1214 1264 nuncu-

473 1292 623 1330 patorum
648 1286 680 1318 in
708 1286 792 1319 Urbe
824 1285 990 1329 praedicta
1021 1285 1212 1324 introducta,

473 1340 561 1372 iuxta
598 1339 726 1372 illorum
760 1339 922 1372 laudabile
947 1338 1150 1378 institutum,
1177 1340 1213 1371 ea

474 1403 537 1436 qua
572 1393 666 1425 decet
702 1392 876 1425 sedulitate
902 1391 934 1423 in
959 1392 1050 1424 vinea
1086 1391 1213 1424 Domini

472 1446 634 1485 laborans,
660 1455 726 1477 non
752 1445 857 1477 solum
879 1455 937 1488 per
963 1445 1080 1477 Urbem
1112 1455 1209 1488 prac-

473 1499 605 1539 dictam,
625 1509 734 1531 verum
761 1499 856 1531 ctiam
875 1509 934 1541 per
959 1498 1064 1530 vicina
1085 1508 1213 1541 quoque

474 1551 579 1585 eidem
605 1551 681 1584 Urbi
718 1552 789 1584 loca
827 1550 925 1583 divini
951 1550 1080 1584 luminis
1106 1551 1211 1583 lucem

475 1604 619 1644 effundit,
639 1614 684 1644 ac,
700 1604 838 1637 orationi
864 1609 895 1636 et
921 1603 1103 1636 ministerio
1123 1603 1212 1636 verbi

474 1668 508 1691 se
526 1658 687 1690 instanter
705 1657 870 1695 exhibens,
890 1657 963 1690 illos
982 1655 1073 1689 affert
1098 1655 1213 1698 dignos

474 1715 624 1743 aeternae
661 1709 773 1742 salutis
799 1709 944 1748 fructus,
970 1708 1022 1751 qui
1049 1709 1087 1741 ad
1114 1708 1211 1740 divini

474 1762 614 1795 nominis
639 1761 775 1804 gloriam
801 1767 832 1793 et
857 1760 1067 1794 ecclesiarum
1093 1762 1211 1794 cultum

472 1815 718 1859 propagandum
732 1815 848 1847 uberes
871 1815 1120 1857 dignoscuntur)
1138 1825 1213 1847 non·

473 1870 580 1903 nullos
607 1879 647 1902 ex
670 1868 930 1911 Congregatione
956 1868 1099 1911 praefata
1124 1878 1213 1910 pres-

473 1923 603 1966 byteros
626 1923 664 1955 ad
691 1922 806 1955 dictam
834 1921 1001 1955 ecclesiam
1028 1920 1213 1964 praedictae

473 1977 507 2009 B.
542 1975 658 2009 Mariae
694 1976 727 2008 in
754 1975 915 2008 Montibus
950 1974 983 2007 in
1017 1974 1132 2007 divinis
1166 1974 1213 2006 in-

473 2028 692 2069 serviendum,
731 2038 859 2061 necnon
893 2026 1022 2070 collegii
1055 2026 1211 2070 praedicti

473 2082 620 2115 alumnos
639 2082 809 2124 regendos,
829 2081 1026 2125 illorumque
1041 2091 1147 2113 mores
1159 2080 1212 2123 pie

474 2133 670 2167 erudiendos
707 2133 940 2174 introduxerim
968 2138 1014 2173 et,
1041 2139 1212 2176 postquam

475 2197 532 2219 usu
558 2192 763 2229 compererat
794 2190 949 2229 quantum
979 2186 1105 2218 divinus
1141 2187 1210 2218 cul-

475 2243 525 2271 tus
556 2239 588 2271 in
619 2239 782 2281 praedicta
805 2239 941 2272 ecclesia
973 2239 1008 2271 B.
1036 2238 1154 2271 Mariae
1180 2240 1212 2270 in

474 2291 643 2331 Montibus,
670 2297 891 2335 quantumque
922 2292 1096 2334 collegium
1121 2302 1213 2334 prae-

474 2344 594 2377 dictum
613 2343 644 2376 in
664 2343 750 2377 illius
769 2345 975 2377 alumnorum
993 2354 1120 2376 morum
1139 2345 1214 2377 edu-

475 2396 601 2430 catione
619 2396 704 2429 intra
722 2396 873 2439 exiguum
895 2396 1051 2439 temporis
1075 2397 1212 2440 spatium

474 2449 649 2493 sumpserit
674 2449 847 2491 augmenti,
875 2449 905 2481 in
931 2448 1109 2482 maioritate
1137 2453 1214 2481 tem-

473 2502 562 2547 poris
575 2502 736 2536 maiorum
751 2502 835 2534 circa
848 2502 1025 2545 praemissa
1040 2501 1213 2545 effulgente

511 2575 521 2600 1
546 2573 639 2600 Potius
657 2572 776 2607 legerem
796 2573 979 2600 aeternitatis
995 2573 1033 2607 (a.
1057 2574 1105 2605 T.).

508 2618 523 2645 2
544 2617 663 2655 syntaxis
683 2617 835 2646 inabsoluta
855 2621 946 2645 manet
965 2618 1005 2652 (n.
1027 2618 1074 2652 T.).

1053 235 1147 257 sst'LLA
1154 235 1169 256 Γι
1176 234 1181 256 l
1188 234 1226 256 [⁴31
1254 233 1403 256 Ixomatai

1992 233 2045 259 An.
2062 233 2090 259 C.
2115 234 2182 261 1712

1254 281 1426 314 securitate
1443 280 1612 320 bonorum,
1633 279 1816 323 praedictae
1831 280 1989 314 ecclesiae

1254 333 1398 366 eiusdem
1428 333 1461 365 B.
1483 332 1598 365 Mariae
1623 332 1655 365 in
1680 332 1838 365 Montibus
1863 344 1899 365 ac
1923 333 1989 366 col-

1254 385 1331 427 legii
1349 385 1533 418 huiusmodi
1553 385 1674 428 (quoad
1695 385 1838 417 eiusdem
1859 385 1988 428 collegii

1254 438 1460 471 alumnorum
1487 448 1611 470 morum
1632 437 1867 470 correctionem
1892 443 1923 471 ct
1947 437 1988 470 di-

1255 491 1445 533 rectionem)
1484 490 1678 533 illorumque
1709 489 1838 522 aedium
1875 501 1911 523 ac
1940 501 1991 523 sa-

1255 543 1382 575 cristiae
1408 543 1608 580 utensilium,
1633 541 1798 575 mobilium
1824 552 1859 575 ac
1884 552 1989 575 sacra-

1257 606 1326 627 rum
1352 595 1605 638 supellectilium
1631 605 1706 627 usus
1727 594 1831 627 eidem
1849 594 1990 637 Congre-

1255 647 1376 689 gationi
1398 647 1553 690 illiusque
1578 647 1764 691 praeposito
1790 647 1933 689 generali
1959 651 1991 679 et

1255 700 1451 744 presbyteris
1487 701 1546 732 sub
1579 699 1795 743 infrascriptis
1832 699 1990 732 conditio-

1256 753 1371 786 nibus:
1733 757 1737 760 '

1295 823 1313 843 1.
1332 814 1429 844 Primo
1445 813 1579 844 videlicet
1594 814 1670 853 quod
1686 813 1780 843 (lictus
1797 812 1915 843 Fulvius
1927 823 1990 843 car·
2054 827 2081 846 υι
2104 828 2185 852 possint

2000 855 2121 874 construere
2164 854 2185 873 et

1255 862 1360 892 dinalis
1382 867 1410 891 et
1428 866 1573 901 protector
1595 862 1687 892 eidem
1711 861 1933 900 Congregationi
1955 861 1989 890 il-
2000 879 2103 905 ,munim
2121 879 2184 900 cuno-

1256 911 1371 950 liusque
1394 910 1581 951 presbyteriS,
1607 910 1681 950 apud
1704 910 1809 940 dictam
1836 909 1989 940 ecclesiam
2001 905 2186 957 ξξζῐᾞρζζθξξξξῗ·

1256 959 1286 989 Β.
1311 959 1416 989 Mariae
1438 958 1467 988 in
1489 958 1634 988 Montibus
1663 962 1691 988 et
1712 958 1741 988 in
1765 958 1886 997 collegio
1908 967 1991 998 prae·
2001 959 2071 1006 15:2⁰¹*
2081 961 2187 984 protecto-

1256 1008 1344 1043 dicto,
1369 1011 1400 1036 ut
1423 1008 1600 1046 praefertur,
1616 1007 1793 1046 illorumque
1811 1006 1931 1036 aedibus
1946 1015 1991 1036 re·
2033 1000 2039 1006 ”

1256 1056 1417 1086 sidentibus
1449 1060 1477 1085 et
1508 1055 1780 1092 commorantibus,
1814 1055 1927 1094 plenam
1965 1060 1993 1085 et

1257 1104 1375 1134 liberam
1399 1104 1565 1134 facultatem
1584 1104 1723 1143 'propriis
1755 1104 1993 1142 Congregationis

1256 1162 1289 1182 ac
1317 1152 1553 1191 presbyterorum
1583 1152 1798 1192 praedictorum
1827 1151 1992 1192 sumptibus

1257 1201 1436 1240 praedictam
1458 1201 1611 1231 ecclesiam
1633 1201 1763 1231 eiusdem
1785 1201 1816 1230 Β,
1833 1200 1941 1231 Mariae
1962 1200 1992 1231 in

1256 1250 1400 1281 Montibus
1413 1260 1446 1280 ac
1461 1250 1616 1288 collegium
1629 1249 1794 1280 huiusmodi
1807 1249 1991 1286 aedificandi,

1257 1299 1393 1337 ornandi,
1417 1299 1524 1339 illaque
1546 1298 1704 1338 ampliandi
1728 1298 1900 1337 concedere,
1924 1307 1991 1329 cum

1257 1349 1309 1378 hoc
1334 1353 1430 1378 tamen
1458 1347 1533 1387 quod
1562 1346 1752 1386 Congregatio
1775 1356 1806 1376 ac
1829 1347 1991 1386 presbyteri

1256 1397 1418 1435 praedicti,
1442 1400 1598 1435 antequam
1622 1395 1797 1434 aedificatio,
1821 1399 1941 1426 ornatus
1963 1399 1992 1426 et

1256 1445 1405 1485 ampliatio
1427 1454 1478 1484 per
1495 1454 1544 1474 eos
1567 1445 1647 1481 liant,
1667 1443 1891 1482 aedificationis,
1909 1453 1993 1474 orna-

1256 1499 1301 1524 tus
1333 1499 1361 1524 et
1393 1492 1591 1533 ampliationis
1626 1501 1677 1532 per
1712 1502 1760 1522 eos
1794 1492 1992 1523 faciendorum

1256 1542 1424 1572 huiusmodi
1447 1542 1570 1572 sormam
1590 1541 1748 1581 protectori
1777 1550 1855 1571 nunc
1884 1545 1912 1571 et
1941 1550 1993 1581 pro

1256 1595 1384 1630 tempore
1407 1590 1543 1620 existenti
1566 1589 1724 1628 praehere,
1748 1589 1890 1628 illumque
1911 1589 1993 1619 desu-

1256 1648 1307 1678 per
1328 1639 1506 1674 insormare,
1530 1642 1558 1667 et
1583 1637 1618 1666 ab
1641 1647 1674 1667 eo
1696 1637 1843 1668 licentiam
1867 1637 1993 1676 desuper

1255 1689 1284 1718 in
1307 1688 1425 1727 scriptis
1447 1692 1608 1727 reportare,
1632 1686 1756 1716 debeant
1778 1690 1806 1716 et
1828 1690 1991 1717 teneantur.

1296 1747 1325 1767 u.
1350 1737 1442 1775 Quod,
1466 1736 1696 1775 Congregatione
1722 1736 1859 1775 illiusque
1874 1736 1993 1776 presby·
2029 1752 2049 1773 in
2065 1757 2127 1773 casus
2143 1752 2184 1773 ὥς,

1257 1786 1327 1816 teris
1350 1786 1508 1826 praedictis
1526 1785 1561 1815 ab
1586 1780 1711 1815 ecclesia
1733 1785 1862 1815 eiusdem
1885 1785 1917 1815 B.
1934 1784 2074 1815 Ma·⁰²⁵⁵¹¹⁵
2099 1779 2186 1805 ¹''⁰‘¹³3''‘

2002 1807 2093 1826 teron-um
2107 1806 2134 1825 im
2151 1812 2186 1826 eu-

1256 1834 1317 1864 riae
1333 1835 1362 1865 in
1381 1834 1526 1865 Montibus
1543 1839 1569 1864 et
1586 1833 1707 1871 collegio
1723 1833 1878 1872 praedictis
1900 1833 2038 1863 disce-⁵³⁶
2058 1812 2186 1852 ⁰⁶d³¹¹¹p⁰⁶·

1256 1883 1392 1914 dentibus
1423 1884 1533 1923 illaque
1561 1882 1781 1919 deserentibus,
1812 1882 1953 1922 quidquid
1976 1858 2079 1911 ³323?
2103 1861 2125 1880 εἰ
2144 1858 2176 1880 ⁰⁰¹

1255 1933 1483 1971 Congregatione
1512 1936 1539 1961 et
1567 1930 1741 1971 presbyteris
1763 1931 1919 1970 praedictis
1941 1940 1992 1970 pro

1256 1981 1472 2018 aedificatione,
1496 1983 1599 2009 ornatu
1637 1984 1665 2009 et
1699 1979 1888 2018 ampliatione
1911 1987 1993 2018 prae-

1256 2031 1341 2061 dictis
1364 2030 1399 2060 ab
1421 2030 1462 2060 eis
1485 2038 1577 2069 usque
1602 2032 1669 2058 tunc
1693 2037 1743 2066 pro
1766 2032 1895 2068 tempore
1911 2028 1992 2058 factis

1256 2081 1422 2120 impensum
1455 2078 1550 2112 fuerit,
1575 2077 1715 2107 ecclesiae
1737 2077 1868 2107 eiusdem
1886 2077 1918 2107 B.
1935 2077 1992 2107 Ma-

1256 2129 1316 2159 riae
1339 2129 1368 2159 in
1388 2127 1531 2158 Montibus
1547 2131 1574 2158 et
1589 2128 1710 2166 collegio
1727 2127 1883 2167 praedictis
1900 2127 1992 2158 libere

1255 2178 1360 2208 cedere
1382 2177 1506 2207 debeant
1528 2180 1555 2206 et
1573 2180 1736 2206 teneantur.

1296 2236 1336 2256 111.
1360 2225 1451 2262 Quod,
1470 2230 1533 2265 post
1556 2225 1772 2254 concessionem
1797 2228 1824 2253 et
1846 2224 1991 2254 dationem
2022 2239 2132 2266 expensae
2143 2239 2187 2260 edi-

1256 2274 1470 2313 insrascriptas,
1494 2282 1594 2303 omnes
1622 2277 1649 2302 et
1678 2272 1809 2310 singulae
1835 2281 1989 2311 expensae,
2001 2265 2186 2313 ξξζξξωᾱώξξζὶ

1256 2332 1330 2362 quae
1361 2327 1418 2352 tam
1453 2325 1584 2351 veterum
1617 2321 1814 2351 aedificiorum
1851 2318 2111 2371 ecclesiaegffwffssgj‘jS
2126 2324 2186 2365 312}ss

1256 2372 1386 2401 eiusdem
1410 2370 1441 2399 B.
1466 2370 1572 2400 Mariae
1601 2369 1630 2399 in
1653 2369 1799 2399 Montibus
1825 2375 1853 2417 et
1876 2369 1991 2408 collegii
2002 2371 2186 2419 gffiusfffl‘ssi‘ffl·

1256 2419 1483 2459 praedictorum,
1503 2427 1590 2457 quam
1619 2417 1655 2447 de
1684 2427 1757 2447 novo
1787 2427 1801 2447 a
1830 2418 1992 2456 Congrega-

1257 2468 1334 2498 tione
1356 2471 1383 2496 et
1401 2467 1578 2505 presbyteris
1601 2466 1755 2505 praedictis
1777 2466 1806 2496 in
1830 2471 1990 2505 posterum,

1256 2520 1286 2546 ut
1313 2515 1488 2555 praefertur,
1512 2514 1711 2545 faciendorum
1731 2516 1801 2554 (non
1829 2519 1925 2545 tamen
1947 2523 1992 2545 re-

1255 2564 1446 2594 sarcitionum
1478 2562 1593 2601 collegii
1623 2563 1764 2602 praedicti
1792 2563 1991 2594 aedificiorum

1234 2632 1236 2647 .
1256 2622 1332 2643 nuuc
1356 2612 1553 2649 existentium,
1571 2621 1601 2642 ac
1622 2612 1752 2643 onmium
1768 2615 1795 2642 et
1811 2611 1991 2652 singularum
