2269 3203
95 202 143 229 An.
159 200 187 229 C.
211 201 278 229 1707

925 197 1066 222 CLEMENS
1092 198 1123 222 xl
1147 198 1195 222 ΡΡ.

289 248 385 282 etiam
410 248 564 293 specifica
596 254 627 282 et
659 247 825 281 individua
862 246 1027 279 mentione

289 302 403 344 dignas
423 329 431 342 ,
457 311 539 345 quae
564 301 727 340 civitates,
754 305 856 332 terras
889 304 918 331 et
956 300 1027 332 loca

289 355 326 388 ad
353 355 468 388 dictam
494 355 671 387 Romanam
695 353 869 386 Ecclesiam
887 351 1026 384 mediate

288 407 335 440 vel
361 407 544 442 immediate
577 405 799 450 pertinentia,
835 404 1027 449 praesertim

289 471 365 493 vero
393 461 599 493 parmensem
632 464 664 492 et
699 458 920 492 Placentinam
955 457 1027 489 civi-

289 518 382 554 tates,
402 513 604 553 invasissent,
626 511 929 551 excommunicavit,
951 521 1027 543 ana-

289 567 535 607 thematizavit,
562 576 598 598 ac
630 565 866 598 maledictionis
903 570 934 597 et
970 564 1025 596 da-

288 619 463 652 mnationis
489 623 640 652 aeternae
666 628 821 651 mucrone
848 617 1026 660 percussit,

287 671 422 714 vestigia
447 676 609 704 sectantes
627 699 634 712 ,
657 682 692 704 ac
728 671 862 713 insuper
897 675 1027 713 aposto-

287 724 356 757 licis
382 724 509 763 litteris,
535 734 612 767 quas
637 723 777 767 plurim?
797 722 930 755 Romani
949 721 1027 754 Pon-

287 777 388 810 tifices
413 777 683 820 praedecessores
710 776 813 810 nostri
832 775 883 808 die
898 775 1024 808 Coenae

284 829 409 862 Domini
435 830 498 873 legi
524 835 556 863 et
581 829 783 873 promulgari
810 829 968 868 fecerunt,
995 833 1026 861 et

285 893 345 916 nos
370 883 523 916 similiter
546 883 683 927 singulis
709 884 803 916 anniS
821 882 884 924 legi
901 887 932 914 et
948 892 1025 925 pro-

284 935 422 978 mulgari
447 936 592 977 fecimus,
617 947 652 969 ac
666 936 833 979 signanter
846 934 1024 968 canonibus

283 998 361 1022 xviu
398 993 429 1022 et
462 999 502 1022 xx
532 989 713 1022 litterarum
752 987 936 1021 huiusmodi
973 986 1024 1019 fir-

283 1042 381 1075 miter
405 1043 629 1082 inhaerentes,
654 1049 742 1076 motu
769 1042 916 1086 proprio,
936 1047 967 1074 et
987 1051 1024 1074 ex

285 1098 371 1128 certa
395 1096 530 1130 scientia
556 1102 587 1129 et
619 1098 745 1129 matura
785 1094 1023 1128 deliberatione

283 1150 401 1183 nortris
422 1178 430 1192 ,
472 1151 577 1194 deque
618 1149 814 1193 apostolicae
854 1148 1024 1191 potestatis

282 1205 509 1249 plenitudine,
537 1205 772 1248 praeinsertam
796 1202 1023 1242 concordiam,

283 1260 418 1303 eiusque
443 1257 597 1291 articulos
625 1263 657 1290 et
681 1257 823 1300 capitula
849 1267 1023 1299 quaecum-

283 1324 356 1357 que,
371 1322 442 1345 cum
467 1311 619 1345 omnibus
645 1316 676 1344 et
700 1310 838 1353 singulis
857 1310 888 1342 in
910 1310 956 1343 eis
974 1320 1022 1343 eo-

282 1375 420 1410 rumque
453 1362 622 1408 quolibet¹
657 1363 836 1403 contentis,
875 1374 911 1395 ac
947 1363 1021 1396 inde

281 1420 411 1461 secutis,
450 1424 482 1453 et
520 1417 793 1462 quandocumque
833 1416 1020 1457 secuturis,

283 1474 354 1518 ipso
379 1473 450 1506 iure
475 1473 574 1513 nulla,
600 1471 700 1511 irrita,
725 1470 876 1511 invalida,
890 1470 1021 1511 iniusta,

283 1518 443 1568 damnat-a,
468 1525 653 1570 reprobata,
679 1524 805 1565 inania,
832 1523 1021 1567 viribusque

283 1586 316 1614 ct
339 1579 455 1614 effectu
479 1578 609 1623 penitus
635 1583 666 1615 et
691 1577 824 1611 omuino
849 1587 949 1609 vacua
981 1578 1020 1609 ab

281 1634 353 1678 ipso
379 1633 472 1666 initio
498 1632 597 1664 fuisse
623 1636 654 1665 et
679 1641 766 1670 esse,
793 1641 829 1663 ac
859 1635 1021 1673 perpetuo

283 1688 371 1727 fore,
397 1686 627 1728 neminemque
654 1685 692 1717 ad
719 1684 860 1724 illorum,
887 1694 943 1715 seu
970 1693 1022 1715 cu-

283 1740 417 1774 iuslibet
442 1749 568 1779 eorum,
596 1737 722 1771 etiamsi
748 1737 931 1769 iuramento
957 1738 1022 1770 val-

282 1795 346 1828 lata
364 1792 440 1833 sint,
459 1790 698 1825 observantiam
719 1789 834 1831 teneri,
850 1789 946 1822 immo
961 1800 1021 1823 nec

282 1859 319 1881 ea
355 1857 373 1879 a
410 1845 563 1890 quopiam
599 1844 768 1877 observari
800 1843 946 1887 potuisse
973 1845 1021 1877 vel

282 1899 453 1939 debuisse,
480 1908 540 1931 nec
565 1908 602 1931 ex
628 1897 693 1930 illis
718 1897 866 1940 cuiquam
888 1896 1020 1940 aliquod

281 1953 332 1986 ius
357 1953 407 1986 vel
432 1952 593 1985 actionem
619 1955 672 1982 aut
698 1950 822 1983 titulum
846 1949 942 1982 etiam
969 1960 1021 1982 co-

281 2007 421 2040 loratum
457 2005 507 2038 vel
541 2003 730 2048 possidendi
771 2009 826 2036 aut
863 2004 1021 2047 praescri-

281 2060 381 2094 bendi
406 2069 534 2093 causam
560 2057 750 2102 acquisitam
765 2058 812 2090 vel
831 2057 1021 2101 acquisitum

283 2114 380 2148 fuisse
405 2114 455 2147 vel
481 2123 572 2153 esse,
600 2117 654 2145 aut
680 2111 952 2156 quandocumque
971 2121 1022 2145 ac-

283 2167 370 2212 quiri
395 2167 445 2200 vel
469 2170 657 2209 competere
683 2175 779 2208 posse
797 2191 805 2205 ,
831 2174 937 2208 neque
968 2164 1022 2197 illa

284 2219 388 2252 ullum
412 2222 531 2251 statum
563 2216 668 2250 facere
693 2216 745 2249 vel
779 2215 909 2255 fecisse,
943 2215 1019 2257 sed,

283 2271 420 2316 perinde
445 2281 482 2304 ac
506 2270 531 2303 si
549 2280 714 2314 nunquam
733 2274 951 2310 emanassent,
972 2270 1021 2302 vel

283 2325 366 2358 sacta
389 2335 454 2358 non
481 2323 636 2364 fuissent,
661 2333 721 2367 pro
747 2332 813 2356 non
838 2323 1021 2356 extantibus

285 2383 318 2411 et
340 2388 407 2411 non
432 2377 521 2410 factis
545 2381 707 2420 perpetuo
734 2375 846 2408 haberi
881 2376 1019 2416 debere,

284 2435 397 2464 tenore
421 2429 645 2473 praesentium
672 2429 885 2461 declaramus.
913 2429 949 2461 Et
973 2429 1022 2461 ni-

285 2483 472 2523 hilominus,
500 2484 538 2516 ad
557 2482 831 2516 abundantiorem
850 2483 1020 2523 cautelam,

1072 246 1165 288 gula,
1192 250 1301 285 motu,
1329 244 1485 284 seientia,
1513 244 1751 277 deliberatione
1778 255 1814 277 ac

1073 298 1242 342 potcstatis
1273 297 1475 341 plenitudine
1508 297 1656 340 paribus,
1683 297 1812 329 damna-

1072 363 1141 384 mus
1162 379 1169 392 ,
1197 351 1430 395 reprobamus,
1457 361 1618 383 cassamus
1645 355 1676 382 et
1700 351 1813 382 annul-

1072 405 1192 444 lamus,
1219 404 1409 447 viribusque
1436 409 1468 436 et
1493 402 1608 436 ctl'ectu
1635 403 1763 446 penitus
1782 408 1808 435 et

1071 457 1203 490 omnino
1228 467 1412 490 vacuamus.

1114 512 1129 554 g
1154 511 1184 543 5.
1212 510 1336 543 Firmas
1363 515 1533 554 praeterea
1558 520 1594 542 ac
1619 510 1721 542 salvas
1739 519 1811 542 esse

1070 565 1216 597 volumus
1242 570 1339 607 atque
1368 563 1573 596 decernimus
1591 573 1810 606 quascumque
1822 554 1876 598 {¹2:11ss

1071 627 1226 650 censuras
1252 623 1283 649 et
1308 626 1429 660 poenas
1456 616 1704 655 ecclesiasticas,
1731 626 1810 658 quas

1070 670 1091 702 ii
1118 681 1253 709 omnes,
1281 670 1334 713 qui
1362 670 1539 712 praemissa
1565 674 1810 712 perpetrarunt,

1070 725 1108 756 ab
1134 723 1296 766 episcopis
1323 723 1531 766 supradictis,
1560 723 1644 755 iuxta
1671 733 1809 765 eaquae

1069 776 1147 820 ipsis
1174 776 1406 814 mandavimus,
1432 776 1538 818 palam
1564 780 1596 807 et
1617 774 1747 817 publice
1770 774 1810 806 de

1069 839 1159 862 more
1187 828 1427 867 denunciandi,
1453 829 1501 861 vcl
1530 828 1638 860 forsan
1664 827 1725 859 iam
1758 827 1811 859 de-

1069 883 1234 922 nunciati,
1277 888 1340 914 tam
1380 882 1506 914 scilicet
1544 881 1596 925 qui
1638 887 1739 913 terras
1780 886 1811 913 et

1069 937 1138 969 loca
1165 936 1299 968 ducatus
1325 935 1529 978 supradicti,
1554 940 1589 967 ut
1612 934 1807 978 praefertur,

1069 989 1251 1029 invadere,
1288 989 1481 1032 perturbare
1520 993 1550 1020 et
1587 986 1809 1031 praenarratis

1069 1042 1174 1076 modis
1190 1052 1311 1081 vexare,
1332 1051 1426 1085 quam
1445 1041 1497 1084 qui
1517 1041 1685 1084 praedicta
1707 1051 1809 1073 onera

1068 1102 1100 1129 et
1124 1095 1307 1139 gravamina
1333 1095 1481 1138 personis
1506 1105 1542 1127 ac
1575 1094 1669 1127 bonis
1706 1094 1809 1126 ecele-

1068 1149 1205 1182 siasticis
1239 1149 1373 1181 ducatus
1406 1147 1591 1180 huiusmodi
1626 1148 1746 1180 inferre
1773 1152 1804 1180 et

1068 1203 1250 1246 imponere,
1267 1213 1325 1245 per
1339 1213 1371 1235 se
1390 1203 1437 1235 vel
1457 1202 1546 1241 alios,
1563 1202 1685 1234 directe
1699 1201 1748 1234 vel
1763 1201 1806 1233 in-

1067 1258 1203 1296 directe,
1223 1260 1523 1299 praesumpserunt,
1542 1265 1670 1288 necnon
1689 1255 1807 1287 adhae-

1067 1315 1195 1348 rentes,
1225 1309 1368 1341 fautores
1395 1313 1426 1340 et
1451 1308 1643 1340 defensores
1670 1318 1805 1348 eorum,

1067 1373 1122 1395 sen
1148 1363 1212 1395 illis
1237 1362 1410 1401 auxilium,
1437 1361 1611 1394 consilium
1645 1362 1694 1394 vel
1721 1362 1807 1394 favo-

1066 1426 1134 1448 rem
1161 1414 1407 1459 quomodolibet
1424 1419 1634 1458 praestantes,
1653 1425 1806 1457 quocum·

1066 1479 1127 1512 que
1159 1468 1284 1501 tandem
1311 1467 1413 1510 gradu
1439 1477 1495 1499 seu
1521 1467 1676 1509 dignitate
1713 1477 1806 1510 prae-

1065 1523 1224 1564 fulgeant,
1250 1525 1386 1564 propter
1403 1520 1515 1553 eadem
1534 1520 1711 1563 praemissa
1726 1531 1805 1564 quo-

1064 1575 1110 1607 vis
1136 1574 1234 1607 modo
1263 1574 1494 1614 incurrerunt,
1531 1584 1548 1606 a
1580 1573 1708 1616 quibus,
1733 1579 1806 1617 post

1066 1628 1206 1661 debitam
1233 1628 1424 1661 damnorum
1450 1628 1616 1660 illatorum
1653 1627 1805 1660 refectio-

1065 1692 1151 1721 nem,
1172 1692 1208 1714 ac
1228 1682 1306 1714 alias
1325 1681 1520 1724 condignam
1533 1680 1696 1713 Ecclesiae
1714 1691 1804 1724 prae-

1065 1735 1170 1768 stitam
1196 1734 1451 1767 satisfactionem
1470 1761 1477 1774 ,
1503 1733 1634 1766 nonnisi
1659 1744 1676 1766 a
1708 1734 1803 1767 nobis

1065 1793 1120 1820 aut
1144 1788 1289 1821 Romano
1315 1786 1472 1820 Pontifice
1497 1797 1556 1830 pro
1576 1792 1722 1830 tempore
1739 1787 1805 1819 exi-

1065 1847 1170 1874 stente
1197 1841 1444 1883 (praeterquam
1471 1839 1503 1872 in
1528 1839 1640 1872 mortis
1667 1839 1803 1873 articulo

1064 1894 1242 1935 constituti,
1262 1904 1321 1926 nec
1339 1892 1434 1926 etiam
1454 1898 1529 1925 tunc
1548 1893 1607 1925 nisi
1628 1893 1666 1925 de
1688 1893 1804 1926 stando

1063 1947 1226 1981 Ecclesiae
1252 1946 1412 1980 mandatis
1439 1951 1469 1979 et
1486 1945 1716 1978 satisfaciendo
1735 1955 1804 1978 cau-

1065 2001 1154 2035 tione
1180 2000 1354 2045 praestita,
1380 2005 1475 2043 atque
1500 2009 1571 2032 cum
1589 1998 1805 2032 reincidentia

1065 2066 1102 2089 eo
1126 2055 1197 2099 ipso
1216 2065 1280 2098 quo
1299 2053 1541 2096 convaluerint)
1567 2052 1690 2086 absolvi
1717 2058 1744 2085 et
1772 2053 1805 2085 li-

1065 2109 1171 2142 berari
1197 2108 1335 2141 valeant.

1120 2163 1134 2206 ξ
1170 2162 1202 2195 6.
1244 2161 1464 2194 Decernentes
1508 2159 1604 2194 ctiam
1621 2188 1628 2202 ‚
1672 2160 1804 2194 easdem

1065 2221 1256 2260 praesentes
1292 2215 1416 2248 litteras
1453 2219 1485 2248 et
1520 2214 1551 2246 in
1578 2214 1623 2246 eis
1655 2219 1806 2247 contenta

1065 2279 1306 2314 quaecumque,
1334 2268 1428 2302 etiam
1447 2278 1482 2301 ex
1503 2278 1540 2300 eo
1561 2267 1645 2310 quod
1669 2267 1805 2311 praefati

1065 2323 1174 2356 etalii
1201 2322 1395 2365 quicumque
1432 2320 1465 2353 in
1502 2320 1691 2364 praemissis
1723 2321 1806 2353 inte-

1065 2386 1153 2409 resse
1179 2375 1336 2408 habentes
1361 2384 1415 2407 seu
1442 2374 1562 2407 habere
1594 2373 1803 2417 quomodoli-

1064 2430 1120 2462 bet
1144 2428 1422 2472 praetendentes,
1458 2428 1553 2460 etiam
1589 2426 1739 2470 specifica
1775 2433 1807 2460 et

1065 2481 1230 2515 individua
1255 2481 1421 2514 mentione
1443 2480 1542 2523 digni,
1562 2480 1625 2513 illis
1645 2490 1710 2512 non
1729 2490 1806 2513 con-

287 2541 318 2572 et
342 2540 502 2580 quatenus
527 2545 610 2578 opus
636 2535 687 2575 sit,
708 2535 764 2568 illa
779 2535 887 2568 omnia
905 2541 936 2569 et
956 2536 1022 2569 sin·
1065 2535 1248 2576 senserint,
1276 2544 1337 2567 nec
1361 2534 1399 2567 ad
1426 2544 1464 2566 ea
1490 2533 1615 2574 vocati,
1647 2533 1734 2565 citati
1772 2538 1804 2566 et

319 2599 333 2626 1
355 2596 427 2626 Edit.
443 2595 524 2623 lllain.
540 2595 606 2631 legit
620 2596 834 2631 quomodolibet
847 2597 885 2632 (a.
901 2597 950 2632 τ.).

391 2651 470 2683 Buzz.
491 2650 576 2680 Rom.
597 2665 629 2670 -—
653 2649 713 2678 Vol.
735 2649 812 2678 XXI.
956 2651 989 2679 38

1065 2588 1188 2631 auditi,
1228 2598 1336 2633 neque
1373 2597 1517 2629 causae,
1556 2591 1690 2630 propter
1723 2596 1802 2630 quas

1713 187 1776 221 297
1823 197 1870 222 An.
1894 196 1920 222 C.
1942 196 2006 223 ¹707

1848 521 1961 543 Deci-etum
1974 523 2007 543 sst-

1844 558 1847 569 ι
1861 554 1900 571 atis
1909 558 2008 574 censura-

1841 2166 1964 2190 Clausulas.
