2269 3203
169 302 188 310 2.
213 282 279 310 1722

878 276 1088 303 {NNOCENTIUS
1113 275 1169 301 xm
1196 276 1245 301 1³9.

282 332 372 366 hisce
409 332 604 379 praesertim
641 340 749 364 rerum
782 334 813 362 et
839 333 1021 372 temporum

285 385 528 418 difficultatibus
554 385 683 418 illarum
708 387 861 428 parentes
889 387 919 415 et
948 392 1049 415 con-.

284 438 456 481 sanguinei
482 448 579 481 aegre
605 437 780 471 subvenire
807 436 925 475 valent,
953 432 1049 467 irre-³

285 491 417 535 pserint,
454 502 514 535 pro
550 492 706 535 paterna,
733 500 829 534 quam
855 489 886 521 in
913 498 1026 522 omnes
1048 512 1049 515 η

286 544 516 578 christifideles
536 544 693 588 gerimus,
716 544 791 576 cura
813 548 845 575 et
869 542 1026 575 sollicitu-

287 598 361 632 dine
402 605 622 642 opportunum
665 598 804 640 desuper
846 595 1026 629 remedium
1048 596 1050 621 ἕ

287 652 438 685 adhiberi
463 653 617 693 volentes,
643 662 679 685 ac
705 652 744 684 de
777 652 829 683 tua
854 650 927 691 fide,
953 660 1028 693 pru-
1049 669 1050 676 κ

288 705 407 746 dentia,
449 705 635 748 integritate.
673 710 704 738 et
743 704 913 747 religionis
958 703 1027 736 zelo
1049 735 1051 753 a

287 758 460 802 plurimam
486 759 645 792 habentes
663 759 694 792 in
712 758 848 792 Domino
867 757 1028 796 fiduciam,
1049 780 1051 786 i

288 812 394 845 eidem
436 813 629 845 fraternitati
670 818 744 845 tuae
788 811 902 844 harum
944 810 1027 843 serie
1050 802 1051 832 ἶ

289 865 522 898 committimus
543 871 573 899 et
600 865 809 905 mandamus,
829 870 863 897 ut
885 864 1029 906 singulo-

288 929 358 951 rum
384 918 654 952 monasteriorum
691 918 802 962 oppidi
830 923 861 951 et
893 916 1052 950 dominiii

288 971 716 1014 praedictorumredditibus
729 977 759 1004 et
774 969 1029 1013 oneribusprius
1050 978 1052 987 t

289 1024 463 1068 diligenter
488 1026 652 1070 inspectis,
679 1036 814 1058 numero
841 1023 1028 1058 monialium
1050 1031 1052 1065 ξ

290 1078 321 1110 in
347 1079 495 1122 quolibet
511 1080 709 1113 monasterio
728 1090 788 1123 per
806 1079 935 1112 decreta
949 1077 1028 1110 sacri

290 1131 424 1165 Concilii
443 1132 623 1166 Tridentini
646 1133 848 1177 praescripto
878 1141 1031 1175 praesen-

291 1185 436 1229 tiumque
469 1191 653 1230 temporum
691 1185 880 1219 conditione
907 1189 1029 1217 mature

290 1239 515 1279 consideratis,
542 1240 655 1273 eadem
681 1239 826 1271 subsidia
854 1248 909 1271 seu
944 1239 1030 1270 elee-

291 1302 442 1335 mosynas
469 1292 595 1326 dotales
619 1293 650 1325 in
677 1301 875 1335 unoquoque
905 1302 941 1323 ex
968 1288 1053 1323 ino-¹

289 1345 441 1377 nasteriis
469 1345 804 1385 liuiusinodi,tametsi
832 1345 871 1377 ab
896 1344 1032 1377 Ordina-

290 1398 412 1430 riorum
443 1399 668 1432 iurisdictione
696 1405 844 1442 exempta
869 1403 901 1431 et
926 1398 1029 1431 dictae

288 1451 363 1484 Sedi
389 1451 577 1485 immediate
603 1452 747 1485 subiecta
777 1452 892 1492 forent,
929 1451 1031 1494 impo-

289 1510 408 1538 sterum
439 1505 687 1546 contribuenda‚
725 1516 785 1549 pro
817 1511 869 1538 tuo
896 1505 1030 1537 arbitrio

291 1564 323 1591 et
347 1559 557 1599 conscientia,
584 1559 777 1592 auctoritate
803 1560 910 1592 nostra
937 1568 1031 1602 prae-

291 1611 376 1644 dicta
402 1617 532 1652 statuas,
558 1617 646 1645 taxes
681 1617 711 1644 et
746 1612 957 1652 deterinines;
995 1611 1032 1644 li-

291 1665 382 1698 rellis
408 1676 548 1709 quoque,
575 1665 731 1699 annuisve
757 1665 1031 1709 praestationibus

289 1719 479 1752 monialium
505 1720 537 1752 in
564 1719 680 1752 iisdem
712 1719 917 1752 monasteriis
943 1719 1028 1752 dein-

290 1783 367 1816 ceps
392 1773 665 1817 reeipiendarum,
692 1779 848 1816 quatenus
886 1783 1033 1805 necessa-

290 1825 357 1858 riae
383 1831 479 1869 atque
506 1826 676 1869 religionis
702 1836 761 1858 usu
788 1831 937 1868 receptae
959 1825 1030 1863 sint,

290 1880 421 1913 modum
448 1880 606 1923 imponas,
633 1891 669 1913 ac
699 1885 818 1913 certam
855 1884 887 1912 et
924 1880 1033 1912 mode-

291 1938 391 1966 ratam
410 1932 533 1966 taxam¹
555 1933 755 1972 constitnas;
780 1943 936 1976 expensas
958 1942 1032 1965 vero

291 1996 347 2019 seu
373 1985 648 2027 contributiones,
671 1996 760 2029 quas,
780 1996 851 2018 cum
872 1987 1032 2019 moniales
1052 2005 1054 2010 ·

291 2039 330 2072 ad
357 2039 504 2073 habitum
530 2040 580 2072 vel
599 2040 837 2082 professionem
860 2040 1032 2074 admittun-

292 2098 351 2133 tur,
379 2093 445 2126 sive
471 2104 530 2136 pro
557 2093 720 2133 conviviis,
747 2093 813 2126 sive
847 2094 878 2126 in
912 2093 1033 2126 utilita-

292 2153 354 2180 tem
381 2146 545 2179 sacristiae
571 2152 623 2178 aut
645 2147 789 2190 ipsorum
819 2147 1033 2180 monasterio-

290 2211 372 2242 rum,
402 2210 468 2233 non
502 2199 571 2232 sine
597 2199 682 2243 gravi
718 2210 829 2233 earum
862 2205 1031 2243 parentum

292 2259 323 2287 et.
335 2254 652 2297 consanguineorum
676 2253 847 2296 dispendio
866 2258 897 2286 et
916 2253 1033 2286 incom—

291 2307 400 2348 modo,
426 2308 587 2341 hactenus
613 2307 682 2340 fieri
707 2317 775 2340 mos
801 2307 944 2347 invaluit,
972 2317 1031 2351 pro

293 2365 347 2394 tuo
372 2361 493 2404 pariter
517 2361 650 2394 arbitrio
677 2366 707 2394 et
732 2360 946 2400 conscientia,
965 2371 1032 2393 mo-

293 2413 417 2447 dereris
442 2424 499 2447 seu
525 2415 696 2447 reformes:
727 2424 785 2447 nos
811 2414 897 2447 enim
922 2425 1032 2458 quam-

293 2477 430 2511 cumque
454 2467 670 2501 necessariam
697 2473 729 2501 et
753 2473 971 2512 opportunam
993 2467 1031 2500 ad

291 2520 474 2564 praemissa
494 2520 678 2554 facultatem
705 2526 736 2555 et
761 2526 956 2564 potestatem
974 2520 1030 2553 tibi

292 2573 483 2607 auctoritate
519 2579 551 2606 et
580 2579 692 2608 tenore
718 2574 892 2618 praedictis
919 2573 1033 2607 tribui-

292 2638 364 2661 mus
390 2633 422 2660 et
446 2626 663 2671 impertimur.

330 2692 340 2719 t
364 2689 434 2718 Edit.
457 2690 541 2718 Main.
563 2689 627 2726 legit
649 2692 733 2717 tantas
753 2691 791 2728 (n.
814 2692 862 2723 T.).

1708 266 1766 300 901

1114 327 1128 370 ξ
1160 326 1191 359 5.
1212 326 1432 359 Decernentes
1455 325 1499 357 sic
1524 330 1557 358 et
1581 334 1645 357 non
1665 324 1758 357 aliter
1779 325 1810 357 in

1069 380 1264 424 praemissis¹
1291 390 1349 424 per
1374 389 1595 423 quoscumque
1614 378 1738 411 iudices
1765 389 1813 411 or—

1070 434 1215 467 dinarios
1227 440 1253 467 et
1269 434 1447 476 delegatos,
1465 433 1560 465 etiam
1576 442 1748 465 causarum
1763 443 1811 475 pa-

1070 487 1137 521 latii
1154 487 1322 531 apostolici
1339 487 1513 526 auditores,
1530 496 1565 518 ac
1580 485 1694 518 S.R.E.
1714 485 1814 517 cardi-

1048 568 1050 573 Α
1070 543 1171 582 nales,
1187 541 1285 574 etiam
1306 542 1344 573 de
1364 542 1463 574 latere
1481 541 1606 582 legatos
1622 545 1653 572 et
1668 539 1813 572 eiusdem

1071 595 1162 629 Sedis
1181 595 1327 633 nuncios,
1348 594 1469 627 aliosve
1485 593 1649 638 quoslibet
1663 602 1815 636 quaeum-

1072 660 1135 693 que
1151 648 1407 693 praeeminentia
1423 652 1453 680 et
1471 652 1630 691 potestate
1642 646 1815 688 fungentes

1072 708 1104 734 et
1128 702 1308 741 functuros‚
1332 700 1456 733 sublata
1483 700 1529 733 eis
1550 705 1580 733 et
1606 710 1729 738 eorum,
1752 699 1816 731 eui-

1073 757 1153 789 libet
1171 755 1283 799 quavis
1303 755 1397 787 aliter
1416 753 1581 787 iudicandi
1603 760 1633 786 et
1654 753 1817 796 interpre-

1075 809 1158 842 tandi
1179 809 1329 842 facultate
1348 814 1377 841 et
1403 807 1605 846 auctoritate,
1627 805 1764 840 iudicari
1786 811 1817 838 et

1074 861 1202 895 definiri
1233 862 1364 902 debere,
1388 871 1424 894 ae
1454 860 1579 893 irritum
1611 865 1643 893 et
1670 859 1765 891 inane
1790 858 1814 891 si

1074 927 1167 950 secus
1188 926 1247 960 per
1269 915 1320 948 liis
1339 926 1355 948 a
1375 924 1549 958 quoquam,
1570 913 1681 958 quavis
1709 918 1817 945 aueto-

1075 970 1181 1010 ritate,
1198 969 1341 1002 scienter
1356 969 1405 1002 vel
1425 967 1626 1011 ignoranter,
1643 965 1816 1009 contigerit

1075 1022 1237 1057 attentari.

1119 1077 1133 1120 g
1158 1075 1189 1109 6.
1217 1075 1286 1109 Non
1313 1075 1519 1109 obstantibus
1544 1073 1752 1118 praemissis,
1781 1083 1816 1106 ac

1075 1129 1264 1174 apostolicis
1292 1134 1322 1162 et
1352 1129 1383 1161 in
1415 1127 1655 1161 universalibus
1685 1126 1815 1171 provin-

1051 1185 1053 1239 }
1075 1183 1277 1226 cialibusque
1297 1188 1327 1216 et
1345 1181 1556 1226 synodalibus
1577 1180 1724 1214 conciliis
1750 1179 1816 1213 edi—

1077 1237 1126 1277 tIS,
1152 1236 1361 1280 generalibus
1382 1236 1430 1269 vel
1458 1235 1662 1279 specialibus,
1690 1233 1817 1267 consti-

1076 1291 1258 1324 tutionibus
1300 1296 1329 1323 et
1367 1289 1648 1328 ordinationibus,
1689 1297 1817 1321 necnon

1075 1344 1316 1388 praedictorum
1353 1343 1650 1383 monasteriorum,
1682 1347 1713 1374 et
1745 1340 1816 1374 aliis

1076 1398 1252 1442 quibusvis,
1281 1398 1375 1430 etiam
1403 1397 1606 1437 iuramento,
1644 1395 1818 1429 confirma-

1077 1451 1165 1484 tione
1203 1451 1403 1495 apostolica,
1448 1456 1501 1483 aut
1526 1450 1637 1493 quavis
1663 1449 1817 1482 firmitate

1075 1506 1138 1538 alia
1161 1505 1335 1544 roboratis,
1361 1504 1489 1537 statutis
1517 1509 1548 1536 et
1573 1502 1819 1536 consuetudini-

1075 1559 1154 1599 bus,
1181 1569 1217 1591 ac
1242 1558 1352 1590 usibus
1380 1562 1411 1590 et
1444 1557 1533 1600 stylis
1570 1557 1666 1589 etiam
1706 1556 1818 1588 imme-

1076 1612 1302 1653 morabilibus,
1331 1611 1511 1655 privilegiis
1537 1621 1678 1654 quoque,
1717 1609 1819 1642 indul·

1076 1666 1115 1699 tis
1136 1670 1166 1700 et
1187 1666 1305 1699 litteris
1325 1665 1524 1709 apostolicis,
1544 1665 1665 1697 eisdem
1691 1673 1819 1696 monas-

1078 1719 1176 1759 teriis,
1205 1719 1400 1761 illorumque
1425 1717 1664 1761 superiorissis,
1689 1715 1816 1749 monia-

1077 1773 1182 1812 libus,
1210 1777 1241 1805 et
1267 1772 1338 1805 aliis
1364 1771 1532 1815 quibusvis
1566 1769 1732 1814 personis,
1760 1769 1818 1802 sub

1077 1826 1338 1869 quibuscumque
1374 1825 1547 1858 verborum
1583 1823 1754 1856 tenoribus
1790 1828 1821 1856 et

1078 1880 1199 1919 formis,
1237 1890 1273 1912 ac
1310 1890 1382 1912 eum
1408 1878 1576 1922 quibusvis
1603 1878 1698 1910 etiam
1725 1877 1820 1910 dero-

1052 1969 1054 1974 ,
1076 1933 1274 1977 gatoriarum
1301 1931 1527 1976 derogatoriis‚
1553 1931 1692 1974 aliisque
1714 1929 1819 1963 effica-

1077 1987 1230 2028 cioribus,
1256 1985 1487 2019 efficacissimis
1514 1990 1545 2018 et
1570 1984 1708 2017 insolitis
1734 1984 1821 2017 clau-

1077 2040 1155 2073 sulis
1181 2045 1212 2072 et
1234 2039 1382 2079 decretis,
1402 2038 1433 2072 in
1453 2048 1573 2081 genere
1589 2038 1640 2071 vel
1659 2037 1690 2070 in
1710 2036 1818 2080 specie

1078 2093 1109 2126 in
1136 2093 1337 2127 contrarium
1364 2093 1618 2137 praemissorum
1640 2091 1822 2135 quomodo-

1077 2147 1156 2180 libet
1175 2146 1352 2188 concessis,
1378 2145 1575 2179 confirmatis
1595 2145 1817 2184 etinnovatis3

1078 2201 1198 2244 quibus
1229 2200 1378 2234 omnibus
1397 2206 1430 2233 et
1454 2199 1592 2243 singulis
1614 2197 1684 2232 etc.¹

1121 2255 1135 2297 ἓ
1161 2253 1191 2287 7.
1218 2254 1373 2287 Volumus
1407 2257 1528 2293 autem,
1565 2258 1599 2285 ut
1632 2251 1818 2285 earumdem

1076 2307 1297 2351 praesentium
1310 2307 1494 2340 litterarum
1509 2305 1730 2348 transumptis,
1742 2302 1820 2337 etc.⁴¹

1120 2360 1234 2394 Datum
1252 2360 1385 2400 Romae,
1409 2359 1494 2403 apud
1516 2359 1547 2391 S.
1567 2358 1697 2392 Mariam
1718 2357 1818 2390 Maio-

1078 2426 1146 2447 rem
1163 2414 1222 2447 sub
1237 2414 1357 2447 annulo
1373 2413 1557 2452 piscatoris,
1574 2412 1625 2445 die
1640 2422 1722 2445 xxvii
1740 2421 1819 2444 mar-

1077 2468 1110 2500 tii
1137 2477 1299 2507 noccxxn,
1326 2465 1538 2511 pontificatus
1564 2465 1669 2498 nostri
1691 2474 1776 2497 anno
1795 2473 1817 2495 1.

1112 2529 1171 2555 Dat.
1196 2529 1240 2556 die
1261 2529 1293 2555 27
1315 2528 1403 2555 martii
1427 2527 1513 2560 1722,
1536 2526 1634 2561 pontif.
1659 2533 1730 2552 anno
1752 2531 1769 2550 1.

1113 2592 1122 2617 1
1148 2590 1180 2617 Ut
1196 2599 1278 2626 supra
1294 2598 1355 2626 pag.
1374 2589 1425 2617 703
1441 2598 1457 2616 α
1473 2591 1512 2623 (R.
1530 2592 1580 2620 r).

1111 2634 1127 2662 2
1147 2634 1180 2662 Ut
1195 2643 1278 2671 snpra
1293 2643 1355 2670 pag.
1374 2633 1426 2661 704
1441 2642 1458 2660 α
1475 2638 1513 2666 tn.
1529 2633 1579 2666 Γ),

1820 276 1869 302 An.
1888 275 1916 302 C.
1937 275 2008 303 4722

1850 338 1972 359 clausulae.

1854 1082 1949 1101 eonii-:iri

1827 1108 1944 1133 derogatio.

1954 1087 2011 1101 [ti-[lm

1873 2253 1934 2273 Fam
1962 2254 2017 2272 tran·

1832 2283 1968 2306 sumptus-ini,
