2269 3203
1010 212 1190 238 BULLARIUM
1215 212 1371 238 ROMANUM
1962 210 2011 237 An.
2030 210 2057 238 C.
2075 211 2144 239 1708

1213 261 1328 292 decreta
1357 260 1504 302 praedicta
1534 259 1773 299 Congregationis
1795 260 1953 300 particula·

1212 310 1263 349 ris,
1288 314 1315 340 et
1338 310 1452 340 censuit
1474 318 1506 339 ac
1528 308 1686 339 declaravit
1701 308 1873 338 servandam
1890 317 1953 338 esse

1190 375 1192 387 ι
1213 360 1335 388 formam
1358 358 1568 398 praescriptam
1592 357 1621 388 in
1645 357 1803 397 pontificali
1832 365 1953 386 romano

1213 417 1265 447 pro
1287 407 1440 437 abbatibus
1462 407 1616 446 exemptis.
1647 407 1767 443 Romae,
1793 415 1829 435 xx
1851 405 1954 445 aprilis

1212 465 1351 487 MDCCVHI.
1375 475 1414 479 —
1435 456 1469 486 G.
1490 456 1569 486 card.
1589 456 1765 486 CAnrineus.
1789 473 1828 479 —-
1849 455 1955 485 Fenni-

1213 514 1327 535 munus
1349 505 1589 544 archiepiscopus
1610 505 1766 535 Nicaenus.

239 211 289 239 An.
306 213 335 240 c.
359 212 425 240 1708
471 203 535 237 318

764 261 841 296 CXI.

432 350 655 392 Confirmatio·
677 351 838 384 decretum
862 352 1133 395 Congyreqationis
1146 361 1172 384 e-

473 404 679 447 piscoporum
711 409 739 437 et
770 404 976 447 γεῃτιίανίωη
1009 404 1046 436 (Ie
1077 405 1170 436 iura-

475 461 581 489 mento
594 458 630 489 in
643 457 796 490 abbatum
823 457 1094 490 benedictionibus
1111 467 1170 499 pro

475 510 731 554 Conyreyaeione
753 508 1168 544 Benedictino-Bavari'ca'.

1258 582 1273 624 ἓ
1299 580 1330 613 2.
1359 579 1436 614 Cum
1463 584 1582 620 autem,
1608 580 1690 612 sicut
1713 589 1774 623 pro
1799 584 1891 622 parte
1913 577 1956 612 di-

1214 639 1339 667 ctorum
1361 633 1523 677 praesidis
1550 638 1582 666 ct
1598 632 1749 665 abbatum
1767 631 1953 675 praedictae

1213 686 1484 730 Congregationis
1502 685 1676 719 Bavaricae
1694 685 1790 719 nobis
1818 684 1955 718 subinde

1213 740 1392 784 expositum
1413 740 1481 780 suit,
1497 739 1556 783 ipsi
1575 739 1741 772 decretum
1757 737 1954 779 huiusmodi,

1212 804 1275 836 quo
1301 793 1423 826 firmius
1449 792 1606 826 subsistat
1642 797 1673 825 et
1710 797 1853 826 servetur
1884 802 1956 825 exa-

2014 590 2148 612 Confirmatio

1966 617 2028 638 rclali
2043 618 2132 638 decreti.

648 591 781 618 Clemens
802 591 881 624 Papa
900 591 950 624 XI,

572 635 608 661 ad
628 635 762 662 futuram
784 636 829 663 rei
848 635 1027 662 memoriam.

263 716 297 737 iii«
309 718 352 736 naa
368 717 421 747 inti
475 706 490 750 ἓ
507 706 538 739 l.
558 706 725 739 Enianavit
749 717 855 749 nuper
876 718 893 739 a
909 705 1169 749 Congregatione

236 744 665 795 &121³'21ps585321venerabilium
684 760 819 792 fratrum
837 766 1023 793 nostrorum
1041 760 1073 793 S.
1086 759 1166 793 RE.

235 797 283 816 dam
300 798 419 822 episcopos.
513 813 518 818 .
582 812 586 818 .
768 813 786 818 ..
1041 814 1046 818 .
1098 813 1103 818 .

431 813 644 846 cardinalium
667 819 805 856 negotiis
824 819 856 846 et
873 814 1169 846 consultationibus

247 1467 358 1488 Deci-atum
367 1467 419 1489 Con-

234 1495 369 1520 gregationis.

430 865 662 908 episcoporum
688 872 719 898 et
745 865 940 908 regularium
966 866 1168 909 praeposita,

429 919 462 950 in
483 917 578 951 causa
603 918 867 951 benedictionum
893 929 1049 951 novorum
1075 919 1169 951 abba-

428 977 493 1004 tum
519 976 551 1004 et
575 971 748 1004 iuramenti
774 971 807 1004 in
833 971 961 1004 illarum
979 977 1054 1004 actu
1079 982 1170 1015 prae-

428 1024 553 1063 standi,
582 1025 668 1057 inter
701 1025 839 1057 dilectos
866 1024 948 1058 filios
974 1025 1168 1058 modernum

428 1077 610 1120 praesidem
627 1083 658 1110 et
674 1077 809 1110 abbates
827 1077 1096 1121 Congregationis
1111 1078 1169 1111 Ba-

426 1130 552 1162 varicae
578 1131 814 1163 monachorum
839 1131 968 1164 Ordinis
994 1131 1093 1164 sancti
1109 1132 1169 1164 Be-

427 1183 564 1224 nedicti,
590 1194 625 1216 ex
653 1186 730 1224 una,
759 1190 790 1217 et
813 1185 1017 1218 venerabiles
1053 1186 1168 1219 fratres

425 1237 619 1270 modernum
660 1238 884 1280 Augustanum
927 1239 1168 1282 nonnullosque

426 1290 506 1323 alios
532 1291 716 1334 episcopos,
739 1302 775 1323 cx
802 1291 902 1324 altera
927 1292 1086 1335 partibuS‚
1105 1303 1169 1325 ver-

428 1349 535 1384 tente,
570 1345 738 1377 decretum
766 1345 888 1378 tenoris
923 1347 977 1389 qui
1007 1345 1166 1389 sequitur,

427 1397 597 1431 videlicet:

469 1460 500 1490 ln
522 1462 608 1490 causa
631 1465 762 1492 vertente
783 1462 860 1492 inter
880 1467 978 1502 patres
1008 1464 1169 1502 praesidem

429 1513 457 1540 et
478 1509 599 1540 abbates
620 1516 770 1550 exemptae
792 1511 1031 1550 Congregationis
1049 1513 1172 1544 Benedi-

429 1558 692 1594 ctino-Bavaricae‚
711 1560 931 1598 praetendentes
946 1561 975 1590 in
991 1561 1171 1592 benedictio-

427 1606 515 1637 nibus
537 1608 619 1637 novis
641 1608 795 1638 abbatibus
817 1609 1020 1648 impartiendis
1045 1611 1080 1641 ab
1110 1611 1171 1651 epi-

427 1656 534 1695 scopis,
554 1661 701 1696 tamquam
718 1657 799 1687 Sedis
815 1658 998 1697 Apostolicae
1015 1659 1168 1698 delegatis,

428 1715 518 1735 novos
540 1705 659 1736 abbates
682 1716 739 1737 non
763 1709 856 1737 teneri
878 1708 912 1737 ad
929 1708 1007 1738 aliud
1024 1709 1170 1739 iuramen-

428 1758 501 1793 tum,
519 1764 606 1794 quam
623 1755 657 1785 ad
673 1755 745 1786 illud
761 1760 931 1786 contentum
954 1757 983 1787 in
1010 1758 1169 1797 pontificali

428 1812 570 1841 romano,
594 1804 673 1834 iuxta
705 1805 820 1835 decreta
844 1806 1084 1845 Coiigregationis
1107 1817 1171 1846 pai·-

427 1852 558 1882 ticularis
574 1853 619 1883 die
635 1862 682 1883 xiv
698 1853 823 1884 ianuarii
840 1863 1028 1893 iinctxxxvii,
1047 1866 1082 1885 ex
1098 1857 1168 1894 una,

427 1904 455 1929 et
466 1900 635 1940 episcopum
647 1902 849 1940 Augustanum
871 1904 1085 1944 nonnullosque
1098 1905 1170 1935 alios

428 1949 591 1989 episcopos,
609 1952 786 1981 sustinentes
803 1962 893 1983 novos
909 1953 1027 1984 abbates
1050 1954 1079 1983 in
1103 1959 1169 1984 actii

428 1996 572 2028 dictarum
595 1999 832 2031 benedictionum
850 2003 943 2032 teneri
960 2006 1110 2041 praestare
1126 2003 1170 2032 iu-

427 2052 590 2077 ramentum
625 2049 784 2085 tidelstatis,
818 2050 1010 2081 subiectionis
1041 2057 1068 2081 et
1090 2061 1171 2082 reve-

427 2097 539 2126 rentiae
562 2097 633 2135 ipsis
655 2098 799 2138 episcopis
828 2109 989 2139 eorumque
1016 2101 1168 2139 ecclesiis,

427 2144 560 2186 partibus
583 2155 617 2175 ex
639 2147 731 2176 altera
745 2171 752 2185 ‚
784 2157 865 2177 sacra
889 2149 1078 2187 Coiigregatio
1101 2150 1170 2179 emi-

427 2194 667 2226 nentissimorum
684 2201 712 2226 et
727 2197 1038 2227 reverendissimorum
1061 2198 1167 2229 S.R.E.

427 2244 619 2275 cardinalium
637 2245 761 2282 negotiis
783 2250 810 2275 et
833 2246 1094 2276 consultationibus
1110 2248 1170 2286 epi-

427 2302 580 2333 scoporum
597 2298 624 2323 et
640 2293 820 2331 regularium
838 2296 1013 2334 praeposita,
1039 2296 1168 2335 partibus

427 2342 496 2372 hinc
529 2342 596 2373 inde
629 2342 747 2381 auditis,
771 2343 913 2373 referente
936 2344 1168 2374 eminentissimo

427 2391 583 2431 Sperello,
617 2391 765 2421 mandavit
801 2391 966 2421 executioni
998 2390 1168 2422 demandari

465 2478 473 2502 1
498 2476 649 2503 Innoceiitii
666 2475 700 2503 XI
721 2480 807 2503 const.
824 2476 867 2504 ed.
885 2483 1056 2511 mociixxxvu,
1074 2477 1117 2504 die
1133 2476 1162 2503 Ξῖ

428 2521 528 2555 martii,
551 2520 644 2556 pontif.
666 2527 701 2556 xl,
722 2521 896 2548 confirmatur
925 2521 1066 2548 decretum
1087 2529 1168 2556 super

428 2564 518 2592 dubiis
538 2564 609 2592 circa
628 2565 833 2593 constitutiones
860 2573 907 2600 pro
938 2566 1037 2592 nuncio
1069 2565 1169 2593 Helve-

431 2614 538 2637 tiorum.

1214 846 1309 887 etius,
1331 846 1531 890 apostolieae
1549 845 1806 879 confirmationis
1825 851 1955 879 nostrae

1212 899 1396 942 patrocinio
1414 898 1607 932 communiri
1625 899 1802 942 plurimum
1830 898 1957 932 deside-

1213 957 1302 984 rent:
1324 962 1391 992 nos,
1413 952 1587 995 specialem
1613 952 1690 995 ipsis
1716 951 1955 995 exponentibus

1213 1005 1348 1047 gratiam
1374 1005 1480 1038 facere
1512 1006 1665 1045 volentes,
1692 1010 1723 1038 et
1748 1015 1861 1038 eorum
1891 1006 1956 1037 sin-

1213 1059 1341 1100 gulares
1360 1068 1520 1101 personas
1545 1068 1562 1090 a
1587 1057 1755 1101 quibusvis
1772 1068 1956 1091 excommu-

1212 1111 1397 1151 nicationis,
1434 1111 1661 1154 suspensionis
1701 1115 1733 1144 et
1771 1110 1954 1151 interdicti,

1212 1164 1349 1207 aliisque
1374 1163 1604 1198 ecclesiasticis
1625 1164 1806 1204 sententiis,
1835 1175 1952 1197 censu-

1212 1216 1255 1249 ris
1285 1222 1317 1250 et
1348 1216 1480 1260 poenis,
1512 1228 1529 1250 a
1554 1216 1624 1249 iure
1656 1217 1706 1250 vel
1733 1217 1772 1249 ab
1797 1217 1951 1257 homine,

1213 1270 1325 1314 quavis
1343 1270 1514 1304 occasione
1532 1271 1582 1304 vel
1596 1272 1692 1303 causa
1703 1270 1787 1310 latis,
1799 1270 1824 1303 si
1839 1270 1955 1314 quibus

1212 1324 1463 1368 quomodolibet
1481 1324 1656 1358 innodatae
1682 1324 1835 1365 existunt,
1855 1324 1894 1357 ad
1914 1324 1957 1356 es-

1213 1379 1331 1411 sectum
1341 1378 1563 1422 praesentium
1576 1378 1742 1411 dumtaxat
1754 1388 1957 1421 consequen-

1213 1432 1425 1471 dum,liarum
1446 1431 1531 1465 serie
1549 1432 1758 1464 absolventes
1782 1436 1815 1464 et
1832 1431 1957 1464 absolu-

1212 1489 1258 1517 tas
1283 1485 1352 1518 sore
1375 1490 1558 1525 censentes,
1584 1484 1879 1528 supplicationibus
1904 1496 1957 1519 eo-

1213 1549 1283 1572 rum
1309 1538 1443 1572 nomine
1469 1538 1564 1572 nobis
1581 1549 1682 1582 super
1706 1539 1769 1572 hoc
1788 1538 1958 1572 humiliter

1213 1592 1371 1635 porrectis
1398 1592 1556 1633 inclinati,
1583 1593 1747 1625 decretum
1772 1592 1956 1636 praeinser-

1212 1649 1286 1685 tum,
1314 1645 1506 1678 auctoritate
1524 1645 1712 1688 apostolica,
1731 1650 1847 1678 tenore
1864 1655 1957 1688 prae-

1213 1699 1353 1732 sentium
1371 1726 1378 1738 ,
1418 1699 1636 1742 approbamus
1662 1704 1694 1732 et
1717 1697 1955 1739 confirmamus,

1213 1753 1327 1796 illique
1358 1752 1556 1785 inviolabilis
1581 1752 1779 1795 apostolicae
1797 1752 1957 1785 firmitatis

1215 1807 1312 1839 robur
1343 1805 1540 1845 adiicimus,
1574 1805 1661 1838 salva
1695 1810 1801 1838 tamen
1828 1815 1957 1849 semper

1214 1860 1245 1891 in
1262 1859 1446 1902 praemissis
1464 1859 1656 1892 auctoritate
1672 1864 1867 1891 memoratae
1878 1857 1956 1891 Con-

1215 1912 1414 1956 gregationis
1433 1912 1661 1945 cardinalium.

1258 1967 1272 2010 ἓ
1304 1966 1335 1999 3.
1356 1967 1588 2006 Decernentes,
1612 1966 1740 1999 easdem
1766 1971 1956 2009 praesentes
1995 1971 2114 1993 mansula·-

1214 2020 1339 2053 litteras
1354 2030 1481 2062 semper
1496 2019 1614 2060 firmas,
1625 2019 1746 2052 validas
1763 2024 1795 2052 et
1811 2019 1956 2052 efficaces

1214 2073 1355 2106 existere
1381 2077 1413 2105 et
1438 2073 1507 2105 sore
1525 2099 1532 2111 ,
1568 2083 1706 2115 suosque
1731 2072 1899 2116 plenarios
1925 2077 1956 2105 et

1213 2125 1360 2168 integros
1388 2124 1518 2158 effectus
1545 2125 1657 2159 sortiri
1679 2130 1711 2158 et
1734 2125 1895 2166 obtinere,
1921 2135 1957 2158 ac

1214 2179 1295 2218 illis,
1326 2179 1364 2211 ad
1394 2189 1473 2221 quos
1502 2183 1628 2221 spectat
1657 2183 1689 2211 et
1718 2188 1777 2221 pro
1810 2184 1956 2221 tempore

1214 2232 1488 2274 quandocumque
1509 2231 1679 2274 spectabit,
1699 2231 1730 2263 in
1749 2230 1900 2264 omnibus
1926 2236 1955 2264 et

1214 2295 1271 2327 per
1296 2285 1406 2317 omnia
1431 2284 1625 2327 plenissime
1651 2282 1830 2326 suffragari,
1858 2290 1891 2317 et
1916 2285 1956 2317 ab

1213 2338 1258 2370 eis
1291 2337 1473 2380 respective
1504 2336 1734 2369 inviolabiliter
1763 2337 1954 2377 observari,

1213 2389 1324 2432 sicque
1359 2390 1391 2422 in
1425 2388 1611 2432 praemissis
1643 2399 1702 2432 per
1734 2400 1957 2433 quoscumque

1212 2442 1337 2476 iudices
1369 2442 1556 2476 ordinarios
1590 2449 1622 2476 et
1652 2443 1830 2485 delegatos,
1860 2443 1957 2476 etiam

1212 2506 1381 2529 causarum
1415 2496 1527 2539 palatii
1560 2497 1729 2540 apostolici
1769 2497 1954 2537 auditores,

1213 2549 1348 2582 iudicari
1371 2554 1402 2581 et
1422 2548 1548 2582 definiri
1571 2549 1703 2589 debere,
1725 2560 1762 2582 ac
1778 2549 1904 2582 irritum
1926 2554 1958 2582 et

1213 2603 1319 2644 inane,
1357 2603 1383 2636 si
1412 2613 1503 2636 secus
1536 2613 1634 2645 super
1666 2603 1716 2636 liis
1741 2613 1757 2636 a
1782 2613 1956 2647 quoquam,
