2269 3203
253 240 305 266 An.
325 238 355 267 C.
371 239 434 265 1701

322 878 436 902 Βοῖος-’ΜΟ

251 907 414 925 contrariorum.

485 229 528 263 36

444 291 517 330 gat,
543 286 676 319 omnino
713 296 840 330 semper
875 286 908 318 in
934 285 1104 329 pristinum
1131 294 1181 317 re-

445 340 539 383 poni;
555 339 811 373 contradictores
826 338 986 382 quoslibet
1000 343 1032 371 et
1045 337 1183 370 rebelles

446 393 540 426 etiam
566 404 625 437 per
656 403 875 436 quascumque
892 419 899 433 ,
927 392 965 424 de
991 390 1107 434 quibus
1136 389 1181 422 eis

446 447 618 487 videbitur,
643 457 797 480 censuras
823 451 854 478 et
879 455 999 488 poenas
1025 442 1179 476 ecclesia-

447 499 568 539 sticas,
596 505 622 532 et
658 500 718 532 alia
743 504 921 542 opportuna
946 496 1023 529 iuris
1048 501 1078 529 et
1110 495 1181 527 sacti

446 553 601 592 remedia,
617 552 835 595 appellatione
851 550 1037 593 postposita,
1055 558 1182 590 compe-

447 604 585 644 scendo,
604 604 823 646 legitimisque
842 613 937 645 super
956 601 1005 634 liis
1021 599 1181 634 habendis

446 658 580 690 servatis
605 657 818 699 processibus,
837 664 990 687 censuras
1010 659 1041 686 et
1057 663 1180 696 poenas

447 710 532 753 ipsas
558 710 652 742 etiam
679 709 801 742 iteratis
828 708 948 740 vicibus
965 706 1181 748 aggravando,

446 763 594 794 invocato
621 762 658 793 ad
685 761 747 793 hoc
771 760 796 792 si
822 770 901 803 opus
938 758 1035 791 suerit
1059 758 1180 791 auxilio

446 812 571 846 brachii
597 813 785 846 saecularis.

491 867 505 909 g
529 866 560 899 4.
587 866 656 899 Non
681 866 884 899 obstantibus
908 864 1117 908 praemissis,
1145 875 1181 897 ac

446 919 519 963 piae
537 919 710 952 memoriae
723 918 877 951 Bonisacii
889 917 993 960 Papae
1006 917 1067 950 tht
1083 917 1179 950 etiam

446 973 708 1016 praedecessoris
734 972 834 1004 nostri
861 972 900 1004 de
921 973 985 1003 una
1002 970 1082 1003 etin
1104 981 1182 1003 eon-

445 1025 521 1057 eilio
548 1024 690 1068 generali
723 1024 807 1057 edita
833 1025 871 1057 de
898 1024 1021 1056 duabus
1060 1023 1179 1063 dietis,

445 1078 619 1110 dummodo
644 1079 728 1110 ultra
760 1082 823 1109 tres
859 1076 962 1109 dietas
994 1076 1112 1119 aliquis
1138 1075 1182 1107 vi-

445 1141 522 1172 gore
548 1130 765 1173 praesentium
791 1130 821 1161 iu
849 1124 1093 1161 iudicium'non
1120 1135 1182 1162 tra-

444 1185 548 1223 hatur,
570 1184 707 1226 aliisque
732 1183 1021 1216 constitutionibus
1047 1188 1078 1215 et
1100 1183 1183 1216 ordi-

442 1237 631 1270 nationibus
664 1236 851 1280 apostolicis
868 1263 875 1277 ,
910 1248 945 1269 ac
969 1237 1125 1270 Ordinum
1152 1242 1183 1270 et

443 1290 712 1333 Congregationis
737 1290 934 1323 clericorum
961 1290 1180 1333 regularium,

443 1343 539 1376 etiam
564 1344 753 1381 iuramento,
780 1343 1026 1376 confirmatione
1052 1348 1182 1387 aposto*

444 1396 516 1437 lica,
533 1397 582 1429 vel
609 1396 719 1440 quavis
743 1396 892 1430 firmitate
918 1397 980 1430 alia
1005 1397 1180 1437 roboratis,

445 1449 572 1482 statutis
603 1454 634 1482 et
668 1449 975 1490 consuetudinibus,
1002 1449 1182 1493 privilegiis

444 1513 584 1546 quoque,
612 1502 746 1535 indultis
773 1507 805 1535 et
829 1502 947 1536 litteris
973 1502 1181 1546 apostolicis,

443 1557 503 1589 sub
529 1557 785 1600 quibuscumque
814 1557 987 1589 verborum
1013 1556 1181 1590 tenoribus

444 1612 475 1642 et
500 1609 628 1655 formis,
657 1620 693 1642 ac
719 1620 790 1643 cum
817 1609 982 1652 quibusvis
1007 1609 1103 1642 etiam
1128 1610 1183 1643 de-

443 1663 677 1705 rogatoriarum
705 1663 932 1705 derogatoriis,
953 1663 1093 1707 aliisque
1117 1663 1183 1696 effi-

444 1715 635 1756 cacioribus,
650 1715 880 1748 efficacissimis
894 1721 925 1757 et
939 1716 1079 1749 insolitis
1094 1717 1183 1748 clau-

443 1768 535 1807 sulis,
562 1769 810 1811 quomodolibet
835 1770 931 1802 etiam
958 1770 1080 1812 pluries
1106 1780 1183 1802 con-

445 1822 569 1860 cesssis,
594 1821 792 1854 confirmatis
809 1828 839 1854 et
856 1822 1035 1862 innovatis‘,
1064 1823 1181 1865 quibus

445 1875 602 1915 omnibns
630 1875 753 1908 etiamsi
775 1886 833 1918 pro
854 1876 985 1909 illorum
1010 1876 1182 1909 sufficienti

445 1928 659 1970 derogatione
681 1929 720 1962 de
744 1929 808 1962 illis
830 1940 1011 1973 eorumque
1036 1930 1111 1962 totis
1137 1935 1183 1962 te-

445 1981 579 2013 noribus
604 1982 764 2024 specialis,
783 1982 934 2025 specifica
953 1989 985 2015 et
1002 1982 1181 2024 individua,

446 2044 483 2066 ae
500 2034 538 2067 de
554 2035 652 2067 verbo
678 2035 716 2067 ad
742 2036 886 2076 verbum,
906 2046 972 2068 non
997 2042 1103 2069 autem
1122 2048 1183 2080 per

446 2087 604 2120 clausulas
634 2089 803 2129 generales
835 2089 921 2122 idem
947 2089 1180 2132 importantes,

446 2140 567 2172 mentio
593 2150 646 2173 seu
673 2141 802 2183 quaevis
839 2142 902 2174 alia
934 2143 1104 2185 expressio
1130 2149 1184 2176 aut

447 2191 556 2235 aliqua
580 2193 641 2225 alia
666 2194 822 2236 exquisita
849 2195 949 2227 forma
973 2195 1012 2227 ad
1038 2196 1101 2229 hoc
1118 2206 1184 2229 ser-

447 2244 551 2277 vanda
572 2245 663 2285 soret,
686 2252 717 2278 et
737 2246 769 2278 in
795 2247 840 2280 eis
862 2252 1011 2281 caveatur
1030 2258 1183 2292 expresse

448 2297 534 2339 quod
559 2297 623 2329 illis
648 2299 848 2332 nullatentus
880 2305 934 2332 aut
965 2301 1098 2334 nonnisi
1124 2302 1183 2334 sub

449 2350 544 2382 certis
570 2351 665 2383 modo
699 2358 731 2384 et
755 2352 856 2386 forma
882 2354 1034 2396 derogari
1059 2355 1181 2398 possit,

448 2407 578 2435 tenores
605 2403 806 2445 huiusmodi,
835 2416 870 2439 ae
895 2407 921 2439 si
953 2407 992 2440 de
1016 2408 1115 2440 verbo
1145 2408 1182 2440 ad

446 2455 591 2495 verbum,
612 2457 694 2489 nihil
712 2458 840 2500 penitus
866 2460 1001 2500 omisso,
1028 2466 1060 2493 et
1084 2461 1184 2494 forma

447 2507 480 2539 in
501 2507 565 2540 illis
584 2509 698 2541 tradita
722 2510 901 2551 observata,
925 2513 1038 2545 inserti
1064 2513 1182 2553 forent,

446 2560 671 2603 praesentibus
705 2572 764 2604 pro
799 2564 895 2604 plene
930 2571 961 2597 et
986 2565 1184 2598 sufficienter

448 2613 609 2656 expressis
627 2618 658 2648 et
682 2613 812 2648 insertis
837 2615 1007 2660 habentes,
1030 2618 1092 2652 hac
1116 2617 1197 2654 vicet

1030 236 1208 261 BULLAntUM
1232 234 1383 260 ROMANUM

1227 283 1399 321 dumtaxat,
1425 280 1614 324 specialiter
1638 284 1667 313 et
1692 290 1844 324 expresse
1870 280 1964 314 dero-

1227 345 1354 378 gamus3
1371 333 1554 377 ceterisque
1572 334 1743 367 contrariis
1760 334 1966 378 quibuscum-

1227 398 1308 431 que;
1336 392 1391 420 aut
1415 387 1439 419 si
1465 387 1627 430 aliquibus
1662 387 1880 421 communiter
1912 393 1965 421 aut

1226 439 1352 473 divisim
1385 441 1424 473 ab
1451 440 1563 473 eaden]
1595 439 1636 472 sit
1660 440 1742 474 Sede
1776 441 1962 480 indultum,

1226 493 1312 536 quod
1340 492 1503 534 interdici,
1524 493 1681 537 suspendi
1707 494 1757 526 vel
1782 504 1965 527 excommu-

1225 545 1328 578 nicari
1355 556 1418 578 non
1445 546 1573 588 possint
1606 556 1665 589 per
1690 546 1813 579 litteras
1837 552 1965 590 aposto-

1225 598 1359 630 stolieas
1385 609 1449 631 non
1469 599 1622 631 facientes
1637 599 1766 642 plenam
1786 605 1817 632 et
1834 609 1965 642 expres-

1225 661 1290 683 sam
1310 662 1346 684 ae
1375 652 1414 684 de
1432 651 1530 685 verbo
1556 652 1594 684 ad
1621 653 1753 685 verbum
1780 653 1819 686 de
1837 652 1965 685 indulto

1224 704 1413 737 huiusmodi
1439 705 1653 738 mentionem.

1268 758 1282 801 ξ
1317 757 1348 790 5.
1387 757 1542 791 Volumus
1574 764 1680 791 autem
1711 764 1747 791 ut
1779 759 1964 792 earumdem

1224 810 1449 853 praesentium
1464 812 1647 844 litterarum
1669 811 1891 855 transumptis.
1909 822 1965 844 seu

1224 864 1392 906 exemplis,
1418 864 1515 896 etiam
1542 864 1725 907 impressis,
1744 875 1840 897 manu
1866 865 1967 897 alicu-

1224 917 1272 949 ius
1297 917 1415 950 notarii
1442 917 1565 960 publici
1591 917 1797 960 subscriptis,
1812 924 1843 950 et
1860 917 1966 960 sigillo

1223 981 1386 1013 personae
1414 971 1446 1003 in
1473 971 1698 1004 ecclesiastica
1716 971 1873 1014 dignitate
1889 982 1967 1005 cou-

1225 1023 1357 1056 stitutae
1383 1024 1516 1056 munitis
1534 1051 1541 1064 ,
1569 1024 1681 1070 eadem
1715 1034 1849 1067 prorsus
1884 1024 1964 1058 sides

1223 1077 1344 1120 ubique
1360 1079 1507 1110 locorum
1525 1083 1589 1110 tam
1609 1077 1641 1109 in
1660 1077 1781 1111 iudicio
1800 1088 1895 1121 quam
1913 1088 1965 1110 ex-

1225 1135 1274 1163 tra
1300 1131 1379 1164 illud
1407 1132 1582 1171 habeatur,
1604 1131 1784 1175 quaeipsis
1809 1141 1964 1174 praesen-

1226 1183 1312 1216 tibus
1340 1183 1519 1217 haberetur
1544 1184 1568 1216 si
1589 1184 1696 1217 forent
1722 1184 1887 1217 exhibitae
1913 1185 1963 1217 vel

1225 1242 1388 1270 ostensae.

1268 1290 1383 1323 Datum
1408 1290 1543 1330 Romae,
1567 1290 1652 1334 apud
1679 1290 1709 1323 S.
1736 1291 1876 1330 Petrum,
1904 1290 1964 1322 sub

1225 1344 1304 1376 nulo
1337 1343 1534 1384 PiscatoriS,
1565 1344 1616 1376 die
1648 1354 1708 1377 xxv
1737 1343 1816 1377 iunii
1842 1352 1963 1383 MDCCI,

1225 1395 1433 1439 pontificatus
1458 1396 1560 1429 nostri
1586 1407 1672 1429 anno
1698 1407 1719 1429 1.

1261 1458 1310 1485 Dat
1342 1458 1385 1485 die
1405 1458 1439 1485 ⁶25
1459 1458 1525 1485 iunii
1548 1459 1625 1493 1701,
1647 1458 1743 1494 pontif.
1765 1467 1836 1486 anno
1856 1465 1874 1485 1.

1544 1601 1653 1635 XXIII.

1227 1680 1420 1714 Conceditur
1435 1681 1594 1723 fratribus
1607 1680 1874 1723 Conyreyationis
1889 1679 1967 1714 Cha-

1269 1734 1379 1766 rz'tatis
1403 1734 1435 1767 S.
1466 1733 1642 1776 Hippolyti
1676 1733 1711 1766 in
1737 1733 1844 1766 Imlz'is
1878 1732 1967 1767 Occi-

1269 1786 1453 1819 dentalibus
1484 1786 1625 1829 facultas
1656 1785 1856 1829 suscipiendi
1879 1785 1967 1817 ordi-

1269 1850 1324 1872 nes
1349 1850 1457 1872 omnes
1482 1844 1574 1872 eoetra
1593 1844 1745 1883 tempora,
1767 1843 1795 1872 et
1815 1849 1879 1871 non
1904 1848 1966 1871 ser-

1269 1893 1353 1925 vatis
1373 1893 1562 1925 interstitiis
1575 1891 1595 1924 ⁴.

1437 1972 1572 1999 Clemens
1596 1972 1676 2004 Papa
1695 1971 1745 2001 XI,

1359 2019 1394 2043 ad
1424 2016 1560 2043 futuram
1589 2015 1635 2042 rei
1664 2014 1851 2042 memoriam.

1270 2088 1285 2132 g
1311 2087 1341 2120 1.
1369 2087 1460 2128 Cum,
1489 2087 1573 2120 sicut
1597 2086 1734 2119 dilectus
1759 2086 1844 2120 filius
1872 2085 1966 2120 Ioan-

1226 2151 1285 2174 nes
1322 2142 1361 2174 de
1394 2140 1558 2180 Cam-era,
1583 2145 1779 2184 procurator
1802 2139 1965 2182 generalis

1226 2193 1495 2236 Congregationis
1513 2192 1685 2226 Cliaritatis
1703 2193 1762 2225 sub
1782 2193 1875 2226 titulo
1895 2203 1966 2226 san-

1226 2246 1267 2279 cti
1293 2246 1461 2289 Hippolyti
1486 2246 1633 2290 martyris
1658 2246 1691 2278 in
1716 2246 1844 2279 civitate
1868 2245 1966 2278 Mexi-

1226 2301 1307 2332 cana
1339 2299 1474 2341 aliisque
1511 2299 1658 2342 partibus
1689 2299 1852 2332 lndiarum
1877 2298 1966 2331 Occi-

1203 2388 1205 2390 ,
1226 2353 1403 2385 dentalium
1428 2363 1445 2385 a
1470 2351 1575 2385 felicis
1599 2352 1837 2385 reeordationis
1863 2351 1966 2385 Inno-

1263 2450 1272 2475 1
1296 2448 1364 2475 Vide
1380 2448 1600 2475 constitutionem
1621 2447 1830 2483 praecedentem
1842 2451 1869 2474 et
1884 2447 1966 2476 inno-

1225 2493 1307 2520 centii
1327 2493 1371 2519 Xtt
1393 2493 1500 2519 constit.
1517 2493 1581 2519 edit.
1596 2499 1676 2524 unce,
1692 2492 1734 2518 die
1754 2493 1782 2519 ⁶21
1808 2492 1880 2526 maii,
1901 2500 1966 2528 pon-

1226 2537 1265 2564 tif.
1287 2545 1323 2563 1x.
1345 2536 1374 2563 ln
1399 2536 1546 2563 innocentii
1571 2536 1631 2563 Xlll
1651 2540 1737 2563 const.
1758 2536 1800 2563 ed.
1823 2543 1964 2572 mnccxxu,

1225 2581 1267 2607 die
1291 2581 1305 2607 7
1326 2581 1452 2615 augusti,
1473 2580 1567 2616 pontis.
1588 2586 1617 2613 11,
1639 2581 1834 2608 confirmantur
1860 2583 1962 2608 statuta

1226 2625 1455 2660 Congregationis.

1441 2735 1451 2748 b

1970 230 2019 260 An.
2039 232 2069 261 C.
2087 233 2152 262 170¹

2016 768 2078 789 Fides
2102 771 2160 790 tran-

1976 798 2115 821 sumptorum.

2002 2091 2066 2113 Ratio
2080 2096 2119 2118 pro
2128 2091 2160 2114 dt-

1976 2120 2011 2140 eta
2058 2118 2160 2140 facultate

1976 2145 2101 2167 obtinnndss.
