2269 3203
112 196 165 223 An.
183 194 212 221 C.
236 193 304 221 ¹705

132 2268 243 2291 meretum
252 2270 303 2292 Con-

120 2297 247 2323 ςηιιιίοιιίι
253 2297 302 2318 illud

120 2323 246 2350 approbans.

307 252 344 276 ea
369 242 602 286 quoquomodo
638 242 794 274 innovare
823 244 878 272 aut
903 239 1044 272 alterare

306 300 513 335 attentarent,
529 295 738 329 decernendo
756 294 881 326 irritum
901 299 931 327 et
950 293 1045 325 inane

307 350 466 393 quidquid
492 350 523 382 in
548 348 745 382 contrarium
772 348 936 386 fecissent,
961 356 1047 379 com-

306 403 467 436 mittendo
492 403 626 446 insuper
650 412 709 445 pro
735 407 879 444 [empore
898 399 1045 432 existenti

307 456 459 489 ministro
474 455 618 498 generali
640 460 671 488 et
688 454 910 488 commissario
933 453 1046 486 itidem

308 510 452 552 generali
479 510 641 542 indiarum
667 508 743 541 dicti
768 507 897 541 Ordinis
930 507 962 539 in
989 517 1046 550 op-

307 562 385 605 pido
410 562 526 595 Matriti
559 573 620 606 pro
646 567 792 604 tempore
821 559 1045 599 commoranti,

307 620 342 647 ut
358 621 519 648 statutum·
537 614 725 648 huiusmodi
745 613 979 646 inviolabiliter
996 613 1048 646 ob-

308 669 431 702 servari
456 668 611 707 facerent,
638 672 670 700 et
693 667 772 700 alias
796 672 893 710 prout
910 667 943 699 in
962 666 1046 699 dicto

307 726 426 756 statuto
440 722 574 755 uberius
590 721 760 754 dicebatur
777 719 956 760 continer13
977 720 1049 752 sub-

307 775 384 808 inde
409 785 496 815 vero,
516 774 555 807 ad
572 774 757 807 instantiam
777 778 852 806 tunc
871 772 965 806 etiam
985 772 1049 806 exi-

308 828 463 862 stentium
490 828 624 861 fratrum
649 827 753 860 dictae
779 826 964 870 provinciae
980 852 987 865 ,
1011 836 1048 858 ae

308 881 404 915 etiam
431 882 470 915 de
496 881 565 915 eius
592 881 797 925 superiorum
816 880 914 919 iussu,
936 879 1048 912 huius-

307 934 396 967 modi
421 934 649 967 caeremoniae
674 938 706 966 et
723 933 803 966 ritus
820 943 878 976 per
894 932 1048 965 dilectum

307 985 410 1020 filium
446 986 606 1020 Isidorum
642 987 845 1029 Alphonsum
878 985 917 1018 de
942 984 1049 1018 Caste-

307 1039 422 1080 neira,
456 1039 589 1072 fratrem
627 1039 703 1072 dicti
739 1038 869 1072 Ordinis
895 1048 1048 1081 expresse

308 1093 504 1136 professum,
531 1093 562 1125 in
585 1098 712 1136 septem
729 1091 963 1135 paragraphos,
985 1090 1050 1134 qui-

308 1146 369 1179 bus
411 1146 525 1179 titulus
567 1145 724 1179 Manuale
760 1145 1050 1178 Caeremoniarum

305 1200 498 1243 provinciae
529 1199 563 1233 S.
589 1199 765 1242 Eranyelii
790 1198 828 1232 (Ie
851 1198 987 1235 Mcoeico,
1003 1199 1050 1230 iu-

308 1258 362 1286 xta
391 1253 542 1287 ordinem
574 1253 733 1296 praedicti
759 1252 891 1296 capituli
917 1262 1050 1294 genera-

308 1306 349 1340 lis
374 1307 533 1340 collectae
560 1306 706 1346 sueran13
741 1312 773 1339 et
804 1306 836 1338 in
861 1305 973 1338 eadem
997 1315 1050 1337 ex-

308 1359 470 1404 positione
495 1359 678 1400 subiuncto,
693 1359 780 1403 quod
799 1358 979 1397 verebatur,
998 1368 1049 1397 ne,

308 1413 469 1457 temporis
495 1414 646 1453 decursu,
670 1413 851 1456 praemissa
878 1411 917 1445 ab
938 1411 1048 1455 aliquo

309 1466 497 1511 superiore,
523 1477 590 1500 non
614 1466 684 1499 sine
709 1466 797 1509 gravi
827 1466 932 1499 dictae
967 1476 1046 1508 pro-

309 1520 434 1553 vinciae
459 1519 619 1564 spirituali
644 1519 882 1563 temporalique
914 1518 1047 1559 iactura,

309 1574 559 1607 moderarentur
572 1578 626 1607 aut
649 1574 892 1614 innovarentur,
908 1573 1048 1616 ideoque

310 1627 373 1672 ipsi
399 1633 609 1670 exponentes,
641 1638 704 1671 quo
731 1632 885 1660 statutum
911 1637 967 1660 seu
997 1627 1050 1659 de-

311 1686 435 1714 cretum
460 1681 648 1714 huiusmodi
673 1686 833 1725 perpetuo
854 1686 1049 1718 servaretur,

310 1745 371 1768 nec
395 1735 477 1769 illud
510 1737 578 1768 ullo
609 1745 754 1779 unquam
786 1740 933 1777 tempore
954 1745 972 1766 a
997 1744 1050 1766 su-

308 1786 497 1830 perioribus
515 1786 617 1819 dictae
635 1785 821 1829 provinciae
841 1786 903 1818 nisi
921 1786 960 1818 de
980 1785 1048 1818 eius

309 1849 471 1873 consensu
495 1839 733 1879 immutaretur,
751 1839 924 1882 plurimum
946 1838 1051 1882 cupie-

308 1892 397 1933 bant,
425 1893 593 1926 decretum
613 1892 810 1932 huiusmodi,
829 1894 893 1925 una
910 1902 982 1924 cum
1004 1892 1051 1924 di-

309 1950 379 1979 ctae
395 1945 581 1989 provinciae
607 1944 832 1984 caeremoniis,
857 1945 939 1977 sieut
957 1955 1050 1988 prae-

309 1999 473 2039 mittitur,
500 1998 683 2042 congestis,
718 1998 913 2032 auctoritate
946 1998 1050 2030 dictae

310 2051 581 2096 Congregationis
610 2051 823 2085 cardinalium
849 2051 1050 2084 confirmari:

311 2105 473 2139 emanavit
496 2106 536 2139 ad
566 2116 678 2139 eorum
707 2105 978 2149 supplicationem
1012 2106 1051 2138 ab

311 2159 424 2193 eadem
438 2158 700 2202 Congregatione
717 2158 929 2192 cardinalium
944 2159 1053 2192 dcere-

313 2217 381 2246 tum
407 2213 532 2246 tenoris
559 2213 613 2257 qui
641 2212 800 2256 sequitur,
827 2212 994 2245 videlicet:

351 2264 444 2294 Sacra
467 2264 668 2302 Congregatto
697 2264 995 2293 eminentissimorum
1025 2266 1053 2293 et

311 2311 622 2339 reverendissimorum
639 2312 668 2340 S.
690 2311 726 2339 R.
743 2311 777 2339 E.
793 2310 986 2339 cardinalium
1002 2321 1052 2340 ne-

311 2356 399 2393 gotiis
433 2359 462 2385 et
493 2356 757 2386 consultationibus
789 2357 992 2395 episcoporum
1025 2360 1053 2386 et

312 2402 494 2439 regularium
514 2404 696 2441 praeposita,
719 2403 822 2432 audito
844 2407 927 2442 patre
948 2414 1053 2442 procu-

312 2449 410 2477 ratore
430 2450 561 2486 generali
577 2450 705 2487 Ordinis,
724 2452 754 2479 et
771 2451 891 2479 attentis
915 2452 1053 2489 narratis,

312 2494 436 2533 petitam
456 2495 707 2525 confirmationem
729 2496 894 2525 oratoribus
924 2497 1053 2535 benigne

313 2541 468 2571 concessit.
488 2541 601 2571 Romae
622 2552 662 2572 v11
683 2543 802 2581 augusti
827 2553 934 2574 nnccv.
955 2558 995 2565 —-
1016 2544 1053 2574 N.

314 2587 393 2619 eard.
414 2587 609 2619 Acemows:
632 2588 700 2620 Loco
720 2591 738 2627 †
759 2589 857 2628 sigilli.

923 188 1064 215 CLEMENS
1090 189 1123 213 XI
1146 189 1196 213 I‘P.

1725 178 1789 213 ⁶237
1835 186 1886 212 An.
1907 184 2022 212 c.1705

1133 237 1192 280 5⁶2.
1209 237 1287 270 Cum
1302 241 1418 275 autem,
1436 237 1520 269 sicut
1538 236 1613 269 dieti
1628 241 1829 280 exponentes

1090 292 1186 324 nobis
1211 290 1347 323 subinde
1373 289 1491 333 exponi
1518 290 1674 328 fecerunt,
1697 289 1757 332 ipsi
1777 290 1830 321 de-

1090 349 1214 376 cretum
1230 343 1427 383 huiusmodi,
1441 353 1505 385 quo
1524 342 1647 374 firmius
1663 341 1828 381 subsistat,

1091 397 1291 440 apostolicae
1306 395 1707 429 confirmationisnostrae
1725 399 1832 437 patro-

1091 451 1176 484 cinio
1194 450 1389 484 communiri
1403 460 1612 492 summopere
1631 448 1830 481 desiderent:

1092 515 1162 544 nos,
1186 504 1276 548 ipsos
1302 509 1504 547 exponentes
1529 501 1724 545 specialibus
1750 501 1832 533 savo-

1092 558 1180 590 ribus
1213 563 1245 590 et
1276 557 1386 600 gratiis
1418 555 1572 600 prosequi
1607 555 1776 593 volentes,
1801 558 1833 585 et

1092 620 1204 643 corum
1231 609 1414 653 singulares
1438 619 1596 653 personas
1622 619 1639 640 a
1665 605 1832 650 quibusvis

1092 663 1454 703 excommunicationis,
1481 661 1703 705 suspensionis
1729 665 1760 693 et
1784 659 1833 691 in-

1093 717 1228 756 terdicti,
1248 717 1384 761 aliisque
1404 716 1633 749 ecclesiasticis
1652 713 1832 753 sententiis,

1091 771 1239 804 censuris
1271 776 1303 804 et
1328 770 1463 814 poenis,
1491 781 1508 803 a
1534 769 1602 801 iure
1632 769 1683 801 vel
1709 768 1748 800 ab
1775 768 1834 799 ho-

1091 824 1199 864 mine,
1225 824 1336 867 quavis
1362 823 1533 857 occasione
1554 823 1604 856 vel
1630 824 1724 854 causa
1749 821 1833 861 latis,

1092 877 1118 910 si
1145 877 1263 920 quibus
1290 876 1539 920 quomodolibet
1564 875 1737 908 innodatae
1767 873 1834 906 exi-

1092 935 1192 970 stunt,
1206 930 1244 962 ad
1264 929 1413 963 effectum
1432 929 1651 973 praesentium
1668 928 1834 961 dumtaxat

1093 983 1374 1026 consequendum,
1392 983 1507 1015 harum
1525 981 1610 1015 serie
1629 981 1833 1013 absolventes

1093 1042 1126 1069 et
1150 1037 1314 1070 absolutas
1332 1037 1403 1069 sore
1424 1040 1607 1074 censentes,
1625 1033 1833 1077 snpplicatio-

1093 1092 1189 1124 nibus
1217 1102 1330 1124 eorum
1354 1091 1485 1124 nomine
1511 1089 1604 1123 nobis
1638 1099 1738 1132 super
1771 1088 1833 1120 hoc

1093 1145 1261 1178 humiliter
1285 1145 1445 1188 porrectis
1470 1143 1640 1183 inclinati,
1668 1142 1832 1175 decretum

1093 1198 1341 1240 praeinsfflium,
1362 1197 1552 1231 auctoritate
1578 1195 1764 1239 apostolica,
1787 1200 1834 1227 te-

1093 1263 1170 1285 nore
1197 1252 1440 1296 praesentium,
1463 1251 1691 1283 confirmamus
1718 1254 1749 1281 et
1778 1259 1833 1291 ap-

1093 1305 1278 1348 probamus,
1294 1305 1408 1348 illiquc
1423 1303 1620 1337 inviolabilis
1634 1302 1832 1346 apostolicae

1092 1358 1253 1392 firmitatis
1278 1359 1381 1392 robur
1406 1358 1592 1397 adiicimus;
1615 1358 1699 1390 salva
1726 1363 1832 1389 tamen

1092 1420 1222 1453 semper
1247 1409 1279 1442 in
1305 1408 1494 1453 praemissis
1519 1408 1708 1441 auctoritate
1728 1407 1833 1440 dictae

1093 1462 1364 1505 congregationis
1391 1462 1616 1495 cardinalium.

1136 1517 1150 1560 ἓ
1174 1516 1206 1551 3.
1233 1517 1466 1556 Decernentes,
1490 1516 1621 1549 casdem
1646 1520 1837 1558 praesentes

1092 1571 1218 1604 litteras
1245 1581 1378 1614 semper
1403 1571 1521 1609 firmas,
1542 1569 1666 1602 validas
1685 1575 1717 1602 et
1733 1568 1838 1602 effica-

1093 1635 1145 1658 ces
1172 1624 1323 1664 existere,
1342 1629 1374 1657 et
1392 1625 1474 1664 sore,
1500 1633 1641 1666 suosque
1666 1622 1835 1666 plenarios

1093 1683 1125 1711 et
1148 1678 1298 1721 integros
1324 1676 1457 1710 effeetus
1484 1676 1595 1709 sortiri
1622 1681 1652 1709 et
1673 1675 1836 1715 obtinere,

1093 1742 1128 1764 ac
1150 1731 1228 1771 illis,
1246 1731 1285 1764 ad
1307 1741 1389 1774 quos
1405 1735 1529 1773 spectat
1553 1735 1585 1762 et
1609 1740 1668 1773 pro
1686 1734 1836 1772 tempore

1094 1785 1364 1828 quandocumque
1401 1784 1583 1827 spectabit,
1611 1783 1643 1816 in
1686 1783 1836 1816 omnibus

1094 1844 1125 1870 et
1148 1849 1207 1881 per
1230 1838 1338 1871 omnia
1370 1837 1562 1880 plenissime
1595 1835 1779 1878 suffragari,
1806 1841 1837 1869 et

1094 1891 1133 1924 ab
1159 1891 1206 1923 eis
1238 1890 1419 1933 respective
1453 1888 1687 1922 inviolabiliter
1726 1888 1838 1921 obser-

1093 1945 1172 1983 vari,
1185 1945 1294 1988 sieque
1303 1944 1335 1977 in
1347 1943 1532 1987 praemissis
1543 1953 1601 1986 per
1612 1952 1837 1985 quoscumque

1095 1998 1219 2030 iudices
1245 1996 1431 2030 ordinarios
1466 2001 1498 2028 et
1517 1996 1685 2038 delegatos
1704 2022 1711 2035 ,
1738 1995 1836 2028 etiam

1096 2061 1264 2084 causarum
1283 2050 1395 2093 palatii
1415 2049 1587 2093 apostolici
1603 2049 1780 2088 auditores,
1795 2048 1839 2080 iu-

1096 2105 1196 2138 dicari
1222 2109 1254 2137 et
1279 2103 1409 2137 definiri
1436 2104 1572 2144 debere3
1599 2114 1635 2136 ac
1660 2103 1790 2135 irritum
1808 2107 1840 2136 et

1096 2158 1192 2191 inane
1223 2157 1250 2190 si
1282 2167 1374 2191 secus
1406 2167 1505 2201 super
1531 2157 1580 2189 bis
1613 2167 1630 2188 a
1651 2167 1837 2200 quoquam,

1096 2211 1208 2255 quavis
1248 2211 1463 2250 auctoritate,
1488 2210 1632 2243 scienter
1669 2210 1718 2242 vel
1744 2210 1838 2252 igno-

1095 2271 1215 2303 ranter,
1242 2264 1418 2306 contigerit
1442 2264 1609 2297 attentari.

1140 2318 1155 2361 ἓ
1179 2317 1211 2350 4.
1237 2316 1308 2350 Non
1333 2317 1534 2350 obstantibus
1568 2316 1774 2359 praemissis,
1801 2326 1838 2349 ae

1096 2369 1382 2405 constitutionibus
1414 2375 1446 2403 et
1477 2370 1738 2403 ordinationibus
1765 2380 1838 2413 apo-

1095 2424 1231 2464 stolicis,
1257 2433 1398 2463 necnon,
1414 2429 1573 2466 quatenus
1599 2433 1680 2466 opus
1698 2423 1746 2463 sit,
1765 2433 1837 2467 pro-

1096 2478 1276 2511 vinciarum
1302 2483 1333 2510 et
1357 2476 1485 2510 Ordinis
1511 2477 1713 2516 huiusmodi,
1739 2477 1836 2510 etiam

1096 2531 1288 2571 iuramento,
1313 2529 1562 2564 confirmatione
1581 2530 1770 2573 apostolica,
1786 2529 1835 2562 vel

1097 2585 1206 2629 quavis
1230 2584 1380 2618 firmitate
1406 2583 1466 2618 alia
1494 2584 1655 2617 roboratis
1673 2610 1681 2624 ,
1708 2582 1834 2616 statutis

1887 246 2026 267 Confirmatio

1840 274 1903 294 relati
1918 274 2009 294 dot-reu.

1875 1525 1994 1549 Clausulam

1916 2323 2030 2352 Derogatio

1848 2352 2007 2370 contrariorum.
