2269 3203
139 213 186 240 An.
208 212 324 241 (3.1714

163 432 320 452 Contrariorum

136 459 255 483 denwaua

951 212 1091 235 CLEMENS
1117 212 1148 235 XI
1173 213 1221 235 PP.

332 272 367 294 ac
395 261 523 294 irritum
550 266 581 294 et
605 261 702 294 inane
726 260 752 292 si
777 270 869 293 secus
896 270 994 302 super
1018 259 1070 292 his

333 326 350 347 a
376 325 553 358 quoquam,
581 314 692 357 quavis
708 314 909 351 auctoritate,
929 313 1070 346 scienter

332 369 380 401 rel
407 368 608 410 ignoranter,
631 366 802 409 contigerit
820 367 987 399 attentari.

378 422 392 464 ξ
418 420 450 454 8.
475 420 545 454 Non
572 419 775 453 obstantibus
801 420 997 462 praemissis,
1026 425 1067 459 et,

332 480 490 517 quatenus
507 484 589 517 opus
605 473 656 512 sit,
671 475 783 506 nostra
801 478 832 506 et
848 473 1069 506 Cancellariac

331 526 529 569 apostolicae
551 526 662 568 regula
688 526 726 558 de
752 525 820 558 iure
840 525 985 568 ‹piaesito
1003 536 1068 558 non

333 580 491 619 tollendo,
512 578 648 621 aliisque
674 578 872 621 apostolicis,
888 589 924 611 ac
948 579 981 610 iu
999 578 1070 610 uni-

332 631 510 664 versalibus
527 631 847 674 provincialilmsque
866 636 897 663 et
910 630 1069 674 synodali-

331 685 390 717 bus
416 683 560 717 conciliis
581 684 686 724 editis,
702 684 912 726 generalibus
931 684 980 716 vel
1002 694 1070 726 spe-

330 736 474 776 cialibus,
501 737 785 770 constitutionibus
804 742 836 769 et
856 736 1069 770 ordinationi-

332 791 399 830 bus,
426 799 555 822 necnon
591 800 871 833 quorumcumque
897 789 1068 829 Ordinum,

330 842 635 885 congregationum,
662 842 881 876 institutorum
908 847 940 876 et
964 842 1068 875 socie-

330 900 451 935 tatum,
478 895 574 928 etiam
600 895 691 936 Iesu,
725 901 757 928 et
786 895 970 939 quorumvis
1003 906 1069 928 mo-

329 948 556 988 nasteriorum,
583 953 812 989 conventuum,
840 949 1067 988 ecclesiarum,

328 1001 478 1033 locorum
494 1000 635 1044 piorum,
654 1001 764 1034 aliisve
779 1001 957 1045 quibusvis,
973 1002 1069 1034 etiam

328 1053 524 1093 iuramento,
541 1054 787 1088 confirmatione
806 1054 993 1098 apostolica,
1020 1055 1069 1086 vel

329 1106 441 1149 quavis
469 1106 619 1140 firmitate
645 1107 707 1140 alia
735 1108 896 1140 roboratis
912 1134 919 1147 ,
943 1107 1070 1140 statutis

329 1165 361 1194 ct
395 1160 683 1193 consuetudinibus
724 1171 760 1193 ac
798 1160 1069 1204 praescriptioni-

328 1213 399 1254 bus,
420 1219 716 1257 quantumcumque
733 1214 930 1256 longissimis
956 1220 987 1247 ct
1010 1214 1070 1247 im-

328 1266 614 1307 memorabilibus,
638 1266 819 1309 privilegiis
851 1277 997 1310 quoque,
1022 1267 1069 1299 in-

329 1321 428 1355 dultis
453 1326 484 1354 et
503 1321 621 1355 litteris
647 1321 853 1364 apostolicis,
876 1321 1066 1362 Ordinibus,

328 1374 648 1418 congregationibus,
673 1374 828 1407 institutis
855 1380 886 1407 et
910 1374 1069 1421 societati-

327 1430 397 1468 bus,
423 1428 519 1461 etiam
535 1428 618 1468 Iesu,
636 1438 672 1461 ac
693 1427 912 1467 monasteriis,
930 1437 1068 1460 conven-

329 1482 430 1522 tibus,
456 1480 604 1514 ecclesiis
631 1485 662 1513 et
686 1480 767 1513 locis
793 1480 854 1524 piis
880 1479 1066 1523 praedictis,

327 1536 526 1577 illorumque
540 1533 721 1577 respective
736 1533 967 1576 superioribus,
986 1532 1068 1565 aliis-

328 1599 365 1621 ve
391 1586 592 1631 quibuslibet
616 1586 776 1629 personis,
802 1586 898 1619 etiam
917 1591 1068 1629 quntum-

327 1642 374 1674 vis
394 1640 588 1674 sublimibus
606 1645 638 1672 et
652 1639 884 1684 specialissima
901 1639 1067 1672 mentione

328 1694 444 1738 dignis,
465 1705 483 1726 a
502 1693 584 1727 Sede
610 1692 782 1737 praedicta,
809 1703 845 1725 ex
865 1702 1067 1736 quacumque

328 1751 434 1788 causa,
460 1747 553 1780 etiam
579 1757 638 1790 per
661 1746 743 1779 viam
765 1751 952 1779 contractus
971 1752 1002 1779 et
1019 1756 1067 1779 re-

326 1801 573 1840 munerationis,
593 1800 651 1832 sub
671 1799 927 1842 quibuscumque
952 1799 1067 1832 verbo-

327 1865 398 1887 rum
431 1853 600 1887 tenoribus
632 1858 663 1885 et
694 1852 812 1892 formis,
839 1863 873 1885 ac
900 1863 969 1885 cum
997 1852 1067 1896 qui-

326 1907 435 1941 busvis
462 1907 558 1940 etiam
584 1905 864 1948 derogatoriarum
898 1906 1068 1948 derogato-

327 1962 391 2002 riis,
413 1960 548 2004 aliisque
574 1959 816 2000 efficacioribus,
838 1958 1066 1992 efficacissimis

328 2019 361 2048 et
385 2014 526 2047 insolitis
555 2013 717 2053 clausulis,
743 2012 1011 2056 irritantilmsque
1037 2018 1069 2045 et

327 2068 395 2101 aliis
420 2067 560 2100 decretis
577 2094 584 2107 ,
612 2066 708 2100 etiam
736 2071 843 2106 motu,
876 2067 1011 2099 scientia
1037 2072 1068 2099 et

326 2121 497 2164 potestatis
531 2119 739 2163 plenitudine
766 2118 919 2162 paribus,
946 2130 1002 2153 seu
1028 2120 1066 2152 ad

327 2183 603 2217 quarumcumque
635 2182 850 2216 personarum
881 2173 978 2205 etiam
1008 2174 1067 2205 im-

327 2227 453 2271 periali,
478 2226 591 2270 regali,
618 2226 718 2259 aliave
745 2225 888 2269 qualibet
905 2226 1067 2259 mundana

326 2281 376 2314 vel
394 2279 615 2313 ecclesiastica
633 2279 790 2322 dignitate
807 2279 1000 2321 fulgentium
1018 2279 1066 2312 in-

328 2333 488 2374 stantiam,
508 2337 562 2365 aut
578 2342 687 2365 earum
708 2331 994 2375 contemplatione,
1010 2342 1066 2365 seu

328 2385 406 2418 alias
431 2385 679 2428 quomodolibet
702 2385 734 2417 in
760 2386 957 2418 contrarium
975 2396 1067 2430 prae-

329 2436 501 2470 missorum
521 2437 696 2478 concessis,
712 2437 815 2478 editis,
834 2438 934 2479 sactis,
949 2448 983 2471 ac
1001 2439 1067 2481 plu-

329 2490 392 2523 ries
417 2489 547 2530 iteratis,
573 2500 608 2523 ac
641 2491 911 2535 quantiscumque
942 2492 1065 2525 vicibus

329 2541 526 2587 approbatis,
537 2541 734 2576 confirmatis
746 2549 777 2576 et
787 2544 959 2585 innovatis,
968 2545 1064 2578 etiam

329 2594 570 2631 continentibus
591 2595 678 2638 quod
705 2597 978 2632 excommunicari
1000 2608 1065 2632 non

415 2658 494 2688 Buzl.
516 2657 598 2687 Rom.
619 2672 654 2679 —-
676 2658 736 2687 Vol.
757 2659 832 2688 XXI.
978 2659 1011 2688 79

1114 260 1243 303 possint
1267 271 1326 304 per
1351 261 1476 293 litteras
1502 262 1699 304 apostolicas
1728 274 1790 295 non
1818 264 1856 296 sa-

1113 313 1236 346 cientes
1251 314 1379 356 plenam
1396 318 1426 346 ct
1441 324 1627 356 expressam
1648 325 1684 347 ac
1703 316 1741 348 de
1757 317 1856 348 verbo

1113 366 1150 398 ad
1177 367 1313 399 verbum
1333 366 1371 399 dc
1391 366 1569 409 privilegiis
1591 373 1622 399 et
1648 367 1778 400 indultis
1797 369 1857 400 bu-

1113 418 1253 451 iusmodi
1273 419 1474 452 mentionem
1491 431 1498 459 ;
1522 419 1641 462 quibus
1659 419 1808 452 omnibus
1827 426 1858 453 et

1113 472 1264 514 singulis,
1289 473 1413 505 etiamsi
1443 483 1503 516 pro
1530 472 1659 505 illorum
1682 473 1856 506 sufficienti

1113 525 1324 568 derogatione
1339 526 1376 557 de
1392 524 1455 558 illis
1473 535 1651 568 corumque
1668 526 1742 558 totis
1769 531 1856 558 teno-

1113 577 1200 610 ribus
1226 578 1387 620 specialis,
1414 577 1572 620 specifica,
1592 588 1745 621 expressa
1763 578 1856 610 etin-

1113 629 1251 669 dividua,
1270 642 1306 663 ac
1324 631 1363 663 de
1381 631 1479 663 verbo
1494 631 1531 663 ad
1558 631 1701 670 verbum,
1720 641 1784 664 non
1803 642 1856 663 au-

1114 687 1178 716 tem
1198 694 1255 726 per
1269 684 1429 716 clausulas
1448 684 1618 726 generales
1635 684 1718 716 idem
1736 683 1856 727 impor-

1113 741 1231 777 tantes,
1251 736 1372 769 mentio
1391 747 1447 769 seu
1466 736 1597 779 quaevis
1612 736 1674 769 alia
1693 736 1855 780 expressio

1114 789 1274 827 habenda,
1297 795 1353 821 aut
1370 789 1477 832 aliqua
1495 788 1556 822 alia
1575 789 1734 832 exquisita
1752 789 1856 822 forma

1112 841 1225 874 adhoc
1238 842 1394 875 servanda
1405 842 1497 882 soret,
1510 846 1641 874 tenores
1656 841 1855 882 huiusmodi,

1113 904 1148 927 ac
1166 894 1192 926 si
1212 894 1249 927 de
1263 894 1361 927 verbo
1376 895 1413 927 ad
1429 894 1572 933 verbum,
1587 893 1669 926 nibil
1682 894 1811 937 penitus
1825 905 1856 927 o-

1113 947 1210 980 misso
1227 953 1257 980 et
1273 948 1375 980 forma
1392 947 1424 980 in
1444 947 1508 980 illis
1527 947 1642 980 tradita
1667 947 1852 988 observata,

1113 1000 1371 1043 exprimerentur
1386 1005 1418 1033 et
1436 999 1664 1040 insererentur,
1677 999 1855 1042 praesenti-

1113 1054 1171 1086 bus
1197 1064 1255 1096 pro
1281 1053 1377 1096 plene
1402 1058 1432 1085 et
1458 1052 1659 1086 sufficienter
1690 1053 1853 1096 expressis

1113 1112 1143 1139 ct
1168 1106 1299 1139 insertis
1326 1107 1503 1146 babentes,
1529 1106 1592 1139 illis
1623 1105 1703 1139 alias
1737 1106 1769 1138 in
1794 1115 1851 1139 suo

1112 1160 1230 1193 robore
1255 1159 1500 1203 permansuris,
1528 1159 1566 1191 ad
1598 1158 1854 1202 praemissorum

1113 1213 1271 1253 ctl'ectum,
1299 1214 1359 1246 hac
1385 1214 1451 1246 vice
1471 1213 1642 1253 dumtaxat,
1664 1213 1854 1256 specialiter

1113 1273 1144 1299 et
1169 1277 1323 1309 expresse
1355 1267 1568 1309 derogamus,
1598 1271 1628 1299 et
1661 1267 1853 1309 derogatum

1112 1331 1183 1353 csse
1201 1322 1369 1360 volumus,
1389 1320 1569 1363 ceterisque
1587 1321 1757 1353 contrariis
1783 1321 1853 1364 qui-

1111 1373 1321 1416 buscumque.

1154 1427 1168 1470 ἓ
1194 1426 1225 1459 9.
1253 1427 1292 1459 Ut
1316 1431 1422 1459 autem
1440 1427 1574 1460 eaedem
1595 1432 1785 1470 praesentes
1804 1428 1852 1461 lit-

1111 1485 1179 1512 tere
1205 1480 1244 1512 ad
1271 1481 1417 1513 omnium
1442 1480 1589 1513 notitiam
1616 1481 1740 1514 facilius
1760 1481 1850 1514 deve-

1110 1533 1209 1572 niant,
1236 1535 1383 1566 volumus
1411 1534 1498 1573 illas,
1525 1544 1581 1566 seu
1607 1544 1717 1566 earum
1744 1544 1851 1567 exeni—

1110 1587 1172 1629 pla,
1193 1586 1231 1619 ad
1254 1587 1358 1619 valvas
1381 1587 1540 1620 ecclesiae
1558 1587 1797 1628 Lateianensis,
1815 1599 1852 1621 ac

1110 1640 1263 1673 basilicae
1290 1640 1447 1684 Principis
1465 1641 1706 1684 Apostolorum,
1722 1651 1852 1675 necnon

1109 1692 1326 1727 Cancellariae
1353 1694 1569 1737 apostolicae,
1595 1694 1775 1738 Curiaeque
1800 1705 1852 1737 ge-

1110 1747 1229 1780 neralis
1257 1747 1290 1779 in
1322 1747 1428 1780 Monte
1465 1747 1639 1787 Citatorio,
1668 1753 1700 1781 et
1725 1748 1758 1781 in
1783 1749 1851 1782 acie

1110 1799 1323 1843 Campissorae
1349 1801 1388 1833 de
1415 1800 1510 1840 Urbe,
1535 1805 1570 1832 ut,
1594 1801 1693 1833 moris
1721 1806 1779 1842 est,
1805 1803 1850 1834 as-

1110 1853 1163 1895 tigi
1198 1859 1229 1885 et
1260 1854 1433 1896 publicari,
1469 1854 1579 1897 sicque
1615 1854 1794 1897 publicatas
1820 1861 1851 1888 et

1110 1906 1240 1946 affixas,
1274 1916 1387 1939 omnes
1413 1911 1445 1939 et
1469 1907 1615 1949 singulos
1633 1933 1640 1946 ,
1665 1917 1746 1949 quos
1776 1907 1850 1940 illae

1110 1964 1322 1999 concernunt,
1348 1959 1486 2002 perinde
1511 1964 1636 1992 arctare
1659 1964 1690 1992 et
1710 1959 1848 1999 afficere,

1110 2023 1146 2044 ac
1165 2012 1191 2044 si
1211 2011 1387 2055 unicuique
1407 2022 1517 2045 eorum
1536 2012 1725 2046 nominatim
1738 2019 1769 2046 et
1782 2024 1851 2057 per-

1110 2065 1267 2098 sonaliter
1285 2065 1452 2098 intimatae
1473 2066 1630 2098 suissent:
1649 2071 1751 2109 utque
1772 2067 1850 2110 ipsa-

1109 2128 1180 2150 rum
1204 2118 1388 2151 litterarum
1414 2119 1636 2162 transumptis,
1663 2129 1721 2152 seu
1748 2130 1850 2153 exem·

1109 2171 1180 2214 plis,
1207 2170 1305 2204 etiam
1331 2171 1508 2214 impressiS,
1531 2182 1626 2205 manu
1644 2171 1778 2206 alicuius
1795 2184 1850 2217 pu-

1109 2224 1185 2257 blici
1211 2224 1329 2257 notarii
1354 2225 1557 2268 subscriptis,
1586 2231 1618 2258 et
1648 2225 1756 2268 sigillo
1782 2236 1849 2270 per-

1109 2288 1209 2311 sonae
1250 2278 1282 2310 in
1323 2277 1542 2311 ecclesiastica
1578 2279 1735 2321 dignitate
1772 2291 1849 2313 con-

1109 2331 1240 2364 stitutae
1269 2331 1423 2371 munitis,
1461 2332 1574 2365 eadem
1607 2343 1740 2375 prorsus
1765 2332 1847 2366 fides

1109 2390 1173 2417 tam
1197 2383 1231 2417 in
1263 2385 1383 2418 iudicio
1417 2395 1513 2428 quam
1546 2390 1636 2418 extra
1662 2385 1743 2418 illud
1776 2385 1848 2418 ubi-

1109 2447 1172 2481 que
1190 2437 1394 2478 adhibeatur,
1414 2448 1497 2481 quae
1520 2438 1645 2471 eisdem
1670 2438 1848 2481 praesenti-

1108 2491 1167 2523 bus
1188 2490 1402 2524 adhiberetur
1427 2491 1453 2523 si
1480 2490 1587 2524 forent
1612 2490 1776 2524 exhibitae
1797 2491 1846 2523 vel

1108 2548 1270 2577 ostensae.

1149 2597 1264 2631 Datum
1297 2597 1425 2640 Romae,
1459 2597 1546 2641 apud
1571 2597 1602 2633 S.
1630 2597 1761 2632 Mariam
1784 2595 1846 2633 Ma-

1754 205 1818 238 025
1865 216 1912 242 An.
1935 216 1962 242 C.
1984 215 2050 242 1714

1904 1439 1965 1459 l-'nles
1993 1442 2048 1460 tran·

1863 1468 2000 1491 suaquuiuur
