2269 3203
76 202 128 232 An.
148 202 178 232 C.
195 203 262 231 1716

271 251 383 291 fidens,
420 262 484 285 non
511 251 648 285 Venetas
683 254 817 289 tantum,
843 249 900 282 sed
933 250 1033 293 alias,

272 303 527 338 christianorum
546 304 733 348 principum
752 302 946 346 provincias,
964 302 1012 334 in-

272 358 359 400 genti
386 363 418 391 et
442 358 551 391 forsan
585 357 724 390 antehac
764 355 908 388 inaudito
950 361 1012 387 ter·

272 411 423 444 restrium
447 411 746 453 maritimarumque
765 409 930 452 copiarum
956 418 1011 451 ap·
1032 450 1034 463 Ι

272 470 396 507 paratu,
422 465 484 498 hoc
508 463 672 507 praesenti
699 473 784 496 anno
810 461 955 505 aggredi,
977 472 1012 493 ac

271 517 417 551 cladibus
443 517 621 556 involvere,
644 516 849 559 potissimum
874 514 1012 547 veroin-

271 571 375 603 sulam
401 575 432 604 et
448 570 611 603 civitatem
634 569 803 613 Corcyrae,
828 567 1012 601 securitatis

272 622 396 656 italicae
414 622 712 666 propugnaculum,
733 631 924 665 oppugnare
944 631 1013 653 mo-
1033 653 1035 663 x

272 676 403 715 liretur;
429 687 498 716 nos,
524 681 571 708 tot
597 675 758 718 tantisque
788 674 950 708 Ecclesiae
976 684 1012 706 ac
1033 664 1034 670 ἵ

272 729 491 772 ΓιῡίρυΜίθειε-ῖ,
515 729 581 762 imo
607 733 638 762 et
664 728 851 772 temporalis
882 732 1012 760 nostrae
1033 719 1035 757 ἶ

273 783 407 816 ditionis
432 781 586 825 periculis
612 782 828 815 vehementer
848 780 1012 819 commoti,

272 836 412 879 primum
438 835 571 879 quidem
603 836 642 868 ad
676 835 766 876 Eum,
805 834 859 877 qui
897 839 1014 877 potens

272 894 322 923 cst
346 890 378 922 in
403 889 537 933 praelio,
564 894 631 922 toto
657 889 755 922 corde
791 888 1012 928 clamavimus,
1034 917 1036 927 ,

272 947 307 975 ut
332 943 513 975 secundum
549 942 798 975 multitudinem
835 935 1036 974 miseratio-2

272 1006 349 1028 num
374 1006 503 1028 suarum
525 995 703 1028 redimeret
723 1005 780 1028 nos
799 1006 815 1028 a
833 995 935 1034 malis,
954 1005 1015 1027 nec

274 1048 366 1081 daret
380 1048 617 1082 haereditatem
632 1058 722 1081 suam
737 1048 767 1080 in
783 1048 1013 1091 opprobrium;
1035 1059 1037 1068 ι

274 1101 393 1135 deinde
419 1112 496 1135 vero
522 1101 701 1135 catholicos
732 1101 899 1145 principes
926 1101 1014 1134 omni

273 1160 429 1198 paternae
454 1155 623 1188 charitatis
656 1155 865 1188 contentione
891 1154 1015 1187 hortari

274 1218 339 1240 non
364 1207 653 1250 praetermisimus,
672 1213 707 1240 ut
724 1207 846 1240 labenti
865 1207 911 1240 rei
933 1207 1016 1240 cliri-
1036 1207 1038 1243 i

275 1260 398 1293 stianae
435 1271 532 1304 opem
569 1261 710 1300 ferrent,
749 1270 785 1293 ac
824 1260 1014 1300 eademmet,

275 1312 392 1356 quibus
410 1323 514 1357 nuper
531 1313 618 1346 inter
638 1323 671 1346 se
691 1313 856 1355 digladiati
878 1314 1015 1353 fuerant,

79 1375 365 1424 clafffflafrecl‘eporssffarma
396 1367 429 1400 in
467 1367 623 1400 barbaros
659 1372 901 1400 converterent.
939 1366 1014 1400 Cum

80 1429 188 1456 tusalhae-
275 1425 384 1453 autem
409 1419 494 1453 inter
519 1420 593 1453 illos
615 1419 802 1453 carissimus
827 1420 860 1452 in
885 1419 1015 1453 Christo

275 1472 361 1506 silius
386 1478 495 1506 noster
513 1472 649 1506 loannes
667 1472 889 1516 Portugalliae
915 1477 946 1506 et
964 1473 1016 1505 Al-

276 1526 464 1570 garbiorum
498 1538 554 1561 rex
589 1527 748 1567 illustris,
787 1528 923 1560 eximiae
950 1538 1038 1561 noni

276 1579 382 1612 minus
408 1590 484 1613 suae
505 1580 633 1624 pietatis
660 1580 809 1621 stimulis,
836 1591 931 1624 quam
953 1581 1038 1617 offi„

276 1633 334 1666 ciis
359 1635 482 1667 nostris
514 1634 682 1674 adductus,
720 1634 752 1667 in
790 1634 902 1678 primis
939 1645 1016 1668 vero

276 1687 464 1720 clarissimis
490 1687 646 1720 maiorum
680 1697 814 1720 suorum
848 1687 1016 1730 Portugal-

275 1740 338 1773 liae
364 1750 477 1782 regum
498 1740 537 1773 de
559 1739 757 1773 orthodoxae
778 1739 854 1772 fidei
880 1740 1016 1773 tuitione
1037 1750 1038 1763 ¹

276 1803 312 1826 ac
335 1793 573 1837 propagatione
598 1792 883 1826 meritissimorum
909 1803 1016 1825 exem-

276 1846 339 1889 plis
365 1847 531 1886 excitatus
570 1845 668 1878 nullis
699 1845 915 1878 incommodis
947 1847 1018 1878 nul-

276 1899 382 1942 lisque
408 1899 559 1943 expensis
584 1899 792 1943 quantumvis
819 1898 1039 1941 gravissimisy

276 1963 432 1996 parcens,
473 1963 600 1986 summo
640 1954 710 1986 zelo
751 1953 942 1996 summaque
982 1962 1017 1984 ac

277 2016 360 2049 pene
386 2006 573 2039 incredibili
590 2005 784 2039 liberalitate
803 2011 834 2038 et
852 2005 1016 2038 alacritate
1037 2027 1039 2049 ;

276 2059 309 2092 in
335 2059 490 2092 auxilium
517 2059 714 2092 christianae
745 2059 856 2092 classis
890 2058 1017 2092 validis-

278 2113 395 2146 simum
422 2113 662 2156 quamplurium
688 2112 881 2146 bellicarum
918 2112 1018 2144 muni-

279 2166 539 2210 tissimarumque
563 2166 695 2199 navium
720 2165 900 2198 subsidium
922 2175 1015 2208 quam

99 2222 148 2243 ΕΝ*
164 2223 269 2246 aes-mmo
280 2219 431 2252 citissime
453 2219 686 2252 transmiserit:
706 2229 774 2258 nos,
793 2219 895 2262 probe
914 2218 1017 2251 scien-

86 2250 269 2306 iif'ssiiississffl'i'
281 2276 328 2304 tes
343 2272 547 2315 praedictum
564 2272 716 2305 loannem
731 2282 852 2314 regem,
869 2271 1015 2314 pluribus

86 2305 270 2376 ἑξζιῗῇἧξξῗῖιῗιιιῗ
281 2323 400 2358 abhinc
424 2326 517 2359 annis
542 2325 596 2368 pio
622 2324 785 2358 desiderio
811 2329 935 2357 motum
962 2325 1018 2356 ha-

205 2366 211 2377 *
232 2373 236 2378 '
281 2376 379 2409 bendi
404 2377 436 2410 in
453 2389 511 2412 suo
527 2378 649 2422 palatio
668 2377 757 2420 regio
772 2377 1016 2421 Ulyssiponcnsi

280 2440 377 2463 unam
409 2431 630 2464 cathedralem
656 2430 848 2470 ecclesiam,
875 2441 1018 2463 summo-

279 2493 359 2527 pere
385 2489 555 2526 exoptasse
573 2489 608 2516 ut
625 2483 800 2517 saecularis
821 2494 857 2516 ac
882 2484 1017 2526 insignis

280 2535 451 2578 collegiata
475 2535 614 2568 ecclesia
630 2536 662 2568 in
680 2537 796 2569 eodem
813 2536 946 2579 palatio,
959 2536 1016 2569 sub

278 2588 482 2623 invocatione
507 2588 571 2620 divi
593 2588 735 2624 Thomae
760 2589 912 2633 apostoli,
935 2589 1014 2625 alias

904 199 1045 224 CLEMENS
1071 198 1102 223 Χῖ
1126 199 1173 223 ΡΡ.

1695 189 1758 224 725

1054 259 1071 281 a
1096 247 1189 280 nobis
1214 252 1320 280 erecta
1347 252 1379 279 et
1403 247 1559 286 instituta,
1582 247 1612 279 in
1632 248 1797 280 cathedra-

1056 301 1118 333 lem
1145 300 1317 333 ecclesiam
1344 299 1541 339 huiusmodi,
1576 300 1634 332 suh
1671 299 1796 333 invoca-

1056 354 1143 387 tione
1178 353 1417 397 Assumptionis
1450 353 1654 386 beatissimae
1682 353 1796 385 Mariae

1054 406 1194 449 Yirginis
1219 407 1381 449 erigatur,
1412 411 1655 450 proptereaque
1687 405 1798 438 civitas

1055 465 1087 492 et
1126 460 1286 493 dioecesis
1328 459 1601 503 Ulyssiponenses
1643 458 1675 491 in
1717 459 1796 491 duas

1055 518 1164 556 partes
1191 513 1387 553 dividantur,
1406 514 1488 546 etin
1515 512 1561 545 eis
1589 512 1651 545 duo
1671 511 1799 543 archie-

1055 566 1243 610 piscopatus
1268 566 1519 606 constituantur,
1539 565 1701 599 civitatem
1721 575 1797 597 vero

1056 620 1344 663 Ulyssiponensem
1371 620 1580 663 praedictam,
1614 618 1797 651 Lusitaniae

1056 673 1274 716 metropolim,
1298 678 1363 704 tum
1383 674 1424 705 ob
1444 673 1640 705 maritimum
1659 676 1798 715 portum.

1057 726 1243 759 continuam
1259 725 1473 769 frequentiam
1494 726 1640 758 omnium
1655 725 1798 767 gentium

1058 785 1089 813 ct
1114 779 1297 819 nationum,
1335 780 1542 822 omnigenam
1581 783 1799 812 mercaturam

1057 843 1093 867 ac
1119 833 1305 866 divitiarum
1333 834 1577 873 abundantiam,
1602 838 1670 865 tum
1695 831 1737 864 ob
1755 831 1800 863 in-

1058 891 1189 930 gentem
1214 897 1384 919 numerum
1403 887 1623 926 ecclesiarum,
1643 890 1799 918 monaste-

1058 941 1181 973 riorum
1215 947 1246 973 et
1281 946 1522 980 conventuum,
1560 944 1622 972 tam
1656 939 1798 971 virorum

1059 1004 1155 1036 quam
1182 993 1366 1035 mulierum,
1392 993 1713 1030 confraternitatum,
1741 991 1800 1023 ho-

1059 1046 1223 1090 spitalium
1250 1046 1456 1090 aliorumque
1486 1047 1632 1079 locorum
1658 1045 1798 1088 piorum,

1060 1105 1126 1132 tum
1152 1099 1293 1142 denique
1319 1100 1360 1132 ob
1386 1099 1546 1142 plurimas
1578 1098 1799 1131 nobilissimas

1060 1152 1198 1186 familias
1223 1153 1411 1196 multosque
1436 1153 1522 1185 viros
1558 1152 1589 1184 in
1615 1151 1800 1184 illustribus

1060 1205 1215 1248 gradibus
1227 1205 1424 1238 constitutos
1442 1211 1473 1237 et
1491 1211 1552 1237 tam
1568 1204 1684 1237 litteris
1705 1213 1801 1247 quam

1060 1259 1155 1290 armis
1181 1258 1384 1300 conspicuos,
1423 1263 1489 1290 toto
1526 1258 1604 1291 orbe
1642 1263 1800 1290 terrarum

1060 1311 1306 1344 celeberrimam
1341 1320 1426 1350 esse,
1451 1310 1657 1354 proindeque
1692 1311 1802 1343 huius-

1059 1364 1145 1397 modi
1171 1363 1399 1407 praerogativa
1424 1374 1632 1407 summopere
1659 1364 1800 1407 dignam,

1058 1418 1211 1461 ipsasque
1237 1417 1399 1450 civitatem
1425 1422 1458 1449 et
1481 1417 1659 1449 dioecesim
1686 1416 1802 1460 Ulyssi-

1059 1480 1222 1514 ponenses
1266 1475 1330 1502 tam
1368 1469 1408 1503 ob
1449 1470 1598 1503 laicalem
1640 1463 1801 1513 populum

1061 1534 1157 1567 quam
1183 1523 1224 1556 ob
1251 1524 1374 1555 clerum
1392 1523 1592 1555 saecularem
1619 1527 1651 1555 et
1675 1522 1801 1565 regula-

1060 1588 1128 1610 rem
1155 1576 1247 1609 valde
1279 1586 1491 1615 numerosas,
1516 1585 1644 1609 necnon
1677 1575 1800 1607 fructus

1060 1630 1208 1663 redditus
1242 1635 1273 1663 et
1305 1634 1483 1673 proventus
1509 1639 1641 1662 mensae
1667 1628 1799 1661 archie-

1059 1684 1235 1727 piscopalis
1261 1682 1532 1726 Ulyssiponensis‚
1550 1682 1640 1715 cuius
1667 1682 1803 1715 ecclesia

1060 1738 1098 1770 ad
1124 1747 1280 1781 praesens
1311 1737 1453 1780 pastoris
1487 1736 1604 1769 solatio
1635 1736 1801 1773 destituta,

1060 1796 1094 1823 ut
1129 1790 1322 1834 accepimus,
1362 1789 1480 1829 existit,
1516 1789 1555 1822 ad
1586 1789 1727 1821 duorum
1753 1799 1802 1820 ar-

1060 1843 1371 1887 chiepiscoporum,
1412 1847 1586 1886 postquam
1623 1841 1734 1874 civitas
1772 1847 1804 1874 et

1061 1896 1221 1930 dioecesis
1246 1896 1518 1939 Ulyssiponenses
1556 1895 1743 1928 huiusmodi
1770 1895 1801 1927 in

1061 1950 1139 1983 duas
1165 1955 1274 1993 partes
1301 1949 1421 1982 divisae
1449 1949 1578 1988 fuerint,
1601 1954 1633 1981 et
1658 1949 1690 1981 in
1710 1958 1803 1992 prae-

1061 2003 1155 2036 dictis
1182 2002 1306 2035 duabus
1331 2002 1488 2045 partibus,
1513 2001 1676 2034 mediante
1709 2000 1803 2034 unius

1060 2055 1132 2089 novi
1169 2055 1472 2098 archiepiscopatus
1513 2054 1702 2094 erectione,
1740 2053 1803 2086 duo

1060 2108 1360 2152 archiepiscopatus
1379 2107 1545 2141 constituti
1568 2107 1696 2147 fuerint,
1716 2117 1804 2140 com·

1060 2162 1191 2195 modam
1227 2171 1470 2204 congruamque
1507 2160 1802 2194 substentationem

1060 2215 1353 2249 sufficientissimos
1380 2214 1541 2248 existere:

1104 2270 1118 2313 g
1143 2269 1174 2301 02.
1202 2269 1352 2302 volentes
1379 2268 1483 2301 eidem
1508 2268 1618 2301 Ioanni
1644 2269 1712 2311 regi
1745 2267 1802 2301 ali—
1834 2273 1996 2294 anatomia,

1060 2323 1145 2366 quod
1172 2323 1335 2365 singulare
1360 2321 1462 2354 nostri
1482 2321 1562 2363 grati
1588 2321 1686 2354 animi
1712 2300 1997 2364 arg,1,}}{,}2¹’*¹PY”''·‘}

1812 2359 1831 2373 in
1839 2355 1882 2378 part

1059 2381 1205 2409 mentum
1230 2375 1401 2419 praehere,
1427 2375 1466 2408 ad
1485 2375 1640 2408 maiorem
1658 2375 1715 2407 Dei
1735 2375 1873 2417 glo-taum
1889 2385 1925 2404 ιω

1060 2430 1140 2462 riam
1156 2434 1186 2462 et
1203 2428 1303 2462 divini
1325 2429 1429 2461 cultus
1444 2432 1662 2471 augmentum,
1679 2430 1801 2461 attenta
1811 2405 1997 2482 ἓῖζᾞέἑίξξέῄ·

1060 2481 1276 2525 amplitudine
1307 2481 1454 2514 eiusdem
1494 2480 1652 2514 dioecesis
1683 2471 1996 2530 Ult'Ssi-d333}d³5„ffi¹,fg,ffi

1059 2535 1226 2578 ponensis‚
1251 2540 1340 2567 motu
1366 2534 1513 2577 proprio,
1539 2544 1606 2567 non
1641 2533 1679 2565 ad
1706 2533 1799 2565 alicu·

1810 2542 1847 2562 pro
1861 2536 1927 2556 altero
1939 2541 1994 2556 nmo

1060 2587 1108 2621 ius
1139 2587 1231 2622 nobis
1260 2597 1358 2631 super
1390 2587 1451 2621 hoc
1481 2586 1609 2621 oblatae
1633 2585 1799 2629 petitionis

1804 197 1857 226 An.
1880 197 1993 226 0171ss

1943 2382 1997 2398 ‘nnti-

1811 2565 1831 2584 et
1847 2562 1981 2585 occidentali.
