2269 3203
80 219 132 247 An.
153 217 182 246 C.
202 218 267 245 ¹708

909 215 1048 238 CLEMENs
1075 214 1105 238 x1
1130 215 1177 238 ΡΡ.

275 267 368 300 lestia
382 266 539 310 pervenit,
562 265 661 310 quod,
681 264 824 298 tametsi*
845 274 903 298 nos
922 264 1011 303 alias,

275 330 391 363 nempe
417 319 468 353 die
495 330 539 354 vu
564 318 644 352 iunii
676 327 818 359 MDCCVI,
845 317 876 349 in
910 317 1016 350 conei-

274 373 377 406 storio
403 378 515 407 nostro
548 377 674 406 secreto
695 399 702 411 ,
736 376 770 404 ut
804 370 903 404 moris
942 375 1013 410 est,

274 427 493 460 venerabilem
528 426 657 459 fratrem
690 425 885 458 stanislaum
910 423 1016 457 Szem-

273 480 344 519 bek,
360 486 437 513 tunc
460 480 650 524 episcopum
675 478 970 517 l'ladislariensem‚
999 488 1015 510 a

274 533 403 566 vinculo
440 543 503 576 quo
541 533 712 565 tenebatur
752 531 908 564 ecclesiae
943 531 1013 564 Vla-

273 586 477 620 dislaviensis
494 613 501 626 ,
526 586 576 618 cui
603 591 678 618 tune
703 590 857 629 praerat,
885 585 924 617 de
956 595 1011 617 ve-

274 639 468 672 nerabilium
494 639 625 671 fratrum
651 645 835 671 nostrorum
862 638 894 671 S.
922 638 959 671 R.
977 638 1011 671 E.

273 692 487 725 cardinalium
513 692 650 725 consilio
677 697 707 724 et
732 692 932 735 apostolicae
961 702 1014 735 po-

274 745 397 779 testatis
423 745 628 788 plenitudine
653 746 859 779 absolventes
876 772 883 785 ,
924 745 1014 777 illum

273 798 312 832 ad
338 799 623 842 metropolitanam
649 799 820 832 eeclesiam
847 798 1015 832 Gnesnen-

273 862 352 893 sem,
371 857 459 886 certo
481 857 558 886 tune
577 862 735 895 expresso
755 852 852 885 modo
871 852 1013 896 pastoris

272 905 390 939 solatio
417 905 602 939 destitutam
623 933 630 946 ,
658 906 697 939 de
722 905 862 939 consilio
900 911 930 938 et
961 916 1014 949 po-

274 958 395 991 testatis
421 958 625 1002 plenitudino
652 958 785 1002 paribus
813 958 1014 992 transtuleri-

273 1011 381 1052 rimus‚
407 1012 577 1055 ipsumque
604 1012 709 1045 eidem
731 1012 889 1045 ecclesiae
915 1011 1014 1045 Gnes-

273 1065 364 1098 uensi
392 1065 423 1098 in
445 1066 734 1109 archiepiscopum
754 1065 1012 1109 praefecerimus

273 1123 305 1150 et
330 1124 506 1161 pastorem,
532 1129 658 1157 euram,
683 1119 830 1161 regimen
856 1124 887 1152 et
912 1118 1014 1152 admi—

272 1171 499 1204 nistrationem
522 1171 623 1215 ipsius
638 1172 796 1205 ecelesiae
815 1172 1013 1205 Gnensensis

273 1224 319 1256 illi
347 1224 378 1256 in
404 1224 630 1267 spiritualibus
645 1229 677 1258 et
695 1225 929 1268 temporalibus
947 1225 1014 1268 ple-

274 1277 365 1309 narie
391 1277 640 1317 eommittendo‚
668 1277 870 1321 liberamque
900 1278 946 1310 illi
974 1278 1012 1310 ad

273 1330 446 1363 ecclesiam
464 1330 687 1364 Gnesnensem
709 1331 895 1364 huiusmodi
916 1336 1014 1364 trans·

273 1383 370 1416 eundi
398 1383 563 1417 licentiam
591 1383 777 1423 tribuendo,
804 1394 942 1423 necnon,
969 1389 1014 1416 ta-

273 1436 368 1470 metsi
394 1436 545 1477 subinde,
573 1447 692 1480 nempe
719 1437 770 1469 die
794 1447 854 1470 xxv
868 1436 1012 1470 eiusdem

273 1490 394 1531 mensis
422 1489 514 1530 iunii,
541 1489 654 1522 itidem
679 1490 713 1522 in
738 1489 934 1522 concistorio
958 1499 1015 1522 no·

273 1548 340 1576 stro
359 1548 484 1576 secreto
502 1542 564 1586 ipsi
583 1543 738 1576 eeclesiae
756 1543 1014 1584 Vladislaviensi,

273 1607 332 1640 per
349 1598 593 1631 translationem
611 1597 800 1632 huiusmodi
819 1598 954 1638 vacanti,
975 1598 1014 1631 de

273 1652 417 1692 persona
441 1650 639 1684 venerabilis
666 1651 774 1683 fratris
807 1650 1014 1684 Constantini

272 1701 491 1743 Szianiawski‚
517 1703 611 1736 nobis
630 1708 662 1736 et
681 1703 904 1737 cardinalibus
923 1713 1015 1747 prae-

273 1755 346 1788 fatis
371 1756 414 1788 ob
439 1766 572 1789 suorum
598 1757 794 1800 exigentiam
818 1749 1012 1790 meritorum

273 1810 414 1852 accepta,
441 1809 480 1842 de
498 1809 687 1842 eorumdem
706 1809 922 1842 cardinalium
940 1819 1015 1842 eon-

272 1861 345 1895 silio
359 1862 550 1895 auctoritate
568 1862 746 1906 apostolica
764 1862 1013 1906 providerimus,

273 1914 445 1961 ipsumque
467 1915 713 1948 Constantinum
732 1915 836 1949 eidem
856 1915 1014 1948 ecclesiae

273 1966 516 2002 Vladislaviensi
548 1968 577 2001 in
606 1969 798 2012 episcopum
822 1968 1015 2012 praefeceri-

272 2031 343 2053 mus
362 2026 394 2054 et
411 2026 587 2064 pastorem,
602 2032 722 2062 curam,
744 2021 893 2064 regimen
911 2027 943 2054 et
960 2014 1013 2054 ad-

272 2074 544 2116 ministrationem
564 2075 666 2118 ipsius
685 2075 843 2108 ecclesiae
859 2075 1015 2108 Yladisla-

272 2128 390 2161 viensis
408 2128 454 2161 illi
477 2128 509 2161 in
533 2129 763 2173 spiritualibus
779 2134 811 2162 et
828 2129 1014 2173 temporali-

274 2180 333 2213 bus
356 2182 504 2224 plenarie
529 2181 681 2215 similiter
707 2181 958 2222 committendo,
984 2186 1016 2214 et

275 2235 366 2274 alias,
384 2241 480 2278 prout
496 2235 529 2268 in
547 2235 632 2268 binis
648 2246 702 2268 seu
728 2235 876 2278 pluribus
895 2235 1013 2267 nostris

275 2287 334 2319 sub
369 2288 505 2331 plumbo
546 2288 686 2331 desuper
727 2288 888 2331 expeditis
927 2288 1015 2320 litte-

275 2340 319 2372 ris
346 2341 479 2374 uberius
503 2342 714 2381 continetur·,
749 2352 785 2373 ac
811 2340 938 2373 tametsi
962 2341 1016 2373 de-

276 2402 362 2425 mum
384 2394 447 2437 ipsi
477 2394 657 2427 Stanislaus
684 2394 951 2437 archiepiscopus
985 2399 1014 2426 et

277 2445 504 2479 Constantinus
522 2447 706 2491 episcopus,
734 2453 808 2490 post
832 2452 959 2490 captam
985 2451 1017 2479 et

277 2498 516 2541 apprehensam
542 2501 757 2534 ecclesiarum
794 2500 1015 2543 praefatarum

315 2614 325 2640 1
347 2611 414 2640 Male
434 2612 499 2640 edit.
520 2612 601 2640 Main.
622 2614 688 2650 legit
709 2617 806 2642 lamen
826 2620 864 2650 (R.
881 2616 930 2647 Τ.),

1059 263 1320 306 possessionem,
1347 273 1423 296 suos
1460 263 1492 295 in
1529 262 1592 296 illis
1617 264 1798 306 respective

1059 316 1215 350 officiales
1241 316 1471 350 constituerint
1492 321 1524 350 et
1548 316 1797 359 deputaverint:

1058 369 1275 403 nihilominus
1301 380 1367 403 non
1401 369 1523 410 defuit,
1550 369 1627 413 qui,
1654 369 1798 402 omnium

1059 423 1278 456 humanarum
1296 433 1400 466 acque
1422 433 1457 456 ac
1482 422 1663 455 divinarum
1690 422 1799 464 legum

1059 476 1240 517 immemor,
1268 477 1423 519 nullaque
1453 476 1492 508 ad
1519 476 1549 508 id
1577 475 1720 517 legitima
1746 485 1801 507 au-

1058 529 1203 563 ctoritate
1230 529 1396 570 sull'ultus,
1424 529 1479 563 sed
1506 531 1577 563 sola
1614 529 1719 562 laicali
1747 539 1801 571 po-

1058 589 1194 623 testate,
1221 594 1276 616 seu
1303 584 1409 626 potius
1442 593 1607 616 armorum
1644 582 1800 615 violentia

1061 637 1178 676 fretus,
1204 646 1263 680 per
1296 647 1372 669 suas
1406 637 1529 670 litteras
1562 635 1691 669 dilectis
1726 634 1800 668 filiis

1059 690 1202 732 capitulo
1228 695 1259 722 et
1283 690 1449 723 canonicis
1475 690 1579 722 dictae
1609 688 1800 731 metropoli-

1060 748 1152 775 tanae
1180 743 1336 776 ecclesiae
1362 742 1559 776 Gnesnensis
1585 742 1636 775 die
1672 751 1722 775 xV1
1755 752 1802 774 sc-

1058 794 1216 838 ptembris
1241 795 1315 827 anni
1343 795 1489 838 proxime
1515 794 1701 838 praeteriti,
1742 804 1799 826 seu

1058 847 1121 881 alio
1139 848 1259 881 veriori
1277 854 1433 892 tempore,
1453 849 1664 891 conscriptas,
1680 848 1800 880 dietum

1057 900 1252 934 Stanislaum
1272 901 1560 945 archiepiscopum
1575 907 1799 945 usurpatorem

1058 955 1146 988 illius
1172 955 1330 988 ecclesiae
1356 966 1548 1000 nuncupare
1568 983 1575 996 ‚
1601 966 1636 988 ac
1661 955 1799 999 proinde

1057 1009 1096 1041 ab
1123 1008 1201 1052 ipsis
1226 1009 1368 1052 capitulo
1395 1016 1426 1043 et
1459 1009 1623 1043 canonicis
1658 1009 1799 1051 aliquem

1058 1073 1094 1095 ex
1121 1072 1233 1095 corum
1270 1063 1396 1105 gremio
1433 1063 1465 1095 in
1501 1062 1799 1095 administratorem

1057 1117 1220 1149 bonorum
1243 1116 1392 1149 eiusdem
1410 1116 1682 1159 metropolitanae
1698 1116 1800 1148 ecrle-

1057 1170 1149 1209 siae,
1175 1169 1311 1213 perinde
1337 1180 1373 1203 ac
1397 1169 1422 1202 si
1448 1169 1503 1203 illa
1528 1169 1636 1201 adbuc
1660 1174 1798 1207 vacaret,

1057 1223 1247 1265 eligendum
1274 1233 1354 1263 esse,
1382 1228 1514 1262 temere,
1544 1222 1661 1254 iniuste
1680 1227 1711 1254 et
1729 1222 1799 1253 sine

1056 1276 1122 1308 ullo
1148 1286 1284 1319 prorsus
1311 1276 1458 1318 legitimo
1486 1275 1698 1307 fundamento
1717 1285 1800 1307 asse-

1057 1338 1130 1361 rere
1155 1328 1393 1371 praesumpsit3
1421 1338 1457 1361 ac
1482 1327 1620 1360 subinde
1647 1337 1711 1359 non
1744 1327 1800 1359 mi-

1057 1392 1116 1415 nus
1143 1381 1298 1414 audacter
1323 1392 1382 1425 per
1407 1381 1485 1414 alias
1527 1391 1601 1413 suas
1639 1380 1689 1413 die
1724 1390 1799 1413 xxiii

1057 1435 1205 1468 eiusdem
1230 1435 1350 1468 mensis
1383 1434 1606 1478 septembris,
1640 1444 1697 1467 seu
1735 1433 1798 1466 alio

1057 1488 1173 1522 veriori
1190 1494 1348 1532 tempore,
1369 1494 1514 1521 exaratas
1533 1487 1658 1520 litteras
1676 1487 1798 1520 eisdem

1058 1542 1200 1586 capitulo
1227 1546 1259 1575 et
1289 1541 1456 1575 canonicis
1493 1541 1666 1584 iniungere
1704 1551 1799 1573 ausus

1058 1596 1126 1635 suit,
1151 1602 1186 1629 ut
1210 1605 1322 1628 omnes
1349 1601 1524 1639 proventus
1550 1594 1654 1627 dietae
1683 1600 1799 1627 metro-

1058 1649 1224 1692 politanae
1243 1649 1401 1682 eeelesiae
1420 1647 1617 1681 Gnesnensis
1635 1653 1800 1691 tamquam

1057 1702 1200 1735 vacantis
1225 1712 1243 1734 a
1268 1707 1416 1745 tempore
1442 1701 1549 1734 obitus
1574 1701 1730 1744 postremi
1762 1700 1800 1732 il-

1058 1756 1118 1789 lius
1139 1754 1388 1798 archiepiscopi,
1409 1760 1471 1788 tam
1491 1754 1686 1798 praeteritos
1704 1764 1799 1796 quam

1059 1809 1192 1848 futuros,
1209 1808 1301 1841 titulo
1323 1808 1434 1847 mutui,
1451 1808 1557 1841 futuro
1580 1807 1800 1850 archiepisco-

1058 1872 1121 1906 po,
1146 1867 1182 1894 ut
1205 1861 1342 1894 asseruit
1358 1889 1365 1901 ,
1392 1871 1453 1904 per
1478 1860 1715 1904 rempublicam
1750 1870 1800 1892 re-

1058 1914 1244 1954 sarciendi,
1284 1914 1317 1946 in
1354 1914 1501 1946 manibus
1541 1913 1712 1945 cuiusdam
1749 1923 1800 1945 ca-

1057 1967 1180 2011 pitanei
1207 1966 1419 2001 commissarii
1446 1976 1463 1999 a
1487 1976 1520 1999 se
1547 1965 1725 2005 nominati,
1761 1965 1799 1997 ad

1058 2021 1206 2054 effectum
1232 2021 1305 2054 illos
1331 2019 1487 2062 erogandi
1513 2029 1572 2063 pro
1601 2018 1800 2051 auctoranda

1059 2075 1158 2108 totius
1185 2073 1307 2118 patriae
1334 2073 1473 2113 militia,
1498 2072 1684 2115 consignari
1705 2099 1712 2112 ,
1747 2083 1800 2105 ex-

1059 2127 1140 2160 tradi
1166 2133 1197 2160 et
1222 2126 1386 2159 numerari
1413 2126 1538 2168 absque
1571 2125 1637 2157 ulla
1672 2130 1802 2158 cuncta-

1059 2180 1146 2213 tione
1184 2185 1357 2219 eurarent,
1389 2179 1450 2211 sub
1487 2179 1602 2221 poenis
1628 2179 1799 2221 perleges

1058 2239 1171 2267 contra
1196 2234 1420 2266 mandatorum
1440 2232 1605 2274 regiorum
1621 2237 1802 2273 transgres-

1058 2296 1148 2319 sores
1174 2286 1324 2324 statutis,
1353 2296 1389 2317 ac
1414 2284 1540 2317 adiecta
1566 2284 1702 2327 insuper
1728 2293 1801 2316 exe-

1059 2339 1195 2373 cutionis
1220 2338 1369 2372 militaris
1394 2337 1662 2370 comminatione.

1103 2393 1117 2435 g
1142 2392 1172 2425 9.
1200 2392 1386 2425 Successive
1404 2401 1492 2431 vero,
1511 2401 1582 2423 cum
1601 2390 1801 2424 animadver-
1839 2398 1940 2418 nonnemo
1961 2404 1995 2417 w

1811 2426 1876 2450 pitulo
1907 2430 1935 2443 vis·
1965 2431 1987 2443 ar

1060 2446 1151 2479 tisset
1175 2446 1263 2490 quod
1289 2445 1417 2478 litterae
1444 2444 1630 2477 huiusmodi
1653 2449 1684 2476 et
1713 2454 1948 2498 nlssn·?;?;‘¹,u‘}{³“¹¹
1971 2435 1997 2470 ¹1ss

1060 2499 1132 2531 data
1157 2499 1190 2531 in
1217 2499 1263 2531 eis
1297 2503 1449 2531 contenta
1482 2498 1650 2541 (capitulo
1687 2502 1718 2529 et
1750 2508 1801 2529 ca-

1060 2552 1187 2584 nonicis
1212 2552 1367 2594 praefatis
1393 2551 1621 2593 obtemperare
1655 2550 1702 2582 eis
1736 2560 1801 2581 me-

1060 2604 1122 2636 rito
1149 2604 1434 2648 detrectantibus>
1461 2603 1569 2636 inania
1602 2613 1736 2646 prorsus
1769 2607 1800 2633 et

1696 205 1760 237 5309
1807 213 1860 240 An.
1883 213 1910 241 C.
1932 213 1997 240 1708
