2269 3203
129 196 180 224 Αιι.
201 194 230 224 C.
246 197 314 225 1715

155 258 199 279 lnli
203 259 244 279 ctio
259 259 315 280 iuli-

129 285 171 305 laet

128 302 508 359 ⁸0·m.1.1·.me-pton1ptitts
534 303 572 335 ab
597 303 749 336 omnibus
779 308 999 362 pelagantur,

128 341 206 359 603115(ι

214 287 313 307 rot-riti

946 200 1089 225 CLEMNES
1113 199 1147 224 Xl
1172 201 1220 225 Pr.

368 248 383 291 g
415 248 446 281 1.
480 249 566 284 Haec
597 254 707 283 autem
731 255 765 282 ut
796 249 994 282 siuetttosiiis
1027 261 1063 282 ac

1026 314 1061 335 ex

324 354 433 397 prisco
460 356 621 389 Romame
647 355 808 390 Ecclesiae
834 356 978 389 omnium
1004 367 1063 388 ina-

326 408 381 440 tris
406 415 437 441 et
461 409 633 452 magistrae
659 420 760 448 inore,
786 409 973 442 caelestium
995 421 1063 442 mu-

324 472 439 494 nerum
466 463 654 501 thesauros,
682 473 818 505 qnorum
846 462 1061 505 dispensatIO-

324 525 396 547 nem
423 514 496 548 fidei
530 520 657 547 nostrae
691 515 851 547 commisit
876 515 983 548 divina
1010 516 1059 548 di

324 567 444 609 gnatio,
468 568 595 610 aperire
614 573 645 600 et
663 568 786 601 liberali
813 579 908 600 manu
927 579 1063 611 erogare

324 620 537 653 decrevimus.
565 621 675 663 ltaque
694 621 732 654 de
755 621 986 664 omnipotentis
1008 622 1062 654 Dei

323 673 557 713 misericordia,
579 684 616 706 ac
633 673 803 706 beatorum
820 674 905 706 Petri
925 679 954 707 et
974 674 1061 708 Pauli

323 726 546 767 apostolorum
574 726 641 758 eius
667 727 856 759 auctoritate
879 727 1003 768 contisi,
1025 738 1061 760 ex

322 779 377 811 illa
409 778 531 821 ligandi
565 785 660 823 atque
697 780 844 813 solvendi
878 785 1061 823 potestate,

322 843 416 874 quam
436 833 531 865 nobis
546 833 711 874 Dominus,
725 833 800 866 licet
819 834 970 876 indignis,
989 845 1063 867 con-

323 883 407 924 tulit,
434 885 593 918 universis
612 891 643 918 et
667 886 805 929 singulis
829 887 997 930 utriusque
1018 898 1064 919 se-

322 947 379 970 ⁴xus
405 938 674 972 christifidelibus
690 939 721 972 in
740 940 883 983 praefata
910 939 993 972 Urbe
1014 941 1063 973 de-

322 991 486 1031 gentibus,
504 992 559 1035 qui
579 992 716 1025 solemni
735 993 946 1036 processioni,
966 1004 1061 1036 quam

322 1043 402 1076 seria
427 1045 568 1077 secunda
593 1045 731 1088 proximi
758 1046 828 1078 sesti
855 1046 1062 1080 Pentecostes

322 1108 339 1129 ιι
363 1097 493 1130 basilica
519 1098 678 1141 Principis
696 1100 924 1141 Apostolorum
952 1100 989 1132 ad
1016 1110 1063 1132 ec-

322 1150 454 1183 clesiam
480 1150 510 1183 S.
539 1151 678 1194 Spiritus
713 1152 743 1184 in
769 1152 863 1184 Saxia
889 1153 927 1185 de
949 1154 1062 1186 eadem

321 1201 424 1242 Urbe,
452 1205 515 1236 una
547 1214 619 1236 cum
645 1205 888 1238 venerabilibus
913 1206 1062 1238 fratribus

320 1256 440 1288 nostris
465 1261 596 1290 sanetae
618 1257 782 1290 Romanae
806 1258 968 1291 Ecclesiae
995 1270 1062 1291 car-

321 1308 502 1349 dinalihus,
536 1320 664 1343 necnon
696 1311 902 1354 patriarchis,
941 1311 1062 1344 archie-

320 1362 463 1406 piscopis
488 1368 520 1396 et
544 1363 727 1406 episcopis,
752 1374 833 1406 quos
860 1364 891 1396 in
918 1364 1061 1398 Romana

319 1415 412 1449 Curia
425 1417 537 1449 adesse
553 1416 737 1459 contigerit,
753 1428 788 1450 ac
808 1417 1061 1451 christianorum

319 1480 432 1512 regum
468 1475 500 1503 et
534 1470 718 1514 principum
755 1471 938 1505 oratoribus
975 1473 1060 1516 apud

320 1534 380 1556 nos
399 1523 627 1564 existentibus,
648 1525 800 1567 praelatis
818 1536 949 1569 quoque
968 1531 999 1559 et
1018 1526 1062 1559 of-

319 1575 478 1608 ficialibus
514 1576 658 1609 eiusdem
684 1577 817 1617 Curiae,
846 1579 1059 1623 universoque

318 1630 406 1662 clero
433 1635 463 1661 et
488 1631 629 1673 populo,
656 1631 870 1664 benedicente
897 1632 1033 1666 Domino
1050 1661 1057 1674 ,

320 1682 359 1714 de
384 1692 473 1715 more
499 1692 653 1725 agemus,
680 1683 792 1717 devote
827 1685 1057 1726 interfuerint,

319 1736 369 1768 vel
388 1736 419 1769 S.
435 1736 561 1769 Ioannis
576 1736 607 1768 in
626 1737 794 1776 Laterano,
813 1739 955 1772 eiusdem
975 1740 1060 1773 Prin-

319 1789 400 1832 cipis
427 1790 666 1832 Apostolorum,
689 1796 721 1823 et
737 1791 769 1824 S.
789 1791 906 1825 Mariae
928 1792 1058 1826 Maioris

319 1842 423 1875 dictae
441 1842 535 1875 Urbis
561 1844 715 1876 ecclesias
741 1854 795 1876 seu
821 1844 982 1884 basilicas,
1010 1848 1058 1880 vel

319 1906 430 1928 earum
455 1895 609 1939 aliquam,
636 1896 718 1929 intra
751 1898 890 1940 spatium
921 1899 1056 1932 duarum

318 1948 540 1991 proximarum
565 1949 844 1982 hebdomadarum
864 1961 878 1982 ιι
898 1951 1058 1985 dominica

318 2001 401 2034 infra
419 2007 601 2036 currentem
624 2008 769 2036 octavam
787 2004 993 2037 Ascensionis
1014 2005 1058 2037 in-

318 2054 551 2095 choandarum,
570 2057 685 2089 saltem
710 2058 822 2097 semel,
848 2057 959 2090 devote
985 2058 1057 2090 visi-

319 2108 474 2149 taverint,
493 2114 554 2142 etc.
575 2109 731 2153 (Reliqua
747 2110 818 2142 vide
833 2110 911 2143 aliis
929 2111 1030 2153 Iocis).

360 2161 474 2195 Datum
498 2162 629 2202 Rornae,
648 2163 733 2205 apud
760 2163 791 2196 S.
814 2164 942 2196 Mariam
961 2164 1058 2197 Maio-

317 2225 396 2255 rem,
411 2215 470 2248 sub
487 2217 607 2249 annulo
625 2216 808 2257 piscatoris,
827 2217 878 2249 die
895 2227 964 2250 xxxt
982 2218 1056 2250 maii

317 2276 455 2308 Muccxv‚
475 2268 686 2311 pontificatus
703 2269 809 2302 nostri
828 2280 912 2302 anuo
932 2280 982 2303 xv.

355 2328 414 2355 Dat.
431 2330 475 2356 die
491 2330 520 2357 31
541 2330 604 2357 maii
621 2331 699 2364 1715,
722 2332 823 2366 pontis.
842 2339 913 2358 anno
934 2338 976 2357 xv.

621 2462 747 2496 CCXIX.

318 2528 512 2562 Declaratur
535 2531 629 2564 nulla
653 2533 831 2576 appellatio
851 2538 880 2566 et
901 2538 1057 2576 protesta-

364 2582 408 2616 tio
429 2584 653 2625 procuratoris
675 2585 797 2626 fiscalis
827 2588 859 2618 ἱιι
883 2597 982 2630 reqno
1006 2586 1055 2620 Si-

1151 250 1248 283 cz'liae
1287 251 1440 284 adversas
1477 253 1570 285 binas
1607 256 1851 288 constitutiones

1151 303 1357 345 apostolicas,
1385 315 1455 336 cum
1479 306 1594 348 poenis
1621 307 1653 338 z‘n
1680 311 1847 339 contrave-

1152 357 1272 388 aientes
1286 356 1304 389 ¹.

1320 418 1456 446 Clemens
1478 420 1558 453 Papa
1577 421 1626 452 xl,

1244 461 1280 487 ad
1300 461 1436 488 futuram
1456 463 1501 490 rei
1521 464 1703 491 memoriam.

1152 513 1210 556 ξι.
1227 513 1475 548 Innotuitnobis
1492 527 1606 560 nuper
1627 517 1724 559 quod,
1741 519 1849 550 statim
1874 530 1912 550 ιιι
1917 536 1959 550 ικιιι
1965 531 1997 551 ιι

1109 576 1142 598 ac
1169 567 1206 599 ad
1234 567 1362 600 Siciliae
1392 579 1527 611 iegnuin
1562 570 1681 602 disetti
1716 571 1823 613 contig
1829 562 1888 628 iil..
1877 564 1950 608 ιιιιΪ
1947 587 1963 602 ι
1979 585 2046 604 ιι

1986 617 2004 629 ι,

1107 619 1261 661 quasdam
1280 626 1371 653 nosti
1374 631 1407 653 as
1425 632 1442 654 x
1465 622 1621 655 lalendas
1643 624 1748 655 martii
1776 635 1850 666 pto-
1866 618 1900 654 ἰ-

1106 671 1168 702 xin
1174 681 1190 703 e
1220 671 1389 714 ptaeteiiti
1422 674 1480 706 sub
1514 675 1647 717 plumbo
1682 676 1848 719 expeditas

1106 723 1251 764 litteras,
1279 725 1396 768 quihus
1414 753 1421 766 ,

1107 787 1280 821 expressas
1298 779 1449 819 rationes,
1469 786 1676 823 praetensam
1696 784 1850 826 apostoli—

1107 831 1324 865 caineiusdem
1339 833 1430 876 regni
1449 835 1646 876 legationem
1667 849 1702 868 ιιῑ
1722 848 1849 870 monar-

1106 884 1212 917 chiam
1232 892 1447 930 nuncupatam
1467 888 1602 932 eiusque
1619 897 1775 923 assertum
1795 891 1849 923 tri-

1106 939 1216 978 bunal,
1230 942 1293 971 una
1308 951 1378 973 curn
1397 941 1482 974 illius
1498 942 1622 983 iudicis,
1637 944 1847 984 notariorum,

1106 991 1300 1032 scribarum,
1320 993 1542 1028 ministrorum
1561 997 1768 1040 aliorumque
1786 997 1849 1030 offi-

1106 1043 1233 1077 cialium
1252 1047 1476 1088 quorumlibet
1493 1047 1714 1090 dignitatibus,
1734 1050 1847 1082 officiis

1106 1102 1137 1129 et
1170 1098 1358 1131 ministeriis
1386 1100 1665 1144 quibuscumque,
1693 1102 1846 1145 omnique

1106 1160 1218 1182 eorum
1236 1151 1340 1192 titulo,
1359 1153 1498 1186 essentia
1516 1160 1547 1186 et
1567 1154 1845 1195 denominatione,

1105 1209 1265 1245 perpetuo
1302 1204 1515 1245 extinximus,
1545 1208 1782 1250 suppressimus
1816 1214 1848 1241 et

1105 1257 1302 1289 abolevimus
1321 1285 1327 1297 ,
1365 1259 1526 1302 simulque
1565 1261 1660 1294 etiam
1696 1262 1846 1304 vulgatae

1105 1309 1226 1342 ibidem
1258 1310 1387 1343 fuerunt
1419 1312 1499 1345 aliae
1537 1319 1666 1347 nostrae
1692 1314 1723 1347 in
1749 1315 1846 1348 simili

1104 1362 1206 1396 forma
1232 1363 1339 1396 Brevis
1358 1365 1485 1399 litterae
1504 1366 1542 1399 ad
1561 1368 1766 1401 venerabiles
1786 1369 1847 1401 sra-

1105 1422 1170 1450 tres
1203 1417 1467 1461 archiepiscopos
1493 1425 1523 1452 et
1548 1421 1741 1464 episcopos,
1776 1432 1847 1455 nec-

1104 1480 1170 1502 non
1189 1470 1325 1503 dilectos
1347 1470 1429 1504 tilios
1449 1476 1510 1505 tam
1529 1465 1729 1507 saecularem
1749 1485 1844 1518 quam

1105 1525 1288 1566 regularem
1320 1525 1462 1565 clerum,
1493 1527 1704 1571 reliquosque
1731 1538 1844 1562 omnes

1104 1576 1333 1610 christifideles
1359 1579 1449 1621 regni
1471 1579 1604 1622 praefati
1638 1582 1675 1613 ea
1700 1581 1768 1623 ipsa
1794 1581 1844 1613 die

1102 1630 1256 1663 videlieet
1280 1642 1318 1664 xx
1344 1631 1498 1664 februarii
1532 1643 1637 1676 nuper
1669 1633 1771 1676 elapsi
1799 1634 1846 1667 di-

1105 1689 1219 1723 rectae,
1247 1684 1374 1727 quibus,
1392 1696 1452 1728 pro
1474 1687 1582 1718 nostra
1601 1696 1678 1729 erga
1698 1687 1771 1719 illos
1793 1698 1846 1729 po-

1102 1737 1196 1779 pulos
1228 1737 1397 1776 charitate,
1427 1744 1550 1771 certum
1576 1739 1844 1783 praescripsimus

1101 1789 1244 1830 modum,
1272 1801 1336 1833 quo
1363 1801 1479 1824 causae
1506 1791 1580 1824 dicti
1608 1793 1700 1834 regni
1726 1793 1765 1825 ad
1798 1793 1845 1825 so-

1101 1853 1172 1876 rum
1188 1844 1438 1876 ecclesiasticum
1453 1845 1653 1887 pertinentes
1672 1846 1709 1878 de
1725 1851 1843 1885 cetero,

1102 1897 1197 1929 etiarn
1235 1897 1356 1930 abolito
1394 1898 1604 1931 monarchiae
1641 1898 1843 1941 supradictae

1103 1949 1281 1990 tribunali,
1308 1952 1461 1992 cognosci
1495 1956 1526 1983 et
1551 1951 1678 1983 deliniri
1710 1958 1844 1994 possent

1101 2013 1137 2035 ac
1164 2003 1319 2036 deberent
1353 2003 1383 2035 in
1415 2004 1554 2047 ipsomet
1591 2015 1712 2046 regno,
1738 2005 1843 2038 donec

1100 2056 1162 2088 alia
1187 2057 1311 2089 ratione
1329 2057 1458 2089 anobis
1479 2057 1536 2090 ac'2
1553 2057 1634 2089 Sede
1657 2057 1844 2100 Apostolietl

1099 2108 1305 2142 indemnitati
1331 2119 1366 2142 ac
1392 2109 1569 2143 commodis
1595 2109 1735 2143 nationis
1758 2110 1843 2143 Sicu-

1100 2162 1149 2194 lae
1177 2161 1310 2195 uberius
1328 2163 1567 2202 consuleretur,
1586 2173 1621 2195 ac
1638 2163 1727 2203 alias,
1743 2168 1843 2206 prout

1100 2214 1130 2246 in
1164 2214 1318 2247 ambabus
1355 2215 1475 2247 nostris
1511 2215 1628 2248 litteris
1667 2215 1842 2258 praedictis

1136 2286 1145 2312 1
1169 2285 1303 2311 Laud-atae
1319 2285 1524 2312 constitutiones
1539 2285 1625 2312 editae
1640 2286 1717 2313 fuere
1727 2292 1841 2320 mccxx,

1099 2329 1142 2356 die
1162 2330 1195 2356 20
1214 2330 1360 2364 februarii,
1383 2330 1478 2365 pontif.
1500 2337 1544 2365 ΧΥ,
1565 2338 1681 2366 quarum
1701 2332 1755 2357 una
1774 2331 1840 2358 aho-

1098 2373 1168 2400 letur
1187 2374 1344 2401 monarchia
1368 2374 1476 2409 Sicula,
1497 2379 1524 2402 et
1543 2375 1628 2402 altera
1647 2375 1841 2409 praescribitur

1098 2418 1194 2445 modus
1215 2427 1262 2454 pro
1274 2419 1330 2445 foro
1347 2419 1541 2452 ecclesiastic03
1557 2420 1750 2446 constitutione
1770 2419 1840 2446 edita

1099 2469 1234 2497 nuccii-vn,
1253 2463 1296 2490 die
1311 2463 1346 2490 ΞΟ
1364 2463 1492 2498 octobris,
1514 2463 1610 2498 pontis.
1632 2471 1700 2497 xvn,
1722 2465 1840 2490 declara·

1100 2509 1142 2533 tur
1157 2507 1262 2534 nullum
1278 2507 1395 2534 edictum
1414 2507 1560 2534 saecularis
1585 2508 1724 2542 potestatis
1743 2507 1770 2533 in
1789 2507 1839 2533 Sa-

1099 2551 1198 2577 haudia
1217 2551 1337 2578 dominio
1357 2551 1467 2578 Sanctae
1488 2551 1564 2578 Sedis
1580 2551 1783 2586 praeiudiciale.

1134 2594 1149 2621 2
1170 2595 1242 2623 Edit.
1263 2595 1343 2623 Main.
1365 2596 1431 2631 legit
1449 2604 1465 2622 α
1490 2596 1525 2630 [ιι.
1542 2596 1591 2629 τ.).

1739 198 1803 231 677
1851 206 1902 233 An.
1919 206 1949 233 C.
1972 206 2041 234 1715

1449 727 1490 759 ob
1516 728 1720 770 gravissimas
1746 729 1777 761 in
1804 730 1927 761 eis-‚aa
