2269 3203
291 225 340 250 Αη.
363 225 391 250 (J.
414 225 473 251 l'ill

307 1448 343 1471 Qui
354 1448 379 1468 ad
389 1453 414 1468 ea
425 1448 477 1468 uniti

294 1477 370 1498 poSsmt
396 1475 426 1494 vet
443 1474 478 1494 ilo-

293 1500 354 1523 heul,
370 1503 389 1520 et
404 1508 416 1520 a
433 1507 477 1527 qni-

294 1526 332 1546 bus
378 1527 477 1547 submini-

293 1553 356 1573 strari
367 1559 478 1579 expensae.

532 215 589 248 ’ὧϋ

485 273 621 304 continua
645 275 902 314 contemplationis
932 274 1080 304 exercitia.
1107 274 1224 311 Verum,

484 332 516 351 ex
541 333 597 362 quo
620 323 653 352 ad
683 323 830 362 publicum
865 322 1009 353 Ecclesiae
1042 323 1225 360 famulatum,

485 371 604 410 agrique
628 371 765 400 dominici
785 372 940 405 culturam,
955 380 1137 400 summorum
1155 371 1227 400 Pon-

486 419 595 449 tificum
629 420 814 455 auctoritate,
840 420 972 449 translati
996 429 1109 456 sumus,
1133 418 1226 448 nostri

485 468 540 497 iam
563 468 691 498 instituti
715 468 788 498 ratio
813 468 951 507 postulat,
976 472 1007 497 ut
1028 477 1093 497 cum
1117 467 1226 496 theolo-

485 517 534 555 gia
557 517 685 555 mystica,
710 526 783 555 quae
806 526 874 546 sane
904 525 970 555 pars
993 520 1036 546 est
1057 516 1228 545 Carmelita-

485 576 549 596 rum
572 567 691 606 optima,
709 567 873 596 litterarum
897 566 1147 604 scientiarumque
1169 569 1228 595 stu-

485 615 530 644 dia
562 625 619 645 non
646 615 769 654 impigre
800 615 1024 653 eoniungamus
1049 614 1142 650 Quare
1171 618 1227 643 sta-

488 663 595 693 tuimus
619 663 647 692 in
672 663 786 702 primis,
805 664 881 702 quod
904 664 934 693 in
958 664 1097 693 universo
1119 662 1227 692 Ordine

485 715 584 741 nostro
601 711 659 740 sint
675 711 768 740 studia
783 712 929 749 generalia
948 711 1141 751 quadraginta
1159 719 1228 749 qua-

487 764 562 797 tuor,
587 760 740 789 videlicet:
773 760 893 796 Romae,
928 760 1060 798 Parisiis,
1093 759 1226 795 Tolosae,

486 808 611 845 l‘aduae,
636 808 753 847 Papiae,
771 809 918 848 *Neapolis
935 808 1113 846 Florentiae,
1130 808 1225 846 Senis,

486 857 571 895 Pisis,
601 857 732 893 Taurini,
761 857 931 895 Cremonae,
955 858 1122 894 Ravennae,
1146 856 1227 886 Cata-

486 905 564 941 niae,
590 905 723 944 Drepani,
747 905 906 942 Messanae,
938 905 1085 943 Panormi,
1110 905 1228 934 Barchi-

490 962 595 988 nonae,
622 953 825 987 Salmanticae,
852 953 1008 993 Compluti,
1037 953 1158 989 llerdae,
1178 953 1228 983 Co-

488 1001 649 1031 nimbrieae
665 1025 671 1037 ‚
703 1002 794 1031 Toleti
810 1025 816 1035 ,
848 1002 1031 1039 Yallisoleti,
1063 1001 1224 1040 Valentiae,

486 1050 607 1086 Osclme,
639 1050 803 1087 Granatae,
828 1050 955 1089 Hispali,
986 1050 1128 1088 Ossunae,
1160 1050 1227 1080 Cor-

486 1098 591 1135 dubae,
616 1098 762 1134 Coloniae,
786 1099 962 1137 §leguntiaffi
992 1099 1122 1135 Lovanii,
1153 1100 1226 1129 Ave-

488 1147 592 1183 nione,
616 1147 808 1186 Pei-piniani,
840 1148 1032 1186 Burdegalae,
1063 1147 1224 1185 Andegavi,

487 1195 569 1230 Licii,
584 1196 749 1230 Cracoviae,
765 1196 905 1233 Viennae,
925 1198 954 1226 S.
974 1197 1080 1226 Mariae
1096 1197 1130 1225 de
1151 1197 1224 1234 Vita,

487 1244 600 1281 Duacii,
620 1244 730 1281 vitnau,
748 1245 860 1284 Capuae
883 1254 915 1274 ae
931 1245 1089 1283 Bononiae,
1111 1245 1139 1275 in
1163 1246 1227 1285 qui-

487 1293 540 1322 bus
558 1293 694 1322 omnibus
710 1294 768 1322 sint
784 1293 916 1323 continui
933 1298 1066 1331 regentes
1090 1298 1118 1323 et
1141 1294 1228 1323 lecto-

488 1351 534 1371 res
562 1342 668 1371 artium
699 1346 727 1371 et
755 1342 929 1380 theologiae,
953 1352 1019 1371 cum
1042 1342 1227 1372 studentibus

488 1390 612 1420 idoneis.

528 1439 598 1469 Ilem
621 1439 801 1477 ordinamus,
820 1439 894 1479 quod
913 1439 1061 1476 quaelihet
1079 1440 1227 1479 provincia

490 1488 580 1527 possit
615 1488 729 1518 mittere
762 1488 909 1518 studentes
933 1489 967 1517 ad
990 1489 1139 1528 quodlibet
1168 1493 1228 1518 stu-

489 1536 569 1566 dium
590 1537 736 1574 generale,
754 1538 787 1566 de
804 1537 920 1566 licentia
939 1541 1033 1566 tamen
1057 1541 1083 1566 et
1107 1547 1227 1567 assensu

489 1585 596 1625 prioris
623 1586 790 1624 generalis3
825 1586 1007 1615 declarantes
1039 1587 1114 1625 quod
1143 1587 1166 1616 si
1199 1587 1226 1616 in

489 1634 658 1672 provinciis,
692 1633 740 1663 ubi
771 1639 888 1673 propter
916 1634 1128 1664 observantiam
1153 1635 1250 1665 vitae²

488 1683 652 1713 communis
687 1683 917 1712 conventualitas
950 1687 993 1712 est
1015 1683 1172 1721 abrogata,
1199 1684 1226 1713 in

488 1736 631 1761 conventu
654 1732 751 1770 aliquo
773 1736 870 1761 essent
894 1732 991 1770 plures
1010 1732 1114 1761 fratres
1130 1733 1227 1762 idonei

487 1781 522 1810 ad
544 1781 651 1816 studia,
677 1780 825 1819 provincia
843 1780 908 1810 talis
925 1790 957 1809 ex
975 1781 1124 1810 communi
1147 1790 1228 1810 aera-

487 1830 530 1861 rio
554 1829 721 1869 provinciae
751 1833 885 1859 teneatur
915 1830 1029 1859 solitam
1059 1829 1228 1860 subventio-

487 1888 554 1908 nem
577 1887 628 1918 pro
650 1878 711 1908 suis
734 1878 958 1907 necessitatibus
989 1879 1160 1917 supplendis
1184 1888 1229 1908 as-

487 1927 604 1965 signare
637 1926 772 1956 omnibus
790 1930 818 1955 et
840 1926 964 1964 singulis
993 1927 1034 1956 sie
1058 1927 1173 1962 missis,
1198 1927 1228 1956 in

487 1975 551 2004 aliis
575 1984 642 2005 vero
666 1974 836 2014 provinciis,
854 1974 902 2004 ubi
918 1975 1048 2005 noudum
1072 1975 1149 2013 viget
1172 1975 1227 2005 vita

488 2023 662 2061 eommunis,
680 2023 729 2053 sed
751 2023 985 2053 conventualitas
1008 2023 1102 2053 adhuc
1125 2024 1153 2053 in
1175 2033 1228 2053 usu

488 2075 540 2110 est,
565 2072 647 2101 solita
670 2071 824 2102 subventio
847 2072 1029 2102 studentium
1052 2073 1101 2102 fiat
1123 2082 1137 2102 a
1161 2082 1229 2103 con-

489 2120 635 2158 ventibus,
652 2130 776 2160 quorum
793 2125 860 2151 sunt
878 2121 942 2159 lilii,
962 2125 990 2151 et
1013 2121 1078 2151 talis
1102 2122 1228 2160 provisio

488 2169 654 2207 assignetur
683 2169 799 2208 cuique,
818 2169 957 2209 quamdiu
987 2170 1141 2200 actualiter
1168 2175 1228 2200 stu-

488 2218 588 2248 dentes
630 2222 727 2247 erunt.
762 2218 955 2248 Decernentes
991 2218 1112 2258 insuper
1151 2220 1227 2258 quod

488 2267 612 2306 quilibet
639 2271 799 2297 conventus
822 2267 940 2297 Ordinis
970 2267 1079 2297 habens
1109 2269 1229 2298 faculta-

490 2320 546 2345 tem
571 2315 719 2344 nutriendi
742 2319 806 2345 octo
829 2316 943 2353 fratres,
969 2320 1102 2346 teneatur
1126 2325 1228 2346 matiu-

489 2368 589 2393 tenere
612 2372 702 2392 unum
725 2363 892 2401 religiosum
917 2373 984 2393 suae
1007 2365 1175 2402 provinciae
1199 2365 1227 2394 in

489 2411 597 2447 studio,
626 2415 654 2441 et
684 2411 710 2440 ei
743 2412 857 2441 solitam
890 2411 1112 2441 subventionem
1146 2412 1227 2447 dare,

490 2459 544 2490 sub
568 2461 662 2498 poena
684 2459 855 2498 privationis
885 2460 973 2489 officii
1003 2460 1093 2498 priori
1121 2465 1149 2490 et
1186 2470 1229 2490 re-

492 2508 627 2538 bellionis
646 2507 786 2538 fratribus
808 2507 877 2537 dicti
900 2511 1060 2538 conventus
1083 2509 1149 2539 huie
1172 2513 1229 2539 sta-

491 2560 552 2586 tuto
575 2565 606 2586 se
628 2555 842 2596 opponentibus
868 2556 1024 2595 infligenda
1039 2567 1046 2594 ·,
1064 2558 1139 2588 unde
1161 2568 1228 2588 con-

490 2609 646 2646 sequenter
662 2604 827 2642 statuimus,
841 2604 918 2646 quod
933 2605 957 2634 si
968 2605 1117 2645 contingat
1131 2606 1228 2646 plures

1070 227 1167 249 Etim
1175 227 1190 248 r.
1199 226 1215 248 ΙΙ
1232 226 1249 248 M
1278 225 1383 249 noun
1392 225 1431 248 [Ἥ

1249 1703 1250 1709 1
1271 1684 1427 1722 aliquando
1460 1683 1538 1713 instav
1570 1683 1604 1712 de
1637 1684 1725 1712 causa
1749 1692 1763 1712 a
1786 1683 1951 1713 delinitorio
1977 1683 2011 1713 de

2020 225 2066 248 An.
2083 223 2111 249 C.
2134 223 2197 251 ΠΗ

1271 282 1333 302 esse
1365 273 1514 302 studentes
1548 271 1622 302 lilios
1654 272 1741 302 unius
1763 277 1936 310 conventus,
1960 271 2006 301 cui

1271 321 1423 351 facultates
1456 330 1513 349 non
1543 325 1704 360 suppetunt
1731 320 1865 350 omnibus
1893 321 2006 350 solitam

1270 369 1494 398 subventionem
1521 369 1600 406 dare,
1625 369 1814 408 provincialis
1843 379 1894 399 seu
1922 378 2007 408 gene-

1270 418 1339 447 ralis
1362 427 1410 447 eos
1433 417 1588 447 distribuat
1603 421 1630 447 et
1646 417 1773 456 assignet
1796 417 1860 447 aliis
1882 427 2008 448 conven-

1271 466 1347 496 tibus
1363 466 1491 496 eiusdem
1510 466 1687 505 provinciae,
1701 466 1750 505 qui
1768 466 1812 496 vel
1829 476 1885 496 non
1903 466 2009 496 habent

1270 515 1402 545 alumnos
1417 515 1577 551 studentes,
1594 515 1637 544 vel
1660 515 1684 544 si
1707 514 1825 550 habent,
1842 524 1899 545 non
1922 515 1950 545 in
1974 525 2008 545 eo

1271 573 1403 601 numero,
1427 573 1483 602 quo
1514 567 1634 603 possunt
1657 563 1686 593 in
1709 563 1805 594 studio
1834 567 2007 593 sustentare.

1270 613 1424 643 Stridentes
1438 622 1516 649 vero,
1535 613 1569 642 ad
1586 612 1679 642 studia
1703 612 1849 651 generalia
1872 612 1948 642 intra
1965 613 2009 643 vel

1270 665 1350 691 extra
1380 670 1462 691 suam
1489 661 1668 701 provinciam
1699 661 1791 698 missi,
1819 661 1900 691 nullo
1927 661 2011 691 modo

1272 711 1507 747 promoveantur,
1532 717 1585 738 nec
1605 707 1732 746 quidem
1762 707 1790 736 in
1819 707 1914 737 fornia
1942 706 2011 737 sim-

1271 757 1338 796 plici
1361 761 1540 794 eursoratus,
1575 756 1638 786 sine
1672 755 1777 796 prioris
1809 756 1956 794 generalis
1977 756 2012 786 li-

1270 806 1379 840 nenti-st,
1404 810 1431 836 et
1453 806 1576 836 servatis
1591 807 1599 822 ¹
1622 805 1656 834 iis
1679 814 1752 844 quae
1776 804 1900 834 inferius
1919 804 2012 834 deter-

1271 854 1479 892 minabuntur·⁷
1497 854 1573 894 quod
1598 853 1818 892 intelligendum
1841 857 1885 884 est
1907 853 1942 884 de
1957 853 2013 883 lta-

1270 903 1325 933 liae
1358 903 1536 942 provineiis3
1570 902 1702 942 quinimo
1735 912 1788 932 nee
1822 902 2011 942 provincialis

1271 952 1416 982 neminem
1440 952 1532 991 possit
1562 960 1732 991 promovere
1761 951 1794 981 ad
1824 951 1930 989 studia,
1955 951 2011 981 nisi

1270 1010 1334 1030 cum
1358 1000 1475 1030 licentia
1499 1000 1589 1039 patris
1612 1000 1768 1038 generalis,
1782 1003 1810 1029 et
1831 999 1938 1029 habitis
1961 1008 2011 1039 pa-

1270 1049 1400 1078 tentibus
1423 1048 1565 1078 eiusdem.

1310 1097 1352 1127 Ad
1376 1098 1446 1127 haec
1469 1097 1564 1126 studia
1587 1096 1686 1126 nullus
1709 1097 1840 1126 mittatur
1862 1096 2009 1135 dyscolus

1271 1146 1314 1175 vel
1343 1146 1378 1175 de
1406 1146 1558 1176 inhonesta
1593 1145 1814 1175 conversatione
1845 1148 2008 1184 suspectus,

1270 1199 1318 1224 aut
1341 1195 1389 1233 qui
1419 1194 1530 1224 crimen
1561 1194 1750 1233 perpatravit,
1776 1193 1818 1223 vel
1841 1192 2010 1223 scandalum

1272 1244 1385 1281 fecerit,
1419 1243 1535 1273 etiamsi
1569 1243 1604 1273 ab
1629 1242 1737 1273 Ordine
1759 1252 1816 1273 non
1839 1242 2010 1279 recesserim

1271 1292 1407 1323 similiter
1429 1293 1478 1332 qui
1501 1291 1536 1322 ab
1553 1291 1661 1322 Ordine
1684 1292 1872 1331 apostatavit:
1893 1291 1943 1321 sed
1966 1301 2011 1321 so-

1271 1342 1330 1371 lum
1354 1341 1408 1379 illi,
1433 1351 1504 1381 quos
1527 1341 1644 1371 virtutis
1667 1345 1695 1370 et
1719 1341 1881 1371 honestatis
1911 1350 2011 1371 aman-

1272 1396 1313 1421 tes
1354 1391 1432 1430 prior
1459 1390 1648 1430 provincialis
1681 1390 1752 1429 patri
1781 1389 1898 1420 Ordinis
1930 1399 2013 1430 prae-

1270 1439 1426 1470 sentandos
1461 1448 1524 1469 esse
1560 1439 1742 1473 iudicaverit,
1781 1438 1887 1469 habitis
1923 1438 2010 1469 etiam

1270 1498 1357 1528 super
1370 1489 1423 1518 hoc
1439 1488 1685 1518 testimonialibus
1698 1487 1804 1517 litteris
1822 1498 1835 1517 a
1853 1491 2010 1526 conventu,

2089 1105 2206 1129 Qualitarox

2021 1133 2168 1153 mittendorum
2179 1133 2204 1153 ad

2021 1159 2099 1180 studia,

1249 1556 1251 1579 ὲ
1272 1537 1300 1567 in
1317 1547 1373 1577 quo
1391 1546 1441 1576 per
1457 1546 1505 1566 sex
1523 1537 1639 1566 ultimos
1656 1545 1771 1566 menses
1793 1540 1860 1566 ante
1883 1536 2011 1567 studium

1272 1586 1408 1623 vixerint,
1426 1590 1454 1615 et
1470 1589 1533 1624 post
1555 1584 1668 1615 debitos
1691 1594 1783 1615 annos
1805 1585 1833 1615 in
1854 1585 2011 1615 seminario

1272 1635 1314 1664 rel
1332 1635 1508 1674 prosessorio
1530 1643 1543 1664 a
1568 1634 1747 1673 professione
1767 1638 1936 1673 completos,
1955 1634 2011 1665 nisi

1272 1732 1420 1761 mansione
1454 1731 1483 1761 in
1516 1735 1661 1761 conventu
1699 1731 1841 1761 continua
1876 1741 1927 1771 per
1958 1741 2011 1761 sex

1272 1789 1386 1810 menses
1409 1781 1660 1820 dispensarentur,
1684 1790 1758 1820 quae
1781 1790 1885 1811 causae
1908 1781 2010 1811 simili-

1271 1833 1314 1858 ter
1336 1829 1372 1858 ad
1389 1829 1665 1859 reverendissimum
1683 1830 1849 1867 generalem
1873 1830 2011 1860 transcri-

1271 1877 1399 1913 bantur,
1434 1878 1521 1917 idque
1553 1878 1776 1916 intelligendum
1810 1878 1945 1908 volumus
1976 1879 2012 1908 de

1271 1927 1406 1956 omnibus
1440 1927 1635 1964 studentibus,
1666 1927 1725 1957 sive
1749 1927 1824 1957 intra
1848 1929 1908 1957 sive
1930 1931 2012 1958 extra

1271 1974 1452 2013 provinciam
1468 1975 1504 2005 ad
1520 1974 1649 2005 studium
1666 1975 1830 2012 mittantur,
1848 1974 1902 2005 sub
1918 1976 2013 2015 poena,

1271 2024 1461 2063 depositionis
1484 2024 1657 2063 provinciali
1679 2024 1713 2054 ab
1735 2025 1842 2062 oslicio,
1860 2028 1888 2054 et
1909 2024 2012 2055 defini-

1271 2072 1383 2102 toribus
1414 2072 1468 2102 sub
1492 2073 1585 2112 poena
1614 2072 1856 2103 inhabilitationis
1878 2071 1914 2102 ab
1944 2076 2012 2102 actu

1271 2121 1430 2151 definiendi
1453 2121 1482 2150 in
1507 2125 1665 2160 posterum.
1683 2121 1717 2151 Et
1734 2122 1757 2151 si
1773 2130 1808 2151 ex
1827 2131 2012 2161 quacumque

1271 2169 1420 2209 provincia
1445 2170 1516 2200 tales
1535 2170 1634 2207 rixosi,
1651 2170 1774 2209 dyscoli,
1791 2174 1819 2200 et
1836 2170 1901 2200 aliis
1923 2179 2011 2210 supra

1272 2218 1429 2248 nominatis
1452 2218 1532 2248 vitiis
1548 2218 1654 2254 affecti,
1672 2219 1707 2247 ad
1726 2218 1892 2255 lectoratus,
1909 2217 2011 2248 bacca-

1271 2267 1429 2301 laureatus,
1454 2267 1512 2296 imo
1535 2271 1563 2296 et
1585 2266 1745 2304 magisterii
1773 2266 1881 2304 gradus
1904 2267 2011 2296 suerint

1273 2315 1408 2353 promoti,
1433 2319 1482 2344 aut
1504 2316 1533 2345 in
1557 2315 1662 2350 studio,
1691 2315 1726 2344 ad
1749 2315 1825 2353 quod
1849 2315 1921 2345 tales
1943 2319 2012 2345 sunt

1272 2362 1365 2399 missi,
1390 2363 1461 2392 tales
1483 2363 1592 2392 suerint
1614 2363 1732 2402 reperti,
1763 2363 1826 2402 ipso
1855 2363 1931 2393 sacto
1953 2363 2011 2393 sint

1274 2411 1376 2449 privati
1399 2412 1538 2450 perpetuo
1560 2411 1638 2441 omni
1661 2411 1758 2442 studio
1780 2415 1808 2442 et
1825 2401 1928 2450 ἐιτιάυ,

1313 2459 1382 2488 ltem
1413 2460 1582 2489 ordinamus
1611 2460 1686 2498 quod
1719 2460 1791 2490 nulli
1823 2460 1973 2490 studentes
1994 2462 2206 2510 aveftiu¹i1⁸0nzi⁰⁵i>2⁵

1272 2508 1505 2547 quibuscumque
1538 2508 1642 2538 studiis
1675 2508 1860 2547 generalibus
1889 2508 2102 2551 redeantsiptad
2119 2494 2204 2545 proiit·-

1272 2555 1306 2585 ad
1325 2565 1392 2585 suas
1409 2555 1573 2595 provincias
1596 2556 1658 2586 sine
1681 2556 1786 2596 prioris
1808 2556 1964 2595 generalis,
1981 2546 2064 2589 εῑῗῖἷῖ
2079 2542 2124 2562 ⁵⁶⁰⁰
2140 2541 2205 2562 '¹⁰⁰⁰‘

1312 2611 1320 2637 l
1344 2609 1414 2638 Edit.
1436 2609 1518 2637 Mein.
1540 2609 1605 2645 legit
1622 2613 1737 2639 servata
1758 2612 1797 2646 (n.
1817 2612 1866 2645 T.)-
