2269 3203
255 219 304 246 An.
323 219 351 246 ι’,
376 217 435 244 ιτοι
486 209 528 241 ⁶202

311 1344 438 1365 [xurnlvvreq

256 1371 329 1390 buruni
361 1372 439 1391 intriu-

256 1403 280 1417 l'u
290 1406 307 1417 ιι.

447 268 636 310 integratus,
661 278 697 299 ac
722 268 818 299 etiam
845 266 884 298 de
911 275 993 297 novo
1030 263 1090 295 sub
1116 272 1187 305 qua-

446 331 586 364 cumque
604 320 776 364 posteriori
795 319 876 359 data,
895 328 1031 361 percos,
1050 316 1088 348 ad
1107 325 1186 357 qnos

448 384 506 416 pro
545 379 691 416 tempore
728 371 900 415 spectabit,
928 368 1086 412 eligenda,
1113 377 1187 399 con-

448 437 554 459 cessas
577 425 726 468 intelligi,
752 425 934 466 firmasque,
953 421 1073 454 validas
1091 424 1123 451 et
1142 418 1186 450 es-

449 480 562 513 ficaces
587 480 723 513 existere
745 484 777 512 et
803 479 880 515 sore,
901 486 936 508 ae
954 475 1029 513 illis,
1048 473 1085 505 ad
1105 481 1186 514 quos

447 539 572 577 spectat
596 539 627 566 et
656 544 715 577 pro
742 538 887 574 tempore
914 527 1186 572 quandocumque

446 586 617 628 spectabit,
641 586 672 617 in
690 585 839 617 omnibus
858 587 889 615 et
907 591 964 624 per
988 578 1096 613 omnia
1121 577 1188 621 ple-

449 639 580 671 nissime
607 637 773 681 sutl'ragari
791 664 797 677 ‚
826 635 936 678 sicque
955 638 987 666 et
1006 643 1068 665 non
1095 631 1188 663 aliter

449 692 480 724 in
514 692 703 735 praemissis
728 701 787 734 per
811 696 1036 732 quoscumque
1066 684 1188 717 iudices

449 746 631 779 ordinarios
649 750 680 777 ct
700 745 871 786 delegatos,
898 741 994 773 etiam
1019 748 1188 772 causarum

448 798 558 842 palatii
584 796 754 841 apostolici
781 795 952 833 auditores,
977 803 1013 825 ae
1038 791 1069 825 S.
1094 791 1131 824 R.
1151 791 1186 823 E.

449 852 638 889 cardinales,
655 851 752 883 etiam
770 849 808 881 de
831 849 929 881 latere
948 847 1080 888 legatos,
1099 844 1190 877 alios—

450 916 487 938 ve
509 904 671 948 quoslibet
696 911 898 947 quacumque
929 898 1189 944 praeeminentia

450 965 482 991 et
500 963 663 1001 potestate
684 958 857 999 fungentes
872 960 902 987 et
917 954 1094 992 t'uncturos,
1115 952 1189 985 sub-

449 1013 510 1044 luta
537 1013 583 1045 eis
608 1016 639 1043 ct
664 1020 774 1043 eorum
804 1008 939 1041 cuilibet
957 1006 1069 1050 quavis
1095 1006 1190 1038 aliter

449 1065 610 1098 indicandi
637 1071 668 1096 et
704 1060 938 1106 interpretsmdi
978 1061 1127 1093 facultate
1160 1065 1191 1091 et

448 1118 649 1157 auctoritate,
674 1116 807 1149 iudicari
833 1120 864 1147 et
889 1113 1019 1147 definiri
1044 1113 1188 1151 debere;

448 1182 483 1202 ac
508 1170 634 1202 irritum
659 1175 691 1202 et
715 1170 823 1209 inane,
847 1168 872 1201 si
892 1178 986 1201 secus
1016 1176 1116 1210 super
1141 1165 1191 1198 liis

448 1234 465 1256 a
493 1234 664 1266 quoquam,
694 1222 806 1266 quavis
839 1221 1022 1260 autoritate,
1050 1219 1214 1256 scienter}

450 1278 498 1310 vel
523 1277 723 1320 ignoranter,
749 1275 925 1318 contigerit
949 1274 1114 1308 attentari.

504 1331 519 1374 g
548 1330 580 1364 Β.
607 1329 765 1368 Quocirca
800 1328 929 1362 dilectis
966 1327 1040 1361 siliis
1071 1326 1191 1359 nostris

451 1384 598 1418 eiusdem
617 1383 647 1417 S.
669 1383 706 1416 R.
730 1383 764 1416 E.
786 1381 1058 1416 vicecancellario
1084 1386 1117 1414 et
1141 1391 1193 1413 ca-

450 1438 589 1471 merario
625 1443 657 1471 et
692 1447 858 1471 causarum
896 1436 1005 1469 curiae
1039 1435 1191 1469 Gamerae

450 1491 647 1535 apostolieae
681 1491 827 1534 generali
853 1489 994 1523 auditori
1020 1499 1079 1532 per
1104 1497 1192 1531 prae·

450 1550 558 1577 sentes
582 1550 671 1578 motu
698 1546 767 1588 pari
793 1543 1023 1578 committimus
1048 1547 1079 1576 et
1103 1552 1194 1575 man-

453 1598 574 1637 damus,
601 1603 759 1641 quatenus
784 1598 858 1641 ipsi,
876 1597 927 1630 vel
946 1597 1021 1637 duo,
1043 1600 1194 1629 autunus

453 1661 578 1692 eorum,
594 1662 652 1695 per
676 1662 721 1693 se,
735 1652 786 1684 vel
810 1651 989 1691 alium,seu
1015 1650 1108 1689 alios
1126 1659 1195 1683 eas-

454 1705 526 1737 dem
553 1710 745 1748 praesentes
770 1705 894 1738 litteras
926 1710 959 1737 et
988 1704 1021 1737 in
1048 1703 1093 1737 eis
1119 1714 1196 1737 con-

453 1763 540 1791 tenta
565 1768 799 1801 quaecumque,
816 1758 871 1791 ubi
899 1763 931 1791 et
956 1757 1087 1801 quando
1113 1766 1195 1800 opus

455 1812 562 1851 suerit,
578 1817 608 1844 et
623 1811 752 1855 quoties
773 1821 832 1854 pro
847 1816 938 1855 parte
953 1810 1194 1854 praedictorum

455 1865 645 1905 volantium,
671 1875 727 1898 seu
754 1865 889 1898 alieuius
910 1875 1033 1906 eorum,
1047 1864 1096 1897 vel
1122 1863 1197 1897 alio-

453 1928 525 1951 rum
544 1918 700 1952 interesse
720 1919 750 1951 in
767 1918 953 1961 praemissis
967 1928 1026 1961 pro
1045 1923 1195 1961 tempore

454 1971 651 2013 habentium,
668 1973 809 2016 desuper
830 1972 950 2005 suerint
967 1971 1125 2014 requisiti,
1144 1981 1198 2004 so-

456 2026 609 2059 lemniter
642 2025 855 2069 publicantes,
882 2025 1011 2068 illisque
1037 2025 1068 2058 in
1094 2035 1193 2068 prae-

455 2078 562 2111 missis
581 2079 721 2112 essu-acis
741 2078 941 2112 defensionis
959 2078 1122 2121 praesidio
1149 2088 1197 2111 as-

456 2132 615 2171 sistentes,
635 2131 751 2166 saciant
767 2132 961 2165 auctoritate
984 2133 1094 2164 nostra
1111 2131 1197 2175 ipsas

456 2190 646 2227 praesentes
673 2184 815 2225 litteras,
842 2191 875 2218 et
899 2185 930 2218 in
963 2185 1008 2218 eis
1042 2190 1197 2218 contenta

457 2238 663 2277 huiusmodi,
690 2239 728 2271 ab
754 2239 903 2272 omnibus
930 2245 962 2271 et
986 2238 1136 2282 singulis,
1158 2238 1197 2271 ad

458 2301 538 2334 quos
564 2297 687 2334 spectat
707 2297 739 2323 et
762 2302 820 2334 pro
846 2297 994 2335 tempore
1027 2292 1196 2335 spectabit,

458 2343 688 2377 inviolabiliter
704 2345 882 2385 observari,
901 2345 1051 2389 ipsosque
1070 2345 1196 2379 moder-

458 2407 518 2431 nes
543 2402 574 2430 et
598 2408 657 2441 pro
683 2402 829 2441 tempore
847 2399 1021 2432 existentes
1039 2404 1197 2438 votantes,

459 2455 492 2483 et
509 2450 589 2483 alios
609 2461 688 2493 quos
708 2451 841 2484 eaedem
856 2451 983 2485 litterae
999 2457 1201 2485 concernent

459 2503 490 2536 in
518 2503 672 2544 futurum,
706 2504 924 2547 praesentium
961 2505 1142 2539 litterarum
1170 2510 1201 2538 et

459 2557 493 2590 in
510 2556 556 2590 eis
577 2561 803 2590 contentorum
821 2559 1009 2592 eorumdem
1028 2559 1200 2592 commodo

460 2615 492 2644 et
516 2608 629 2644 effectu
651 2608 785 2654 pacifice
807 2610 866 2643 frui
893 2616 920 2644 et
949 2611 1112 2655 gaudere3
1135 2622 1200 2645 non

1028 213 1205 238 td'tlAlttl'M
1232 211 1388 235 ROMANI'M

1232 260 1460 303 permittentes
1477 256 1551 289 illos
1573 265 1630 288 seu
1649 265 1759 289 eorum
1787 253 1973 298 quempiam

1232 314 1372 354 desuper
1389 309 1641 354 quomodolibet
1662 309 1806 342 indebite
1825 308 1975 341 molesta-

1232 366 1267 405 ri,
1294 364 1491 408 perturbari,
1518 363 1694 406 inquietari
1722 363 1769 396 vel
1797 361 1972 405 irnpediri·,

1230 418 1486 451 contradictores
1504 416 1668 460 quoslibet
1695 422 1726 449 et
1750 417 1890 449 rebelles
1916 425 1976 458 per

1231 472 1418 510 sententias,
1446 481 1600 503 censuras
1626 475 1658 503 et
1682 480 1806 513 poenas
1824 468 1976 502 eeclesia-

1231 525 1348 565 sticas‚
1374 524 1504 567 aliaque
1528 529 1714 567 opportuna
1739 523 1818 556 iuris
1844 529 1875 555 et
1902 522 1975 555 sacti

1232 579 1386 619 remedia,
1414 579 1637 623 appellatione
1663 577 1858 622 postposita,
1888 587 1975 610 com-

1233 633 1408 676 pescendo,
1429 632 1648 675 legitimisque
1668 641 1767 674 super
1784 631 1834 663 bis
1855 629 1978 663 haben-

1233 686 1281 718 dis
1297 685 1433 719 servatis
1448 685 1664 729 processibus,
1680 682 1885 724 sententias¹,
1905 693 1978 716 cen-

1232 749 1324 772 suras
1342 745 1373 772 et
1389 749 1512 782 poenas
1531 738 1617 782 ipsas
1636 738 1731 771 etiam
1750 737 1875 771 iteratis
1902 736 1979 770 viei-

1234 792 1291 825 bus
1311 792 1526 834 aggravando,
1545 791 1694 824 invocato
1724 790 1821 824 etiam
1839 790 1878 823 ad
1899 790 1975 829 hoc,

1233 846 1258 878 si
1278 856 1360 889 opus
1379 845 1486 885 suerit,
1499 845 1619 878 auxilio
1637 844 1763 877 brachii
1783 843 1975 877 saecularis.

1277 900 1291 942 ἓ
1315 899 1347 931 4.
1367 898 1438 931 Non
1460 899 1667 932 obstantibus
1694 898 1794 931 felicis
1819 897 1976 931 recorda·

1234 953 1331 986 tionis
1351 952 1509 986 Bonisaeii
1529 952 1633 995 Papae
1659 951 1721 985 Vlll
1748 951 1979 995 praedeeesso-

1235 1006 1276 1039 ris
1301 1006 1405 1039 nostri
1429 1006 1467 1038 de
1493 1008 1567 1044 una,
1592 1011 1623 1038 et
1648 1005 1679 1037 in
1713 1005 1854 1038 coneilio
1880 1014 1980 1047 gene-

1235 1060 1292 1093 rali
1320 1060 1405 1093 edita
1432 1060 1470 1092 de
1497 1060 1622 1092 duabus
1660 1058 1762 1098 dietis,
1800 1057 1979 1091 dummodo

1234 1115 1319 1146 ultra
1338 1119 1401 1146 tres
1420 1113 1524 1145 dietas
1544 1112 1660 1155 aliquis
1679 1111 1873 1144 auctoritate
1891 1121 1981 1154 prae·

1235 1168 1373 1199 sentium
1401 1166 1430 1198 in
1461 1165 1614 1198 iudicium
1641 1175 1704 1197 non
1731 1165 1894 1203 trabatur,
1920 1174 1978 1202 ae,

1235 1225 1395 1263 quatenus
1419 1230 1500 1263 opus
1525 1219 1573 1258 sit,
1601 1219 1640 1251 de
1667 1218 1863 1261 praestando
1895 1227 1977 1249 con-

1235 1284 1329 1306 sensu
1356 1273 1388 1305 in
1413 1272 1640 1316 paritionibus,
1659 1271 1797 1314 aliisque
1824 1270 1982 1303 constitn-

1236 1326 1379 1360 tionibus
1415 1331 1447 1359 et
1482 1325 1746 1358 ordinationibus
1782 1322 1982 1367 apostolicis,

1235 1390 1362 1413 necnon
1381 1379 1557 1423 quibusvis,
1575 1378 1671 1411 etiam
1690 1378 1887 1417 iuramento,
1904 1386 1983 1409 con-

1236 1433 1419 1467 firmatione
1445 1431 1634 1475 apostoliea,
1668 1432 1717 1464 vel
1748 1430 1859 1474 quavis
1884 1429 1983 1462 firmi-

1238 1492 1301 1520 tate
1337 1486 1400 1520 alia
1424 1485 1598 1527 roboratis,
1624 1484 1752 1518 statutis
1781 1489 1813 1517 et
1843 1493 1984 1517 consue-

1237 1540 1401 1574 tudinibus
1415 1566 1422 1580 ,
1439 1538 1620 1583 privilegiis
1638 1548 1778 1582 quoque,
1797 1537 1933 1570 indultis
1952 1541 1983 1568 et

1237 1594 1354 1628 litteris
1383 1591 1575 1637 apostolicis
1606 1592 1638 1624 in
1664 1591 1864 1625 contrarium
1886 1600 1984 1634 prae-

1237 1648 1413 1682 missorum
1437 1645 1688 1690 quomodolibet
1713 1644 1888 1684 concessis,
1905 1653 1984 1676 con·

1238 1700 1373 1734 firmatis
1408 1705 1440 1733 et
1473 1699 1659 1738 innovatis;
1687 1698 1804 1742 quibus
1831 1696 1984 1730 omnibus

1239 1760 1271 1788 et
1287 1754 1437 1798 singulis,
1456 1753 1589 1786 illorum
1607 1758 1737 1785 tenores
1755 1749 1982 1796 praesentibus

1239 1818 1299 1852 pro
1328 1808 1426 1851 plene
1463 1812 1494 1839 et
1529 1805 1729 1838 sufficienter
1761 1803 1924 1847 expressis
1948 1812 1984 1836 ac

1240 1862 1279 1895 de
1305 1862 1403 1895 verbo
1428 1860 1467 1894 ad
1493 1859 1628 1893 verbum
1653 1858 1784 1892 insertis
1812 1857 1982 1897 habentes,

1240 1915 1304 1949 illis
1330 1915 1409 1949 alias
1440 1914 1471 1947 in
1501 1924 1559 1947 suo
1595 1913 1712 1946 robore
1749 1910 1984 1955 permansuris,

1240 1969 1279 2002 ad
1295 1968 1550 2012 praemissorum
1565 1965 1724 2006 effectum,
1737 1965 1799 1998 hae
1813 1965 1880 1997 vice
1895 1964 1987 1997 dum-

1242 2027 1338 2062 taxat,
1355 2020 1540 2065 specialiter
1556 2025 1587 2053 et
1604 2028 1757 2062 expresse
1777 2017 1983 2060 derogamus;

1241 2076 1425 2120 ceterisque
1452 2073 1624 2108 contrariis
1650 2072 1925 2117 quibuscumque.

1285 2130 1399 2163 Datum
1424 2129 1558 2168 Romae,
1589 2127 1673 2170 apud
1703 2125 1734 2159 S.
1758 2125 1901 2166 Petrum,
1924 2124 1985 2158 sub

1242 2185 1364 2217 annulo
1377 2182 1561 2222 Piscatoris,
1574 2181 1625 2214 die
1639 2189 1738 2214 xxvni
1754 2179 1984 2218 marturinam,

1241 2236 1448 2281 pontificatus
1473 2234 1578 2268 nostri
1609 2244 1694 2267 anno
1719 2243 1740 2267 1.

1277 2298 1338 2326 Dat.
1361 2297 1405 2325 die
1424 2296 1459 2324 28
1481 2296 1569 2324 martii
1590 2295 1671 2330 1701,
1693 2294 1791 2331 pontif.
1813 2302 1885 2322 anno
1905 2299 1924 2321 ι.

1280 2408 1290 2433 1
1314 2405 1386 2433 Edit.
1403 2405 1483 2433 Malu.
1501 2405 1565 2440 legit
1585 2404 1735 2432 sententiis
1749 2404 1791 2439 (u.
1810 2402 1860 2437 TV).

1987 205 2033 232 An.
2048 206 2076 232 C.
2105 204 2165 232 2701

2015 903 2173 925 Contrariorum

1992 932 2108 956 derogatio.
