<?xml version="1.0" encoding="UTF-8"?>
<!DOCTYPE html PUBLIC "-//W3C//DTD XHTML 1.0 Transitional//EN"
    "http://www.w3.org/TR/xhtml1/DTD/xhtml1-transitional.dtd">
<html xmlns="http://www.w3.org/1999/xhtml" xml:lang="en" lang="en">
 <head>
  <title>
</title>
<meta http-equiv="Content-Type" content="text/html;charset=utf-8" />
  <meta name='ocr-system' content='tesseract 3.04.00' />
  <meta name='ocr-capabilities' content='ocr_page ocr_carea ocr_par ocr_line ocrx_word'/>
</head>
<body>
  <div class='ocr_page' id='page_1' title='image "./bullarumdiplomat21cath/bullarumdiplomat21cath_0354.png"; bbox 0 0 2269 3203; ppageno 0'>
   <div class='ocr_carea' id='block_1_1' title="bbox 250 224 544 260">
    <p class='ocr_par' dir='ltr' id='par_1_1' title="bbox 250 224 544 260">
     <span class='ocr_line' id='line_1_1' title="bbox 250 224 544 260; baseline -0.003 -1"><span class='ocrx_word' id='word_1_1' title='bbox 250 235 298 260; x_wconf 74' lang='grc' dir='ltr'>Αη.</span> <span class='ocrx_word' id='word_1_2' title='bbox 317 233 344 260; x_wconf 86' lang='lat' dir='ltr'>c.</span> <span class='ocrx_word' id='word_1_3' title='bbox 369 233 433 260; x_wconf 77' lang='lat'>1707</span> <span class='ocrx_word' id='word_1_4' title='bbox 479 224 544 259; x_wconf 64' lang='lat'>⁶202</span> 
     </span>
    </p>
   </div>
   <div class='ocr_carea' id='block_1_2' title="bbox 442 283 1182 646">
    <p class='ocr_par' dir='ltr' id='par_1_2' title="bbox 442 283 1179 424">
     <span class='ocr_line' id='line_1_2' title="bbox 443 283 1177 327; baseline -0.001 -11"><span class='ocrx_word' id='word_1_5' title='bbox 443 293 506 326; x_wconf 88' lang='lat' dir='ltr'>que</span> <span class='ocrx_word' id='word_1_6' title='bbox 533 283 647 316; x_wconf 89' lang='lat' dir='ltr'>eadem</span> <span class='ocrx_word' id='word_1_7' title='bbox 684 294 818 327; x_wconf 89' lang='lat' dir='ltr'>prorsus</span> <span class='ocrx_word' id='word_1_8' title='bbox 849 283 929 317; x_wconf 81' lang='lat' dir='ltr'>fides</span> <span class='ocrx_word' id='word_1_9' title='bbox 961 284 1177 323; x_wconf 88' lang='lat' dir='ltr'>adhibeatur,</span> 
     </span>
     <span class='ocr_line' id='line_1_3' title="bbox 443 336 1179 381; baseline 0 -12"><span class='ocrx_word' id='word_1_10' title='bbox 443 347 526 379; x_wconf 88' lang='lat' dir='ltr'>quae</span> <span class='ocrx_word' id='word_1_11' title='bbox 553 337 634 380; x_wconf 84' lang='lat' dir='ltr'>ipsis</span> <span class='ocrx_word' id='word_1_12' title='bbox 658 338 889 381; x_wconf 86' lang='lat' dir='ltr'>praesentibus</span> <span class='ocrx_word' id='word_1_13' title='bbox 914 337 1129 370; x_wconf 77' lang='lat' dir='ltr'>adhiberetur</span> <span class='ocrx_word' id='word_1_14' title='bbox 1152 336 1179 370; x_wconf 90' lang='lat' dir='ltr'>si</span> 
     </span>
     <span class='ocr_line' id='line_1_4' title="bbox 442 390 1004 424; baseline 0.002 -2"><span class='ocrx_word' id='word_1_15' title='bbox 442 390 551 423; x_wconf 86' lang='lat' dir='ltr'>forent</span> <span class='ocrx_word' id='word_1_16' title='bbox 575 391 741 424; x_wconf 76' lang='lat' dir='ltr'>exhibitae</span> <span class='ocrx_word' id='word_1_17' title='bbox 766 392 816 424; x_wconf 86' lang='lat' dir='ltr'>vel</span> <span class='ocrx_word' id='word_1_18' title='bbox 843 396 1004 424; x_wconf 81' lang='lat' dir='ltr'>ostensae.</span> 
     </span>
    </p>

    <p class='ocr_par' dir='ltr' id='par_1_3' title="bbox 443 442 1182 594">
     <span class='ocr_line' id='line_1_5' title="bbox 486 442 1181 487; baseline -0.003 -11"><span class='ocrx_word' id='word_1_19' title='bbox 486 444 599 476; x_wconf 85' lang='lat' dir='ltr'>Datum</span> <span class='ocrx_word' id='word_1_20' title='bbox 625 445 755 482; x_wconf 82' lang='lat' dir='ltr'>Romae,</span> <span class='ocrx_word' id='word_1_21' title='bbox 782 444 868 487; x_wconf 86' lang='lat' dir='ltr'>apud</span> <span class='ocrx_word' id='word_1_22' title='bbox 894 443 926 476; x_wconf 87' lang='lat' dir='ltr'>S.</span> <span class='ocrx_word' id='word_1_23' title='bbox 953 443 1095 483; x_wconf 88' lang='lat' dir='ltr'>Petrum,</span> <span class='ocrx_word' id='word_1_24' title='bbox 1122 442 1181 475; x_wconf 91' lang='lat' dir='ltr'>sub</span> 
     </span>
     <span class='ocr_line' id='line_1_6' title="bbox 443 496 1182 537; baseline -0.001 -7"><span class='ocrx_word' id='word_1_25' title='bbox 443 499 566 530; x_wconf 88' lang='lat' dir='ltr'>annulo</span> <span class='ocrx_word' id='word_1_26' title='bbox 581 497 765 537; x_wconf 87' lang='lat' dir='ltr'>Piscatoris,</span> <span class='ocrx_word' id='word_1_27' title='bbox 783 497 834 530; x_wconf 92' lang='lat' dir='ltr'>die</span> <span class='ocrx_word' id='word_1_28' title='bbox 850 508 927 530; x_wconf 79' lang='lat' dir='ltr'>xxm</span> <span class='ocrx_word' id='word_1_29' title='bbox 946 496 1021 529; x_wconf 82' lang='lat' dir='ltr'>maii</span> <span class='ocrx_word' id='word_1_30' title='bbox 1038 506 1182 537; x_wconf 73' lang='grc' dir='ltr'>11110ον11,</span> 
     </span>
     <span class='ocr_line' id='line_1_7' title="bbox 444 550 962 594; baseline -0.004 -10"><span class='ocrx_word' id='word_1_31' title='bbox 444 550 653 594; x_wconf 81' lang='lat' dir='ltr'>pontificatus</span> <span class='ocrx_word' id='word_1_32' title='bbox 678 551 783 584; x_wconf 84' lang='lat' dir='ltr'>nostri</span> <span class='ocrx_word' id='word_1_33' title='bbox 805 561 890 584; x_wconf 84' lang='lat' dir='ltr'>anno</span> <span class='ocrx_word' id='word_1_34' title='bbox 909 560 962 583; x_wconf 83' lang='lat' dir='ltr'>vu.</span> 
     </span>
    </p>

    <p class='ocr_par' dir='ltr' id='par_1_4' title="bbox 479 611 1076 646">
     <span class='ocr_line' id='line_1_8' title="bbox 479 611 1076 646; baseline -0.002 -8"><span class='ocrx_word' id='word_1_35' title='bbox 479 611 538 638; x_wconf 87' lang='lat' dir='ltr'>Dat.</span> <span class='ocrx_word' id='word_1_36' title='bbox 556 611 599 638; x_wconf 87' lang='lat' dir='ltr'>die</span> <span class='ocrx_word' id='word_1_37' title='bbox 615 611 648 639; x_wconf 79' lang='lat'>23</span> <span class='ocrx_word' id='word_1_38' title='bbox 669 611 734 639; x_wconf 86' lang='lat' dir='ltr'>maii</span> <span class='ocrx_word' id='word_1_39' title='bbox 754 611 831 645; x_wconf 80' lang='lat'>1707,</span> <span class='ocrx_word' id='word_1_40' title='bbox 848 611 946 646; x_wconf 82' lang='lat' dir='ltr'>pontif.</span> <span class='ocrx_word' id='word_1_41' title='bbox 963 619 1008 638; x_wconf 88' lang='lat' dir='ltr'>au.</span> <span class='ocrx_word' id='word_1_42' title='bbox 1028 617 1076 637; x_wconf 84' lang='lat' dir='ltr'>vu.</span> 
     </span>
    </p>
   </div>
   <div class='ocr_carea' id='block_1_3' title="bbox 783 726 844 759">
    <p class='ocr_par' dir='ltr' id='par_1_5' title="bbox 783 726 844 759">
     <span class='ocr_line' id='line_1_9' title="bbox 783 726 844 759; baseline -0.016 0"><span class='ocrx_word' id='word_1_43' title='bbox 783 726 844 759; x_wconf 88' lang='lat' dir='ltr'><strong>CII.</strong></span> 
     </span>
    </p>
   </div>
   <div class='ocr_carea' id='block_1_4' title="bbox 445 795 1188 1095">
    <p class='ocr_par' dir='ltr' id='par_1_6' title="bbox 445 795 1188 1095">
     <span class='ocr_line' id='line_1_10' title="bbox 445 795 1186 839; baseline -0.003 -9"><span class='ocrx_word' id='word_1_44' title='bbox 445 797 642 831; x_wconf 77' lang='lat' dir='ltr'><em>Declaratur</em></span> <span class='ocrx_word' id='word_1_45' title='bbox 658 797 755 830; x_wconf 76' lang='lat' dir='ltr'>nulla</span> <span class='ocrx_word' id='word_1_46' title='bbox 773 797 943 829; x_wconf 74' lang='lat' dir='ltr'>concordia</span> <span class='ocrx_word' id='word_1_47' title='bbox 957 797 992 829; x_wconf 77' lang='lat' dir='ltr'>in</span> <span class='ocrx_word' id='word_1_48' title='bbox 1003 795 1186 839; x_wconf 73' lang='lat' dir='ltr'>SedisApo-</span> 
     </span>
     <span class='ocr_line' id='line_1_11' title="bbox 488 849 1187 893; baseline -0.003 -11"><span class='ocrx_word' id='word_1_49' title='bbox 488 850 620 883; x_wconf 79' lang='lat' dir='ltr'>stolicae</span> <span class='ocrx_word' id='word_1_50' title='bbox 637 855 664 882; x_wconf 79' lang='lat' dir='ltr'>et</span> <span class='ocrx_word' id='word_1_51' title='bbox 679 850 711 884; x_wconf 88' lang='lat' dir='ltr'>S.</span> <span class='ocrx_word' id='word_1_52' title='bbox 727 850 764 883; x_wconf 85' lang='lat' dir='ltr'>R.</span> <span class='ocrx_word' id='word_1_53' title='bbox 782 849 818 883; x_wconf 89' lang='lat' dir='ltr'>E.</span> <span class='ocrx_word' id='word_1_54' title='bbox 838 849 1082 893; x_wconf 79' lang='lat' dir='ltr'>praeiudicium</span> <span class='ocrx_word' id='word_1_55' title='bbox 1101 849 1187 881; x_wconf 75' lang='lat' dir='ltr'>inita</span> 
     </span>
     <span class='ocr_line' id='line_1_12' title="bbox 489 902 1188 946; baseline -0.001 -11"><span class='ocrx_word' id='word_1_56' title='bbox 489 913 585 946; x_wconf 83' lang='lat' dir='ltr'>super</span> <span class='ocrx_word' id='word_1_57' title='bbox 619 902 782 936; x_wconf 75' lang='lat' dir='ltr'>hibernis¹</span> <span class='ocrx_word' id='word_1_58' title='bbox 807 902 1003 935; x_wconf 75' lang='lat' dir='ltr'>stationibus</span> <span class='ocrx_word' id='word_1_59' title='bbox 1039 902 1188 934; x_wconf 76' lang='lat' dir='ltr'>militum</span> 
     </span>
     <span class='ocr_line' id='line_1_13' title="bbox 491 955 1188 991; baseline -0.004 -1"><span class='ocrx_word' id='word_1_60' title='bbox 491 957 729 991; x_wconf 80' lang='lat' dir='ltr'>Germanorum</span> <span class='ocrx_word' id='word_1_61' title='bbox 764 956 800 988; x_wconf 76' lang='lat' dir='ltr'>in</span> <span class='ocrx_word' id='word_1_62' title='bbox 832 955 953 988; x_wconf 78' lang='lat' dir='ltr'>ducatu</span> <span class='ocrx_word' id='word_1_63' title='bbox 984 955 1128 988; x_wconf 78' lang='lat' dir='ltr'>Parmae</span> <span class='ocrx_word' id='word_1_64' title='bbox 1160 959 1188 987; x_wconf 82' lang='lat' dir='ltr'>et</span> 
     </span>
     <span class='ocr_line' id='line_1_14' title="bbox 489 1008 1188 1050; baseline -0.006 -7"><span class='ocrx_word' id='word_1_65' title='bbox 489 1010 693 1050; x_wconf 79' lang='lat' dir='ltr'><em>Placentiae,</em></span> <span class='ocrx_word' id='word_1_66' title='bbox 710 1020 782 1042; x_wconf 85' lang='lat' dir='ltr'>cum</span> <span class='ocrx_word' id='word_1_67' title='bbox 796 1009 918 1042; x_wconf 77' lang='lat' dir='ltr'>decreto</span> <span class='ocrx_word' id='word_1_68' title='bbox 935 1008 1107 1050; x_wconf 77' lang='lat' dir='ltr'>firmitatis</span> <span class='ocrx_word' id='word_1_69' title='bbox 1123 1017 1188 1040; x_wconf 85' lang='lat' dir='ltr'>cen-</span> 
     </span>
     <span class='ocr_line' id='line_1_15' title="bbox 490 1061 682 1095; baseline 0 0"><span class='ocrx_word' id='word_1_70' title='bbox 490 1074 647 1095; x_wconf 79' lang='lat' dir='ltr'><em>surarum</em></span> <span class='ocrx_word' id='word_1_71' title='bbox 660 1061 682 1095; x_wconf 72' lang='lat'>².</span> 
     </span>
    </p>
   </div>
   <div class='ocr_carea' id='block_1_5' title="bbox 589 1133 1048 1205">
    <p class='ocr_par' dir='ltr' id='par_1_7' title="bbox 589 1133 1048 1205">
     <span class='ocr_line' id='line_1_16' title="bbox 644 1133 955 1166; baseline 0 -6"><span class='ocrx_word' id='word_1_72' title='bbox 644 1134 781 1160; x_wconf 83' lang='lat' dir='ltr'>Clemens</span> <span class='ocrx_word' id='word_1_73' title='bbox 808 1134 886 1166; x_wconf 79' lang='lat' dir='ltr'>Papa</span> <span class='ocrx_word' id='word_1_74' title='bbox 906 1133 955 1165; x_wconf 81' lang='lat' dir='ltr'>xl,</span> 
     </span>
     <span class='ocr_line' id='line_1_17' title="bbox 589 1176 1048 1205; baseline -0.002 -1"><span class='ocrx_word' id='word_1_75' title='bbox 589 1178 626 1205; x_wconf 88' lang='lat' dir='ltr'>ad</span> <span class='ocrx_word' id='word_1_76' title='bbox 646 1177 780 1204; x_wconf 78' lang='lat' dir='ltr'>futuram</span> <span class='ocrx_word' id='word_1_77' title='bbox 799 1177 846 1204; x_wconf 88' lang='lat' dir='ltr'>rei</span> <span class='ocrx_word' id='word_1_78' title='bbox 866 1176 1048 1204; x_wconf 82' lang='lat' dir='ltr'>memoriam.</span> 
     </span>
    </p>
   </div>
   <div class='ocr_carea' id='block_1_6' title="bbox 273 1238 1190 1295">
    <p class='ocr_par' dir='ltr' id='par_1_8' title="bbox 273 1238 1190 1295">
     <span class='ocr_line' id='line_1_18' title="bbox 273 1238 1190 1295; baseline -0.003 -22"><span class='ocrx_word' id='word_1_79' title='bbox 273 1248 438 1295; x_wconf 31' lang='lat' dir='ltr'>Gultsxratffljjffls</span> <span class='ocrx_word' id='word_1_80' title='bbox 494 1239 540 1272; x_wconf 79' lang='lat' dir='ltr'>Ad</span> <span class='ocrx_word' id='word_1_81' title='bbox 567 1240 764 1282; x_wconf 81' lang='lat' dir='ltr'>apostolatus</span> <span class='ocrx_word' id='word_1_82' title='bbox 802 1239 904 1272; x_wconf 82' lang='lat' dir='ltr'>nostri</span> <span class='ocrx_word' id='word_1_83' title='bbox 940 1238 1086 1271; x_wconf 89' lang='lat' dir='ltr'>notitiam</span> <span class='ocrx_word' id='word_1_84' title='bbox 1123 1247 1190 1271; x_wconf 87' lang='lat' dir='ltr'>non</span> 
     </span>
    </p>
   </div>
   <div class='ocr_carea' id='block_1_7' title="bbox 254 1291 1190 1335">
    <p class='ocr_par' dir='ltr' id='par_1_9' title="bbox 254 1291 1190 1335">
     <span class='ocr_line' id='line_1_19' title="bbox 254 1291 1190 1335; baseline -0.002 -10"><span class='ocrx_word' id='word_1_85' title='bbox 254 1302 342 1322; x_wconf 70' lang='lat' dir='ltr'>numum</span> <span class='ocrx_word' id='word_1_86' title='bbox 364 1302 382 1321; x_wconf 75' lang='lat' dir='ltr'>in</span> <span class='ocrx_word' id='word_1_87' title='bbox 398 1293 521 1326; x_wconf 62' lang='lat' dir='ltr'>‹iu-sine</span> <span class='ocrx_word' id='word_1_88' title='bbox 547 1292 635 1335; x_wconf 77' lang='lat' dir='ltr'>gravi</span> <span class='ocrx_word' id='word_1_89' title='bbox 673 1291 768 1325; x_wconf 82' lang='lat' dir='ltr'>animi</span> <span class='ocrx_word' id='word_1_90' title='bbox 807 1292 908 1325; x_wconf 85' lang='lat' dir='ltr'>nostri</span> <span class='ocrx_word' id='word_1_91' title='bbox 941 1291 1092 1324; x_wconf 78' lang='lat' dir='ltr'>molestia</span> <span class='ocrx_word' id='word_1_92' title='bbox 1116 1296 1190 1324; x_wconf 82' lang='lat' dir='ltr'>ante</span> 
     </span>
    </p>
   </div>
   <div class='ocr_carea' id='block_1_8' title="bbox 254 1330 438 1353">
    <p class='ocr_par' dir='ltr' id='par_1_10' title="bbox 254 1330 438 1353">
     <span class='ocr_line' id='line_1_20' title="bbox 254 1330 438 1353; baseline -0.005 -5"><span class='ocrx_word' id='word_1_93' title='bbox 254 1331 322 1348; x_wconf 72' lang='lat' dir='ltr'>catum</span> <span class='ocrx_word' id='word_1_94' title='bbox 374 1330 438 1353; x_wconf 77' lang='lat' dir='ltr'>atque</span> 
     </span>
    </p>
   </div>
   <div class='ocr_carea' id='block_1_9' title="bbox 254 1344 1194 1760">
    <p class='ocr_par' dir='ltr' id='par_1_11' title="bbox 254 1344 1194 1760">
     <span class='ocr_line' id='line_1_21' title="bbox 254 1344 1190 1400; baseline -0.003 -21"><span class='ocrx_word' id='word_1_95' title='bbox 254 1354 368 1400; x_wconf 42' lang='lat' dir='ltr'>qnnctorjiia</span> <span class='ocrx_word' id='word_1_96' title='bbox 380 1360 392 1374; x_wconf 76' lang='lat' dir='ltr'>a</span> <span class='ocrx_word' id='word_1_97' title='bbox 403 1355 440 1383; x_wconf 63' lang='lat' dir='ltr'>*m-</span> <span class='ocrx_word' id='word_1_98' title='bbox 451 1345 574 1389; x_wconf 87' lang='lat' dir='ltr'>aliquot</span> <span class='ocrx_word' id='word_1_99' title='bbox 587 1356 716 1378; x_wconf 80' lang='lat' dir='ltr'>menses</span> <span class='ocrx_word' id='word_1_100' title='bbox 726 1345 887 1389; x_wconf 80' lang='lat' dir='ltr'>pervenit,</span> <span class='ocrx_word' id='word_1_101' title='bbox 898 1345 982 1388; x_wconf 86' lang='lat' dir='ltr'>quod</span> <span class='ocrx_word' id='word_1_102' title='bbox 993 1345 1078 1387; x_wconf 91' lang='lat' dir='ltr'>(cum</span> <span class='ocrx_word' id='word_1_103' title='bbox 1090 1344 1190 1387; x_wconf 86' lang='lat' dir='ltr'>prius,</span> 
     </span>
     <span class='ocr_line' id='line_1_22' title="bbox 254 1386 1192 1454; baseline -0.002 -22"><span class='ocrx_word' id='word_1_104' title='bbox 254 1386 440 1454; x_wconf 46' lang='lat' dir='ltr'>{ggffiffiufflgffffi</span> <span class='ocrx_word' id='word_1_105' title='bbox 451 1399 601 1432; x_wconf 87' lang='lat' dir='ltr'>videlicet</span> <span class='ocrx_word' id='word_1_106' title='bbox 618 1409 726 1432; x_wconf 89' lang='lat' dir='ltr'>mense</span> <span class='ocrx_word' id='word_1_107' title='bbox 741 1398 925 1431; x_wconf 78' lang='lat' dir='ltr'>novembris</span> <span class='ocrx_word' id='word_1_108' title='bbox 940 1398 1085 1441; x_wconf 80' lang='lat' dir='ltr'>proxime</span> <span class='ocrx_word' id='word_1_109' title='bbox 1103 1408 1192 1440; x_wconf 84' lang='lat' dir='ltr'>prae-</span> 
     </span>
     <span class='ocr_line' id='line_1_23' title="bbox 255 1449 1192 1491; baseline -0.004 -6"><span class='ocrx_word' id='word_1_110' title='bbox 255 1450 304 1481; x_wconf 60' lang='lat' dir='ltr'>mis.</span> <span class='ocrx_word' id='word_1_111' title='bbox 402 1449 404 1451; x_wconf 74' lang='grc'><strong>’</strong></span> <span class='ocrx_word' id='word_1_112' title='bbox 454 1452 567 1491; x_wconf 86' lang='lat' dir='ltr'>terito,</span> <span class='ocrx_word' id='word_1_113' title='bbox 595 1452 770 1484; x_wconf 81' lang='lat' dir='ltr'>nonnullae</span> <span class='ocrx_word' id='word_1_114' title='bbox 797 1451 1028 1484; x_wconf 85' lang='lat' dir='ltr'>Germanorum</span> <span class='ocrx_word' id='word_1_115' title='bbox 1055 1449 1192 1483; x_wconf 88' lang='lat' dir='ltr'>militum</span> 
     </span>
     <span class='ocr_line' id='line_1_24' title="bbox 451 1503 1191 1548; baseline -0.004 -10"><span class='ocrx_word' id='word_1_116' title='bbox 451 1505 598 1548; x_wconf 79' lang='lat' dir='ltr'>legiones</span> <span class='ocrx_word' id='word_1_117' title='bbox 625 1505 656 1537; x_wconf 91' lang='lat' dir='ltr'>in</span> <span class='ocrx_word' id='word_1_118' title='bbox 682 1505 775 1548; x_wconf 89' lang='lat' dir='ltr'>plura</span> <span class='ocrx_word' id='word_1_119' title='bbox 806 1505 876 1538; x_wconf 86' lang='lat' dir='ltr'>loca</span> <span class='ocrx_word' id='word_1_120' title='bbox 901 1505 1034 1537; x_wconf 84' lang='lat' dir='ltr'>ducatus</span> <span class='ocrx_word' id='word_1_121' title='bbox 1059 1503 1191 1536; x_wconf 88' lang='lat' dir='ltr'>Parmae</span> 
     </span>
     <span class='ocr_line' id='line_1_25' title="bbox 451 1557 1189 1601; baseline -0.005 -9"><span class='ocrx_word' id='word_1_122' title='bbox 451 1564 483 1592; x_wconf 87' lang='lat' dir='ltr'>et</span> <span class='ocrx_word' id='word_1_123' title='bbox 508 1558 690 1592; x_wconf 78' lang='lat' dir='ltr'>Placentiae</span> <span class='ocrx_word' id='word_1_124' title='bbox 717 1569 753 1591; x_wconf 89' lang='lat' dir='ltr'>ex</span> <span class='ocrx_word' id='word_1_125' title='bbox 781 1557 948 1601; x_wconf 89' lang='lat' dir='ltr'>inopinato</span> <span class='ocrx_word' id='word_1_126' title='bbox 973 1557 1189 1600; x_wconf 80' lang='lat' dir='ltr'>irrupissent,</span> 
     </span>
     <span class='ocr_line' id='line_1_26' title="bbox 452 1609 1193 1654; baseline -0.004 -10"><span class='ocrx_word' id='word_1_127' title='bbox 452 1611 680 1654; x_wconf 77' lang='lat' dir='ltr'>dictorumque</span> <span class='ocrx_word' id='word_1_128' title='bbox 717 1613 864 1644; x_wconf 89' lang='lat' dir='ltr'>locorum</span> <span class='ocrx_word' id='word_1_129' title='bbox 901 1610 1017 1643; x_wconf 88' lang='lat' dir='ltr'>incolis</span> <span class='ocrx_word' id='word_1_130' title='bbox 1055 1609 1193 1652; x_wconf 88' lang='lat' dir='ltr'>plurima</span> 
     </span>
     <span class='ocr_line' id='line_1_27' title="bbox 451 1662 1190 1707; baseline -0.004 -10"><span class='ocrx_word' id='word_1_131' title='bbox 451 1670 483 1698; x_wconf 84' lang='lat' dir='ltr'>et</span> <span class='ocrx_word' id='word_1_132' title='bbox 506 1675 583 1697; x_wconf 88' lang='lat' dir='ltr'>sane</span> <span class='ocrx_word' id='word_1_133' title='bbox 609 1664 797 1707; x_wconf 82' lang='lat' dir='ltr'>gravissima</span> <span class='ocrx_word' id='word_1_134' title='bbox 830 1664 946 1696; x_wconf 85' lang='lat' dir='ltr'>damna</span> <span class='ocrx_word' id='word_1_135' title='bbox 981 1662 1190 1702; x_wconf 87' lang='lat' dir='ltr'>intulissent;</span> 
     </span>
     <span class='ocr_line' id='line_1_28' title="bbox 452 1715 1194 1760; baseline -0.004 -10"><span class='ocrx_word' id='word_1_136' title='bbox 452 1727 488 1750; x_wconf 83' lang='lat' dir='ltr'>ac</span> <span class='ocrx_word' id='word_1_137' title='bbox 512 1717 646 1760; x_wconf 87' lang='lat' dir='ltr'>insuper</span> <span class='ocrx_word' id='word_1_138' title='bbox 672 1717 837 1759; x_wconf 85' lang='lat' dir='ltr'>legionum</span> <span class='ocrx_word' id='word_1_139' title='bbox 863 1715 1050 1749; x_wconf 86' lang='lat' dir='ltr'>huiusmodi</span> <span class='ocrx_word' id='word_1_140' title='bbox 1080 1715 1194 1748; x_wconf 89' lang='lat' dir='ltr'>ducto-</span> 
     </span>
    </p>
   </div>
   <div class='ocr_carea' id='block_1_10' title="bbox 451 1767 1191 1803">
    <p class='ocr_par' dir='ltr' id='par_1_12' title="bbox 451 1767 1191 1803">
     <span class='ocr_line' id='line_1_29' title="bbox 451 1767 1191 1803; baseline -0.003 -1"><span class='ocrx_word' id='word_1_141' title='bbox 451 1780 504 1803; x_wconf 88' lang='lat' dir='ltr'>res</span> <span class='ocrx_word' id='word_1_142' title='bbox 539 1780 596 1802; x_wconf 89' lang='lat' dir='ltr'>seu</span> <span class='ocrx_word' id='word_1_143' title='bbox 629 1770 854 1803; x_wconf 81' lang='lat' dir='ltr'>moderatores</span> <span class='ocrx_word' id='word_1_144' title='bbox 892 1768 1045 1801; x_wconf 83' lang='lat' dir='ltr'>hibernas</span> <span class='ocrx_word' id='word_1_145' title='bbox 1072 1767 1191 1801; x_wconf 86' lang='lat' dir='ltr'>ibidem</span> 
     </span>
    </p>
   </div>
   <div class='ocr_carea' id='block_1_11' title="bbox 451 1820 1978 1877">
    <p class='ocr_par' dir='ltr' id='par_1_13' title="bbox 451 1820 1978 1877">
     <span class='ocr_line' id='line_1_30' title="bbox 451 1820 1978 1877; baseline -0.004 -5"><span class='ocrx_word' id='word_1_146' title='bbox 451 1828 608 1856; x_wconf 57' lang='lat' dir='ltr'>Stanones</span> <span class='ocrx_word' id='word_1_147' title='bbox 635 1823 674 1856; x_wconf 63' lang='lat' dir='ltr'>de</span> <span class='ocrx_word' id='word_1_148' title='bbox 695 1823 778 1855; x_wconf 47' lang='lat' dir='ltr'>sado</span> <span class='ocrx_word' id='word_1_149' title='bbox 797 1833 833 1855; x_wconf 67' lang='lat' dir='ltr'>ac</span> <span class='ocrx_word' id='word_1_150' title='bbox 850 1822 1009 1855; x_wconf 60' lang='lat' dir='ltr'>VlOlenoer</span> <span class='ocrx_word' id='word_1_151' title='bbox 1034 1831 1067 1854; x_wconf 67' lang='lat' dir='ltr'>se</span> <span class='ocrx_word' id='word_1_152' title='bbox 1093 1820 1193 1863; x_wconf 57' lang='lat' dir='ltr'>figere</span> <span class='ocrx_word' id='word_1_153' title='bbox 1214 1848 1216 1864; x_wconf 74' lang='lat'>2</span> <span class='ocrx_word' id='word_1_154' title='bbox 1237 1841 1375 1877; x_wconf 81' lang='lat' dir='ltr'>nissima,</span> <span class='ocrx_word' id='word_1_155' title='bbox 1398 1850 1479 1869; x_wconf 84' lang='lat' dir='ltr'>come</span> <span class='ocrx_word' id='word_1_156' title='bbox 1494 1841 1531 1868; x_wconf 86' lang='lat' dir='ltr'>da</span> <span class='ocrx_word' id='word_1_157' title='bbox 1543 1849 1593 1868; x_wconf 86' lang='lat' dir='ltr'>suo</span> <span class='ocrx_word' id='word_1_158' title='bbox 1607 1839 1816 1876; x_wconf 83' lang='lat' dir='ltr'>benignissimo</span> <span class='ocrx_word' id='word_1_159' title='bbox 1839 1839 1930 1876; x_wconf 86' lang='lat' dir='ltr'>foglio</span> <span class='ocrx_word' id='word_1_160' title='bbox 1947 1838 1978 1866; x_wconf 86' lang='lat' dir='ltr'>in</span> 
     </span>
    </p>
   </div>
   <div class='ocr_carea' id='block_1_12' title="bbox 451 1873 1196 2015">
    <p class='ocr_par' dir='ltr' id='par_1_14' title="bbox 451 1873 1196 2015">
     <span class='ocr_line' id='line_1_31' title="bbox 451 1873 1195 1915; baseline -0.005 -6"><span class='ocrx_word' id='word_1_161' title='bbox 451 1877 536 1909; x_wconf 86' lang='lat' dir='ltr'>velle</span> <span class='ocrx_word' id='word_1_162' title='bbox 554 1876 791 1915; x_wconf 75' lang='lat' dir='ltr'>declarassent·,</span> <span class='ocrx_word' id='word_1_163' title='bbox 806 1885 867 1908; x_wconf 88' lang='lat' dir='ltr'>nec</span> <span class='ocrx_word' id='word_1_164' title='bbox 881 1875 918 1908; x_wconf 86' lang='lat' dir='ltr'>ad</span> <span class='ocrx_word' id='word_1_165' title='bbox 934 1875 1019 1907; x_wconf 86' lang='lat' dir='ltr'>mala</span> <span class='ocrx_word' id='word_1_166' title='bbox 1037 1873 1096 1906; x_wconf 89' lang='lat' dir='ltr'>ista</span> <span class='ocrx_word' id='word_1_167' title='bbox 1111 1884 1195 1906; x_wconf 85' lang='lat' dir='ltr'>aver-</span> 
     </span>
     <span class='ocr_line' id='line_1_32' title="bbox 454 1927 1195 1972; baseline -0.004 -11"><span class='ocrx_word' id='word_1_168' title='bbox 454 1929 551 1962; x_wconf 90' lang='lat' dir='ltr'>tenda</span> <span class='ocrx_word' id='word_1_169' title='bbox 573 1928 750 1972; x_wconf 81' lang='lat' dir='ltr'>quidquam</span> <span class='ocrx_word' id='word_1_170' title='bbox 776 1928 975 1971; x_wconf 80' lang='lat' dir='ltr'>profuissent</span> <span class='ocrx_word' id='word_1_171' title='bbox 1003 1927 1113 1970; x_wconf 88' lang='lat' dir='ltr'>plures</span> <span class='ocrx_word' id='word_1_172' title='bbox 1131 1931 1195 1959; x_wconf 88' lang='lat' dir='ltr'>tam</span> 
     </span>
     <span class='ocr_line' id='line_1_33' title="bbox 454 1980 1196 2015; baseline -0.004 0"><span class='ocrx_word' id='word_1_173' title='bbox 454 1993 471 2015; x_wconf 81' lang='lat' dir='ltr'>a</span> <span class='ocrx_word' id='word_1_174' title='bbox 490 1982 609 2015; x_wconf 87' lang='lat' dir='ltr'>dilecto</span> <span class='ocrx_word' id='word_1_175' title='bbox 636 1981 701 2014; x_wconf 78' lang='lat' dir='ltr'>silio</span> <span class='ocrx_word' id='word_1_176' title='bbox 723 1981 824 2014; x_wconf 89' lang='lat' dir='ltr'>nobili</span> <span class='ocrx_word' id='word_1_177' title='bbox 845 1981 912 2014; x_wconf 87' lang='lat' dir='ltr'>viro</span> <span class='ocrx_word' id='word_1_178' title='bbox 931 1980 1104 2013; x_wconf 85' lang='lat' dir='ltr'>Francisco</span> <span class='ocrx_word' id='word_1_179' title='bbox 1126 1980 1196 2012; x_wconf 88' lang='lat' dir='ltr'>Far·</span> 
     </span>
    </p>
   </div>
   <div class='ocr_carea' id='block_1_13' title="bbox 453 2026 1218 2076">
    <p class='ocr_par' dir='ltr' id='par_1_15' title="bbox 453 2026 1218 2076">
     <span class='ocr_line' id='line_1_34' title="bbox 453 2026 1218 2076; baseline -0.003 -9"><span class='ocrx_word' id='word_1_180' title='bbox 453 2034 544 2067; x_wconf 83' lang='lat' dir='ltr'>nesio</span> <span class='ocrx_word' id='word_1_181' title='bbox 559 2035 693 2067; x_wconf 79' lang='lat' dir='ltr'>Parmae</span> <span class='ocrx_word' id='word_1_182' title='bbox 710 2039 741 2067; x_wconf 93' lang='lat' dir='ltr'>et</span> <span class='ocrx_word' id='word_1_183' title='bbox 759 2034 939 2067; x_wconf 80' lang='lat' dir='ltr'>Placentiae</span> <span class='ocrx_word' id='word_1_184' title='bbox 960 2033 1039 2066; x_wconf 87' lang='lat' dir='ltr'>duce</span> <span class='ocrx_word' id='word_1_185' title='bbox 1065 2042 1161 2076; x_wconf 85' lang='lat' dir='ltr'>quam</span> <span class='ocrx_word' id='word_1_186' title='bbox 1180 2043 1197 2065; x_wconf 87' lang='lat' dir='ltr'>a</span> <span class='ocrx_word' id='word_1_187' title='bbox 1216 2026 1218 2036; x_wconf 88' lang='lat'>&#39;</span> 
     </span>
    </p>
   </div>
   <div class='ocr_carea' id='block_1_14' title="bbox 491 2139 1198 2219">
    <p class='ocr_par' dir='ltr' id='par_1_16' title="bbox 491 2139 1198 2219">
     <span class='ocr_line' id='line_1_35' title="bbox 492 2139 1063 2175; baseline -0.004 -8"><span class='ocrx_word' id='word_1_188' title='bbox 492 2142 502 2167; x_wconf 79' lang='lat'>¹</span> <span class='ocrx_word' id='word_1_189' title='bbox 526 2140 596 2167; x_wconf 88' lang='lat' dir='ltr'>Edit.</span> <span class='ocrx_word' id='word_1_190' title='bbox 618 2140 696 2167; x_wconf 78' lang='lat' dir='ltr'>Mein.</span> <span class='ocrx_word' id='word_1_191' title='bbox 718 2140 783 2175; x_wconf 81' lang='lat' dir='ltr'>legit</span> <span class='ocrx_word' id='word_1_192' title='bbox 801 2140 939 2175; x_wconf 50' lang='lat' dir='ltr'>guberna?</span> <span class='ocrx_word' id='word_1_193' title='bbox 959 2140 998 2173; x_wconf 82' lang='lat' dir='ltr'>(u.</span> <span class='ocrx_word' id='word_1_194' title='bbox 1014 2139 1063 2172; x_wconf 86' lang='lat' dir='ltr'>T.).</span> 
     </span>
     <span class='ocr_line' id='line_1_36' title="bbox 491 2183 1198 2219; baseline -0.004 -8"><span class='ocrx_word' id='word_1_195' title='bbox 491 2185 507 2211; x_wconf 68' lang='grc' dir='ltr'>Ξ</span> <span class='ocrx_word' id='word_1_196' title='bbox 527 2185 629 2211; x_wconf 79' lang='lat' dir='ltr'>Contra</span> <span class='ocrx_word' id='word_1_197' title='bbox 644 2185 791 2211; x_wconf 80' lang='lat' dir='ltr'>inserentes</span> <span class='ocrx_word' id='word_1_198' title='bbox 803 2184 999 2219; x_wconf 85' lang='lat' dir='ltr'>praeiudicium</span> <span class='ocrx_word' id='word_1_199' title='bbox 1011 2183 1116 2210; x_wconf 85' lang='lat' dir='ltr'>iuribus</span> <span class='ocrx_word' id='word_1_200' title='bbox 1130 2183 1198 2209; x_wconf 84' lang='lat' dir='ltr'>San-</span> 
     </span>
    </p>
   </div>
   <div class='ocr_carea' id='block_1_15' title="bbox 457 2227 1220 2256">
    <p class='ocr_par' dir='ltr' id='par_1_17' title="bbox 457 2227 1220 2256">
     <span class='ocr_line' id='line_1_37' title="bbox 457 2227 1220 2256; baseline -0.004 -1"><span class='ocrx_word' id='word_1_201' title='bbox 457 2233 516 2256; x_wconf 84' lang='lat' dir='ltr'>ctae</span> <span class='ocrx_word' id='word_1_202' title='bbox 536 2229 611 2255; x_wconf 79' lang='lat' dir='ltr'>Sedis</span> <span class='ocrx_word' id='word_1_203' title='bbox 628 2233 655 2254; x_wconf 84' lang='lat' dir='ltr'>et</span> <span class='ocrx_word' id='word_1_204' title='bbox 669 2229 698 2254; x_wconf 78' lang='lat' dir='ltr'>S.</span> <span class='ocrx_word' id='word_1_205' title='bbox 714 2228 745 2254; x_wconf 77' lang='lat' dir='ltr'>R.</span> <span class='ocrx_word' id='word_1_206' title='bbox 762 2228 792 2254; x_wconf 86' lang='lat' dir='ltr'>E.</span> <span class='ocrx_word' id='word_1_207' title='bbox 812 2232 903 2255; x_wconf 78' lang='lat' dir='ltr'>extant</span> <span class='ocrx_word' id='word_1_208' title='bbox 919 2227 1094 2254; x_wconf 80' lang='lat' dir='ltr'>Urbantvul</span> <span class='ocrx_word' id='word_1_209' title='bbox 1111 2229 1197 2253; x_wconf 86' lang='lat' dir='ltr'>const.</span> <span class='ocrx_word' id='word_1_210' title='bbox 1218 2241 1220 2245; x_wconf 42' lang='grc' dir='ltr'><em>ν</em></span> 
     </span>
    </p>
   </div>
   <div class='ocr_carea' id='block_1_16' title="bbox 456 2269 1197 2303">
    <p class='ocr_par' dir='ltr' id='par_1_18' title="bbox 456 2269 1197 2303">
     <span class='ocr_line' id='line_1_38' title="bbox 456 2269 1197 2303; baseline -0.007 -3"><span class='ocrx_word' id='word_1_211' title='bbox 456 2273 522 2300; x_wconf 87' lang='lat' dir='ltr'>edit.</span> <span class='ocrx_word' id='word_1_212' title='bbox 544 2279 653 2303; x_wconf 74' lang='lat' dir='ltr'>uocxm,</span> <span class='ocrx_word' id='word_1_213' title='bbox 670 2272 713 2298; x_wconf 88' lang='lat' dir='ltr'>die</span> <span class='ocrx_word' id='word_1_214' title='bbox 729 2272 746 2299; x_wconf 87' lang='lat'>5</span> <span class='ocrx_word' id='word_1_215' title='bbox 761 2271 839 2303; x_wconf 82' lang='lat' dir='ltr'>iunii,</span> <span class='ocrx_word' id='word_1_216' title='bbox 854 2272 952 2298; x_wconf 87' lang='lat' dir='ltr'>Leonis</span> <span class='ocrx_word' id='word_1_217' title='bbox 966 2271 986 2297; x_wconf 83' lang='lat' dir='ltr'>X</span> <span class='ocrx_word' id='word_1_218' title='bbox 1003 2271 1110 2297; x_wconf 85' lang='lat' dir='ltr'>constit.</span> <span class='ocrx_word' id='word_1_219' title='bbox 1132 2269 1197 2296; x_wconf 87' lang='lat' dir='ltr'>edit.</span> 
     </span>
    </p>
   </div>
   <div class='ocr_carea' id='block_1_17' title="bbox 457 2312 1221 2350">
    <p class='ocr_par' dir='ltr' id='par_1_19' title="bbox 457 2312 1221 2350">
     <span class='ocr_line' id='line_1_39' title="bbox 457 2312 1221 2350; baseline -0.005 -7"><span class='ocrx_word' id='word_1_220' title='bbox 457 2323 543 2350; x_wconf 84' lang='lat' dir='ltr'>MDxV,</span> <span class='ocrx_word' id='word_1_221' title='bbox 564 2316 608 2342; x_wconf 91' lang='lat' dir='ltr'>die</span> <span class='ocrx_word' id='word_1_222' title='bbox 638 2317 672 2342; x_wconf 69' lang='lat'>25</span> <span class='ocrx_word' id='word_1_223' title='bbox 692 2316 772 2347; x_wconf 87' lang='lat' dir='ltr'>maii⁷</span> <span class='ocrx_word' id='word_1_224' title='bbox 794 2320 819 2342; x_wconf 87' lang='lat' dir='ltr'>et</span> <span class='ocrx_word' id='word_1_225' title='bbox 848 2316 940 2342; x_wconf 84' lang='lat' dir='ltr'>Bullae</span> <span class='ocrx_word' id='word_1_226' title='bbox 969 2315 996 2341; x_wconf 88' lang='lat' dir='ltr'>in</span> <span class='ocrx_word' id='word_1_227' title='bbox 1025 2314 1068 2340; x_wconf 87' lang='lat' dir='ltr'>die</span> <span class='ocrx_word' id='word_1_228' title='bbox 1093 2315 1199 2340; x_wconf 78' lang='lat' dir='ltr'>Goenae</span> <span class='ocrx_word' id='word_1_229' title='bbox 1219 2312 1221 2338; x_wconf 68' lang='lat'>,¹</span> 
     </span>
    </p>
   </div>
   <div class='ocr_carea' id='block_1_18' title="bbox 458 2359 1202 2657">
    <p class='ocr_par' dir='ltr' id='par_1_20' title="bbox 458 2359 1202 2657">
     <span class='ocr_line' id='line_1_40' title="bbox 458 2359 1198 2393; baseline -0.005 -6"><span class='ocrx_word' id='word_1_230' title='bbox 458 2360 581 2393; x_wconf 79' lang='lat' dir='ltr'>Domini3</span> <span class='ocrx_word' id='word_1_231' title='bbox 603 2361 629 2386; x_wconf 87' lang='lat' dir='ltr'>in</span> <span class='ocrx_word' id='word_1_232' title='bbox 645 2359 726 2386; x_wconf 89' lang='lat' dir='ltr'>huius</span> <span class='ocrx_word' id='word_1_233' title='bbox 746 2360 887 2386; x_wconf 83' lang='lat' dir='ltr'>Pontificis</span> <span class='ocrx_word' id='word_1_234' title='bbox 907 2363 993 2386; x_wconf 88' lang='lat' dir='ltr'>const.</span> <span class='ocrx_word' id='word_1_235' title='bbox 1015 2359 1058 2385; x_wconf 88' lang='lat' dir='ltr'>ed.</span> <span class='ocrx_word' id='word_1_236' title='bbox 1080 2364 1198 2388; x_wconf 57' lang='lat' dir='ltr'>sincerii,</span> 
     </span>
     <span class='ocr_line' id='line_1_41' title="bbox 458 2401 1199 2439; baseline -0.007 -8"><span class='ocrx_word' id='word_1_237' title='bbox 458 2405 501 2432; x_wconf 88' lang='lat' dir='ltr'>die</span> <span class='ocrx_word' id='word_1_238' title='bbox 521 2405 551 2431; x_wconf 70' lang='lat'>21</span> <span class='ocrx_word' id='word_1_239' title='bbox 575 2404 637 2431; x_wconf 79' lang='lat' dir='ltr'>maii</span> <span class='ocrx_word' id='word_1_240' title='bbox 655 2425 660 2436; x_wconf 82' lang='grc'>,</span> <span class='ocrx_word' id='word_1_241' title='bbox 682 2404 778 2439; x_wconf 83' lang='lat' dir='ltr'>pontis.</span> <span class='ocrx_word' id='word_1_242' title='bbox 800 2410 850 2435; x_wconf 60' lang='lat' dir='ltr'>ru,</span> <span class='ocrx_word' id='word_1_243' title='bbox 872 2403 946 2430; x_wconf 88' lang='lat' dir='ltr'>nulla</span> <span class='ocrx_word' id='word_1_244' title='bbox 965 2402 1104 2429; x_wconf 86' lang='lat' dir='ltr'>declarata</span> <span class='ocrx_word' id='word_1_245' title='bbox 1123 2401 1199 2427; x_wconf 87' lang='lat' dir='ltr'>fuere</span> 
     </span>
     <span class='ocr_line' id='line_1_42' title="bbox 458 2445 1199 2485; baseline -0.008 -9"><span class='ocrx_word' id='word_1_246' title='bbox 458 2453 534 2485; x_wconf 83' lang='lat' dir='ltr'>gesta</span> <span class='ocrx_word' id='word_1_247' title='bbox 548 2457 562 2475; x_wconf 88' lang='lat' dir='ltr'>a</span> <span class='ocrx_word' id='word_1_248' title='bbox 577 2449 652 2483; x_wconf 71' lang='lat' dir='ltr'>regia</span> <span class='ocrx_word' id='word_1_249' title='bbox 672 2447 810 2474; x_wconf 71' lang='lat' dir='ltr'>audientia</span> <span class='ocrx_word' id='word_1_250' title='bbox 829 2447 1006 2482; x_wconf 78' lang='lat' dir='ltr'>Aquilanensi</span> <span class='ocrx_word' id='word_1_251' title='bbox 1027 2449 1118 2472; x_wconf 83' lang='lat' dir='ltr'>contra</span> <span class='ocrx_word' id='word_1_252' title='bbox 1142 2445 1199 2479; x_wconf 87' lang='lat' dir='ltr'>epi-</span> 
     </span>
     <span class='ocr_line' id='line_1_43' title="bbox 459 2489 1200 2528; baseline -0.007 -8"><span class='ocrx_word' id='word_1_253' title='bbox 459 2501 590 2528; x_wconf 89' lang='lat' dir='ltr'>scopum;</span> <span class='ocrx_word' id='word_1_254' title='bbox 607 2497 634 2519; x_wconf 86' lang='lat' dir='ltr'>et</span> <span class='ocrx_word' id='word_1_255' title='bbox 649 2492 675 2518; x_wconf 87' lang='lat' dir='ltr'>in</span> <span class='ocrx_word' id='word_1_256' title='bbox 692 2495 777 2519; x_wconf 82' lang='lat' dir='ltr'>const.</span> <span class='ocrx_word' id='word_1_257' title='bbox 793 2491 837 2518; x_wconf 85' lang='lat' dir='ltr'>ed.</span> <span class='ocrx_word' id='word_1_258' title='bbox 854 2496 965 2521; x_wconf 73' lang='lat' dir='ltr'>MDCClx,</span> <span class='ocrx_word' id='word_1_259' title='bbox 982 2490 1025 2516; x_wconf 90' lang='lat' dir='ltr'>die</span> <span class='ocrx_word' id='word_1_260' title='bbox 1041 2491 1057 2516; x_wconf 84' lang='lat'>5</span> <span class='ocrx_word' id='word_1_261' title='bbox 1071 2489 1200 2522; x_wconf 81' lang='lat' dir='ltr'>octobris,</span> 
     </span>
     <span class='ocr_line' id='line_1_44' title="bbox 461 2533 1202 2573; baseline -0.007 -9"><span class='ocrx_word' id='word_1_262' title='bbox 461 2537 555 2573; x_wconf 81' lang='lat' dir='ltr'>pontif.</span> <span class='ocrx_word' id='word_1_263' title='bbox 577 2544 601 2563; x_wconf 81' lang='lat' dir='ltr'>tx</span> <span class='ocrx_word' id='word_1_264' title='bbox 616 2559 622 2570; x_wconf 84' lang='lat'>,</span> <span class='ocrx_word' id='word_1_265' title='bbox 643 2536 798 2563; x_wconf 84' lang='lat' dir='ltr'>declaratur</span> <span class='ocrx_word' id='word_1_266' title='bbox 818 2534 921 2561; x_wconf 86' lang='lat' dir='ltr'>nullum</span> <span class='ocrx_word' id='word_1_267' title='bbox 942 2533 1060 2561; x_wconf 77' lang='lat' dir='ltr'>edictum</span> <span class='ocrx_word' id='word_1_268' title='bbox 1080 2533 1202 2560; x_wconf 85' lang='lat' dir='ltr'>saecula·</span> 
     </span>
     <span class='ocr_line' id='line_1_45' title="bbox 460 2578 1202 2617; baseline -0.004 -9"><span class='ocrx_word' id='word_1_269' title='bbox 460 2583 498 2608; x_wconf 87' lang='lat' dir='ltr'>ris</span> <span class='ocrx_word' id='word_1_270' title='bbox 517 2580 658 2617; x_wconf 82' lang='lat' dir='ltr'>potestatis</span> <span class='ocrx_word' id='word_1_271' title='bbox 675 2580 746 2608; x_wconf 86' lang='lat' dir='ltr'>circa</span> <span class='ocrx_word' id='word_1_272' title='bbox 761 2583 935 2615; x_wconf 89' lang='lat' dir='ltr'>sequestrum</span> <span class='ocrx_word' id='word_1_273' title='bbox 956 2578 1095 2606; x_wconf 82' lang='lat' dir='ltr'>fructuum</span> <span class='ocrx_word' id='word_1_274' title='bbox 1115 2578 1202 2606; x_wconf 88' lang='lat' dir='ltr'>eccle-</span> 
     </span>
     <span class='ocr_line' id='line_1_46' title="bbox 461 2622 1022 2657; baseline -0.011 0"><span class='ocrx_word' id='word_1_275' title='bbox 461 2625 632 2657; x_wconf 71' lang='lat' dir='ltr'>siasticorum</span> <span class='ocrx_word' id='word_1_276' title='bbox 653 2625 679 2652; x_wconf 89' lang='lat' dir='ltr'>in</span> <span class='ocrx_word' id='word_1_277' title='bbox 700 2624 799 2653; x_wconf 77' lang='lat' dir='ltr'>ducatu</span> <span class='ocrx_word' id='word_1_278' title='bbox 819 2622 1022 2652; x_wconf 81' lang='lat' dir='ltr'>Mediolanensi.</span> 
     </span>
    </p>
   </div>
   <div class='ocr_carea' id='block_1_19' title="bbox 1023 233 1377 259">
    <p class='ocr_par' dir='ltr' id='par_1_21' title="bbox 1023 233 1377 259">
     <span class='ocr_line' id='line_1_47' title="bbox 1023 233 1377 259; baseline -0.003 0"><span class='ocrx_word' id='word_1_279' title='bbox 1023 233 1202 259; x_wconf 71' lang='lat' dir='ltr'>BULLAmUM</span> <span class='ocrx_word' id='word_1_280' title='bbox 1223 233 1377 258; x_wconf 72' lang='lat' dir='ltr'><strong>ROMANUM</strong></span> 
     </span>
    </p>
   </div>
   <div class='ocr_carea' id='block_1_20' title="bbox 1201 293 1225 2516">
    <p class='ocr_par' dir='ltr' id='par_1_22' title="bbox 1201 293 1225 2516">
     <span class='ocr_line' id='line_1_48' title="bbox 1201 293 1225 2516; baseline 0 0"><span class='ocrx_word' id='word_1_281' title='bbox 1201 293 1225 2516; x_wconf 95' lang='lat' dir='ltr'> </span> 
     </span>
    </p>
   </div>
   <div class='ocr_carea' id='block_1_21' title="bbox 1222 232 2149 1284">
    <p class='ocr_par' dir='ltr' id='par_1_23' title="bbox 1222 232 2149 1284">
     <span class='ocr_line' id='line_1_49' title="bbox 1584 232 2149 266; baseline -0.002 -5"><span class='ocrx_word' id='word_1_282' title='bbox 1584 263 1587 266; x_wconf 48' lang='grc'><strong><em>,</em></strong></span> <span class='ocrx_word' id='word_1_283' title='bbox 1963 232 2014 260; x_wconf 84' lang='lat' dir='ltr'>An.</span> <span class='ocrx_word' id='word_1_284' title='bbox 2031 232 2060 260; x_wconf 85' lang='lat' dir='ltr'>C.</span> <span class='ocrx_word' id='word_1_285' title='bbox 2082 232 2149 260; x_wconf 80' lang='lat'>¹707</span> 
     </span>
     <span class='ocr_line' id='line_1_50' title="bbox 1222 281 1956 316; baseline -0.003 0"><span class='ocrx_word' id='word_1_286' title='bbox 1222 282 1348 316; x_wconf 86' lang='lat' dir='ltr'>dilectis</span> <span class='ocrx_word' id='word_1_287' title='bbox 1372 282 1446 315; x_wconf 87' lang='lat' dir='ltr'>filiis</span> <span class='ocrx_word' id='word_1_288' title='bbox 1467 282 1751 315; x_wconf 84' lang='lat' dir='ltr'>communitatibus</span> <span class='ocrx_word' id='word_1_289' title='bbox 1769 286 1799 315; x_wconf 86' lang='lat' dir='ltr'>et</span> <span class='ocrx_word' id='word_1_290' title='bbox 1815 281 1956 315; x_wconf 89' lang='lat' dir='ltr'>homini-</span> 
     </span>
     <span class='ocr_line' id='line_1_51' title="bbox 1223 335 1958 369; baseline -0.001 0"><span class='ocrx_word' id='word_1_291' title='bbox 1223 337 1282 369; x_wconf 89' lang='lat' dir='ltr'>bus</span> <span class='ocrx_word' id='word_1_292' title='bbox 1307 336 1468 369; x_wconf 84' lang='lat' dir='ltr'>civitatum</span> <span class='ocrx_word' id='word_1_293' title='bbox 1493 336 1673 369; x_wconf 78' lang='lat' dir='ltr'>Parmensis</span> <span class='ocrx_word' id='word_1_294' title='bbox 1699 341 1730 369; x_wconf 87' lang='lat' dir='ltr'>et</span> <span class='ocrx_word' id='word_1_295' title='bbox 1754 335 1958 369; x_wconf 75' lang='lat' dir='ltr'>Placentinae</span> 
     </span>
     <span class='ocr_line' id='line_1_52' title="bbox 1223 389 1961 432; baseline 0 -11"><span class='ocrx_word' id='word_1_296' title='bbox 1223 390 1378 422; x_wconf 85' lang='lat' dir='ltr'>adductae</span> <span class='ocrx_word' id='word_1_297' title='bbox 1410 389 1568 429; x_wconf 84' lang='lat' dir='ltr'>rationes,</span> <span class='ocrx_word' id='word_1_298' title='bbox 1596 400 1634 422; x_wconf 91' lang='lat' dir='ltr'>eo</span> <span class='ocrx_word' id='word_1_299' title='bbox 1662 390 1865 432; x_wconf 87' lang='lat' dir='ltr'>potissimum</span> <span class='ocrx_word' id='word_1_300' title='bbox 1892 389 1961 421; x_wconf 83' lang='lat' dir='ltr'>sun-</span> 
     </span>
     <span class='ocr_line' id='line_1_53' title="bbox 1225 442 1962 486; baseline -0.001 -11"><span class='ocrx_word' id='word_1_301' title='bbox 1225 442 1374 475; x_wconf 84' lang='lat' dir='ltr'>damento</span> <span class='ocrx_word' id='word_1_302' title='bbox 1399 442 1540 481; x_wconf 74' lang='lat' dir='ltr'>innixae,</span> <span class='ocrx_word' id='word_1_303' title='bbox 1565 442 1651 485; x_wconf 85' lang='lat' dir='ltr'>quod</span> <span class='ocrx_word' id='word_1_304' title='bbox 1678 443 1811 476; x_wconf 80' lang='lat' dir='ltr'>ducatus</span> <span class='ocrx_word' id='word_1_305' title='bbox 1838 443 1906 486; x_wconf 89' lang='lat' dir='ltr'>ipse</span> <span class='ocrx_word' id='word_1_306' title='bbox 1931 448 1962 475; x_wconf 90' lang='lat' dir='ltr'>et</span> 
     </span>
     <span class='ocr_line' id='line_1_54' title="bbox 1225 495 1962 538; baseline 0.001 -10"><span class='ocrx_word' id='word_1_307' title='bbox 1225 495 1293 529; x_wconf 88' lang='lat' dir='ltr'>eius</span> <span class='ocrx_word' id='word_1_308' title='bbox 1312 497 1382 528; x_wconf 80' lang='lat' dir='ltr'>loca</span> <span class='ocrx_word' id='word_1_309' title='bbox 1396 495 1562 538; x_wconf 80' lang='lat' dir='ltr'>praedicta</span> <span class='ocrx_word' id='word_1_310' title='bbox 1580 495 1673 528; x_wconf 87' lang='lat' dir='ltr'>nobis</span> <span class='ocrx_word' id='word_1_311' title='bbox 1696 501 1726 529; x_wconf 88' lang='lat' dir='ltr'>et</span> <span class='ocrx_word' id='word_1_312' title='bbox 1741 497 1815 528; x_wconf 89' lang='lat' dir='ltr'>huic</span> <span class='ocrx_word' id='word_1_313' title='bbox 1829 496 1860 529; x_wconf 88' lang='lat' dir='ltr'>S.</span> <span class='ocrx_word' id='word_1_314' title='bbox 1876 496 1962 536; x_wconf 85' lang='lat' dir='ltr'>Sedi,</span> 
     </span>
     <span class='ocr_line' id='line_1_55' title="bbox 1226 548 1964 602; baseline -0.001 -20"><span class='ocrx_word' id='word_1_315' title='bbox 1226 549 1322 582; x_wconf 79' lang='lat' dir='ltr'>etiam</span> <span class='ocrx_word' id='word_1_316' title='bbox 1340 549 1372 581; x_wconf 87' lang='lat' dir='ltr'>in</span> <span class='ocrx_word' id='word_1_317' title='bbox 1397 548 1637 591; x_wconf 84' lang='lat' dir='ltr'>temporalibus,</span> <span class='ocrx_word' id='word_1_318' title='bbox 1650 549 1795 602; x_wconf 73' lang='lat' dir='ltr'>¹mediate</span> <span class='ocrx_word' id='word_1_319' title='bbox 1821 549 1964 581; x_wconf 82' lang='lat' dir='ltr'>subiecta</span> 
     </span>
     <span class='ocr_line' id='line_1_56' title="bbox 1226 601 1963 644; baseline -0.004 -7"><span class='ocrx_word' id='word_1_320' title='bbox 1226 608 1346 643; x_wconf 81' lang='lat' dir='ltr'>essent,</span> <span class='ocrx_word' id='word_1_321' title='bbox 1374 602 1513 644; x_wconf 85' lang='lat' dir='ltr'>ideoque</span> <span class='ocrx_word' id='word_1_322' title='bbox 1539 602 1577 634; x_wconf 88' lang='lat' dir='ltr'>ab</span> <span class='ocrx_word' id='word_1_323' title='bbox 1615 602 1773 635; x_wconf 89' lang='lat' dir='ltr'>eiusmodi</span> <span class='ocrx_word' id='word_1_324' title='bbox 1810 601 1963 635; x_wconf 86' lang='lat' dir='ltr'>oneribus</span> 
     </span>
     <span class='ocr_line' id='line_1_57' title="bbox 1227 655 1964 699; baseline -0.003 -10"><span class='ocrx_word' id='word_1_325' title='bbox 1227 668 1262 690; x_wconf 83' lang='lat' dir='ltr'>ac</span> <span class='ocrx_word' id='word_1_326' title='bbox 1288 655 1525 699; x_wconf 80' lang='lat' dir='ltr'>gravaminibus</span> <span class='ocrx_word' id='word_1_327' title='bbox 1550 655 1654 688; x_wconf 87' lang='lat' dir='ltr'>libera</span> <span class='ocrx_word' id='word_1_328' title='bbox 1685 666 1818 698; x_wconf 89' lang='lat' dir='ltr'>prorsus</span> <span class='ocrx_word' id='word_1_329' title='bbox 1847 660 1880 688; x_wconf 91' lang='lat' dir='ltr'>et</span> <span class='ocrx_word' id='word_1_330' title='bbox 1903 655 1964 687; x_wconf 91' lang='lat' dir='ltr'>im-</span> 
     </span>
     <span class='ocr_line' id='line_1_58' title="bbox 1227 708 1966 751; baseline -0.003 -8"><span class='ocrx_word' id='word_1_331' title='bbox 1227 710 1336 743; x_wconf 85' lang='lat' dir='ltr'>munia</span> <span class='ocrx_word' id='word_1_332' title='bbox 1354 720 1424 743; x_wconf 82' lang='lat' dir='ltr'>esse</span> <span class='ocrx_word' id='word_1_333' title='bbox 1438 709 1609 751; x_wconf 81' lang='lat' dir='ltr'>deberent)</span> <span class='ocrx_word' id='word_1_334' title='bbox 1636 709 1766 742; x_wconf 88' lang='lat' dir='ltr'>tandem</span> <span class='ocrx_word' id='word_1_335' title='bbox 1782 719 1894 742; x_wconf 87' lang='lat' dir='ltr'>mense</span> <span class='ocrx_word' id='word_1_336' title='bbox 1912 708 1966 741; x_wconf 90' lang='lat' dir='ltr'>de-</span> 
     </span>
     <span class='ocr_line' id='line_1_59' title="bbox 1228 762 1968 805; baseline -0.004 -9"><span class='ocrx_word' id='word_1_337' title='bbox 1228 763 1366 796; x_wconf 85' lang='lat' dir='ltr'>cembris</span> <span class='ocrx_word' id='word_1_338' title='bbox 1389 763 1603 805; x_wconf 84' lang='lat' dir='ltr'>subsequenti</span> <span class='ocrx_word' id='word_1_339' title='bbox 1617 762 1918 805; x_wconf 81' lang='lat' dir='ltr'>&lt;communitatibus</span> <span class='ocrx_word' id='word_1_340' title='bbox 1936 766 1968 794; x_wconf 91' lang='lat' dir='ltr'>et</span> 
     </span>
     <span class='ocr_line' id='line_1_60' title="bbox 1228 814 1967 859; baseline -0.003 -10"><span class='ocrx_word' id='word_1_341' title='bbox 1228 816 1417 849; x_wconf 86' lang='lat' dir='ltr'>homiuibus</span> <span class='ocrx_word' id='word_1_342' title='bbox 1443 815 1595 859; x_wconf 83' lang='lat' dir='ltr'>praefatis</span> <span class='ocrx_word' id='word_1_343' title='bbox 1622 815 1887 855; x_wconf 82' lang='lat' dir='ltr'>assentientibus,</span> <span class='ocrx_word' id='word_1_344' title='bbox 1913 814 1967 859; x_wconf 86' lang='lat' dir='ltr'>qui</span> 
     </span>
     <span class='ocr_line' id='line_1_61' title="bbox 1229 868 1968 909; baseline -0.001 -7"><span class='ocrx_word' id='word_1_345' title='bbox 1229 875 1336 903; x_wconf 84' lang='lat' dir='ltr'>tamen</span> <span class='ocrx_word' id='word_1_346' title='bbox 1361 870 1389 903; x_wconf 88' lang='lat' dir='ltr'>vi</span> <span class='ocrx_word' id='word_1_347' title='bbox 1415 875 1446 903; x_wconf 91' lang='lat' dir='ltr'>et</span> <span class='ocrx_word' id='word_1_348' title='bbox 1470 870 1662 903; x_wconf 82' lang='lat' dir='ltr'>necessitate</span> <span class='ocrx_word' id='word_1_349' title='bbox 1687 869 1800 909; x_wconf 81' lang='lat' dir='ltr'>coacti,</span> <span class='ocrx_word' id='word_1_350' title='bbox 1824 879 1883 901; x_wconf 87' lang='lat' dir='ltr'>nec</span> <span class='ocrx_word' id='word_1_351' title='bbox 1906 868 1968 901; x_wconf 85' lang='lat' dir='ltr'>alio</span> 
     </span>
     <span class='ocr_line' id='line_1_62' title="bbox 1230 921 1968 966; baseline -0.003 -11"><span class='ocrx_word' id='word_1_352' title='bbox 1230 933 1325 966; x_wconf 89' lang='lat' dir='ltr'>quam</span> <span class='ocrx_word' id='word_1_353' title='bbox 1350 922 1551 955; x_wconf 80' lang='lat' dir='ltr'>imminentia</span> <span class='ocrx_word' id='word_1_354' title='bbox 1576 922 1724 965; x_wconf 77' lang='lat' dir='ltr'>graviora</span> <span class='ocrx_word' id='word_1_355' title='bbox 1742 923 1824 954; x_wconf 83' lang='lat' dir='ltr'>mala</span> <span class='ocrx_word' id='word_1_356' title='bbox 1842 921 1968 964; x_wconf 87' lang='lat' dir='ltr'>propul·</span> 
     </span>
     <span class='ocr_line' id='line_1_63' title="bbox 1230 973 1969 1017; baseline -0.003 -10"><span class='ocrx_word' id='word_1_357' title='bbox 1230 976 1321 1008; x_wconf 87' lang='lat' dir='ltr'>sandi</span> <span class='ocrx_word' id='word_1_358' title='bbox 1347 975 1481 1008; x_wconf 88' lang='lat' dir='ltr'>consilio</span> <span class='ocrx_word' id='word_1_359' title='bbox 1511 976 1592 1008; x_wconf 82' lang='lat' dir='ltr'>haec</span> <span class='ocrx_word' id='word_1_360' title='bbox 1617 985 1774 1017; x_wconf 76' lang='lat' dir='ltr'>peragere</span> <span class='ocrx_word' id='word_1_361' title='bbox 1801 973 1969 1016; x_wconf 82' lang='lat' dir='ltr'>protestati</span> 
     </span>
     <span class='ocr_line' id='line_1_64' title="bbox 1232 1026 1971 1071; baseline -0.003 -11"><span class='ocrx_word' id='word_1_362' title='bbox 1232 1029 1372 1068; x_wconf 81' lang='lat' dir='ltr'>suerunt,</span> <span class='ocrx_word' id='word_1_363' title='bbox 1391 1028 1528 1071; x_wconf 84' lang='lat' dir='ltr'>ipsoque</span> <span class='ocrx_word' id='word_1_364' title='bbox 1554 1028 1726 1060; x_wconf 79' lang='lat' dir='ltr'>Francisco</span> <span class='ocrx_word' id='word_1_365' title='bbox 1745 1027 1825 1059; x_wconf 90' lang='lat' dir='ltr'>duce</span> <span class='ocrx_word' id='word_1_366' title='bbox 1846 1026 1886 1059; x_wconf 87' lang='lat' dir='ltr'>ob</span> <span class='ocrx_word' id='word_1_367' title='bbox 1908 1036 1971 1059; x_wconf 83' lang='lat' dir='ltr'>eas-</span> 
     </span>
     <span class='ocr_line' id='line_1_65' title="bbox 1232 1079 1973 1123; baseline -0.005 -8"><span class='ocrx_word' id='word_1_368' title='bbox 1232 1082 1306 1115; x_wconf 85' lang='lat' dir='ltr'>dem</span> <span class='ocrx_word' id='word_1_369' title='bbox 1330 1082 1473 1114; x_wconf 86' lang='lat' dir='ltr'>rationes</span> <span class='ocrx_word' id='word_1_370' title='bbox 1494 1082 1674 1123; x_wconf 87' lang='lat' dir='ltr'>annuente)</span> <span class='ocrx_word' id='word_1_371' title='bbox 1692 1080 1772 1113; x_wconf 85' lang='lat' dir='ltr'>inita</span> <span class='ocrx_word' id='word_1_372' title='bbox 1792 1079 1851 1112; x_wconf 84' lang='lat' dir='ltr'>suit</span> <span class='ocrx_word' id='word_1_373' title='bbox 1871 1089 1973 1122; x_wconf 90' lang='lat' dir='ltr'>super</span> 
     </span>
     <span class='ocr_line' id='line_1_66' title="bbox 1232 1132 1971 1179; baseline -0.005 -11"><span class='ocrx_word' id='word_1_374' title='bbox 1232 1135 1417 1179; x_wconf 82' lang='lat' dir='ltr'>praemissis</span> <span class='ocrx_word' id='word_1_375' title='bbox 1437 1135 1596 1177; x_wconf 82' lang='lat' dir='ltr'>quaedam</span> <span class='ocrx_word' id='word_1_376' title='bbox 1616 1133 1789 1167; x_wconf 88' lang='lat' dir='ltr'>eoncordia</span> <span class='ocrx_word' id='word_1_377' title='bbox 1806 1133 1839 1165; x_wconf 90' lang='lat' dir='ltr'>in</span> <span class='ocrx_word' id='word_1_378' title='bbox 1859 1132 1971 1165; x_wconf 88' lang='lat' dir='ltr'>decem</span> 
     </span>
     <span class='ocr_line' id='line_1_67' title="bbox 1233 1185 1972 1232; baseline -0.005 -11"><span class='ocrx_word' id='word_1_379' title='bbox 1233 1188 1372 1232; x_wconf 79' lang='lat' dir='ltr'>capitula</span> <span class='ocrx_word' id='word_1_380' title='bbox 1398 1199 1452 1221; x_wconf 91' lang='lat' dir='ltr'>seu</span> <span class='ocrx_word' id='word_1_381' title='bbox 1487 1188 1641 1220; x_wconf 87' lang='lat' dir='ltr'>articulos</span> <span class='ocrx_word' id='word_1_382' title='bbox 1678 1187 1848 1226; x_wconf 86' lang='lat' dir='ltr'>distincta,</span> <span class='ocrx_word' id='word_1_383' title='bbox 1882 1185 1972 1218; x_wconf 90' lang='lat' dir='ltr'>cuius</span> 
     </span>
     <span class='ocr_line' id='line_1_68' title="bbox 1233 1240 1849 1284; baseline -0.006 -8"><span class='ocrx_word' id='word_1_384' title='bbox 1233 1249 1328 1276; x_wconf 85' lang='lat' dir='ltr'>tenor</span> <span class='ocrx_word' id='word_1_385' title='bbox 1353 1247 1400 1274; x_wconf 89' lang='lat' dir='ltr'>est</span> <span class='ocrx_word' id='word_1_386' title='bbox 1419 1241 1472 1284; x_wconf 86' lang='lat' dir='ltr'>qui</span> <span class='ocrx_word' id='word_1_387' title='bbox 1498 1241 1652 1284; x_wconf 83' lang='lat' dir='ltr'>sequitur,</span> <span class='ocrx_word' id='word_1_388' title='bbox 1679 1240 1849 1273; x_wconf 79' lang='lat' dir='ltr'>videlieet:</span> 
     </span>
    </p>
   </div>
   <div class='ocr_carea' id='block_1_22' title="bbox 1272 1303 2168 1360">
    <p class='ocr_par' dir='ltr' id='par_1_24' title="bbox 1272 1303 2168 1360">
     <span class='ocr_line' id='line_1_69' title="bbox 1272 1303 2168 1360; baseline -0.006 -26"><span class='ocrx_word' id='word_1_389' title='bbox 1272 1305 1396 1334; x_wconf 83' lang='lat' dir='ltr'>Articoli</span> <span class='ocrx_word' id='word_1_390' title='bbox 1418 1304 1587 1333; x_wconf 85' lang='lat' dir='ltr'>concordati</span> <span class='ocrx_word' id='word_1_391' title='bbox 1608 1306 1653 1332; x_wconf 83' lang='lat' dir='ltr'>tra</span> <span class='ocrx_word' id='word_1_392' title='bbox 1675 1303 1703 1332; x_wconf 87' lang='lat' dir='ltr'>S.</span> <span class='ocrx_word' id='word_1_393' title='bbox 1722 1304 1755 1332; x_wconf 87' lang='lat' dir='ltr'>E.</span> <span class='ocrx_word' id='word_1_394' title='bbox 1778 1303 1798 1331; x_wconf 90' lang='lat' dir='ltr'>il</span> <span class='ocrx_word' id='word_1_395' title='bbox 1820 1303 1972 1331; x_wconf 85' lang='lat' dir='ltr'>marehese</span> <span class='ocrx_word' id='word_1_396' title='bbox 1982 1306 2168 1360; x_wconf 51' lang='lat' dir='ltr'>decemc‘izffifgiss</span> 
     </span>
    </p>
   </div>
   <div class='ocr_carea' id='block_1_23' title="bbox 1233 1351 2143 1675">
    <p class='ocr_par' dir='ltr' id='par_1_25' title="bbox 1233 1351 2143 1675">
     <span class='ocr_line' id='line_1_70' title="bbox 1234 1351 2143 1392; baseline -0.003 -8"><span class='ocrx_word' id='word_1_397' title='bbox 1234 1356 1262 1384; x_wconf 88' lang='lat' dir='ltr'>di</span> <span class='ocrx_word' id='word_1_398' title='bbox 1273 1355 1350 1392; x_wconf 71' lang='lat' dir='ltr'>Prie,</span> <span class='ocrx_word' id='word_1_399' title='bbox 1364 1364 1445 1383; x_wconf 84' lang='lat' dir='ltr'>come</span> <span class='ocrx_word' id='word_1_400' title='bbox 1457 1353 1719 1392; x_wconf 79' lang='lat' dir='ltr'>plenipotenziario</span> <span class='ocrx_word' id='word_1_401' title='bbox 1735 1353 1764 1381; x_wconf 86' lang='lat' dir='ltr'>di</span> <span class='ocrx_word' id='word_1_402' title='bbox 1782 1353 1842 1381; x_wconf 84' lang='lat' dir='ltr'>Sua</span> <span class='ocrx_word' id='word_1_403' title='bbox 1859 1351 1973 1381; x_wconf 62' lang='lat' dir='ltr'>Maesta</span> <span class='ocrx_word' id='word_1_404' title='bbox 1983 1360 2143 1386; x_wconf 64' lang='lat' dir='ltr'>comprehensa.</span> 
     </span>
     <span class='ocr_line' id='line_1_71' title="bbox 1234 1400 1974 1439; baseline -0.007 -6"><span class='ocrx_word' id='word_1_405' title='bbox 1234 1404 1361 1433; x_wconf 83' lang='lat' dir='ltr'>Cesarea</span> <span class='ocrx_word' id='word_1_406' title='bbox 1386 1403 1416 1431; x_wconf 88' lang='lat' dir='ltr'>in</span> <span class='ocrx_word' id='word_1_407' title='bbox 1453 1403 1541 1430; x_wconf 80' lang='lat' dir='ltr'>Italia</span> <span class='ocrx_word' id='word_1_408' title='bbox 1580 1402 1608 1431; x_wconf 91' lang='lat' dir='ltr'>in</span> <span class='ocrx_word' id='word_1_409' title='bbox 1641 1401 1718 1430; x_wconf 71' lang='lat' dir='ltr'>virtu</span> <span class='ocrx_word' id='word_1_410' title='bbox 1751 1400 1974 1439; x_wconf 77' lang='lat' dir='ltr'>dell&#39;imperiale</span> 
     </span>
     <span class='ocr_line' id='line_1_72' title="bbox 1234 1449 1975 1490; baseline -0.003 -10"><span class='ocrx_word' id='word_1_411' title='bbox 1234 1452 1365 1490; x_wconf 77' lang='lat' dir='ltr'>diploma</span> <span class='ocrx_word' id='word_1_412' title='bbox 1397 1451 1466 1480; x_wconf 90' lang='lat' dir='ltr'>delli</span> <span class='ocrx_word' id='word_1_413' title='bbox 1489 1452 1505 1478; x_wconf 82' lang='lat'>4</span> <span class='ocrx_word' id='word_1_414' title='bbox 1528 1450 1648 1488; x_wconf 84' lang='lat' dir='ltr'>maggio</span> <span class='ocrx_word' id='word_1_415' title='bbox 1681 1450 1823 1487; x_wconf 81' lang='lat' dir='ltr'>seaduto,</span> <span class='ocrx_word' id='word_1_416' title='bbox 1846 1459 1861 1478; x_wconf 88' lang='lat' dir='ltr'>e</span> <span class='ocrx_word' id='word_1_417' title='bbox 1886 1449 1975 1478; x_wconf 88' lang='lat' dir='ltr'>l&#39;illu-</span> 
     </span>
     <span class='ocr_line' id='line_1_73' title="bbox 1234 1498 1974 1538; baseline -0.004 -9"><span class='ocrx_word' id='word_1_418' title='bbox 1234 1501 1375 1530; x_wconf 83' lang='lat' dir='ltr'>strissimo</span> <span class='ocrx_word' id='word_1_419' title='bbox 1391 1500 1492 1538; x_wconf 82' lang='lat' dir='ltr'>signor</span> <span class='ocrx_word' id='word_1_420' title='bbox 1506 1501 1705 1537; x_wconf 81' lang='lat' dir='ltr'>governatore</span> <span class='ocrx_word' id='word_1_421' title='bbox 1717 1499 1883 1527; x_wconf 81' lang='lat' dir='ltr'>Franceseo</span> <span class='ocrx_word' id='word_1_422' title='bbox 1899 1498 1974 1526; x_wconf 88' lang='lat' dir='ltr'>Mal-</span> 
     </span>
     <span class='ocr_line' id='line_1_74' title="bbox 1233 1546 1977 1586; baseline -0.004 -9"><span class='ocrx_word' id='word_1_423' title='bbox 1233 1549 1301 1586; x_wconf 83' lang='lat' dir='ltr'>peli⁷</span> <span class='ocrx_word' id='word_1_424' title='bbox 1315 1549 1457 1586; x_wconf 82' lang='lat' dir='ltr'>deputato</span> <span class='ocrx_word' id='word_1_425' title='bbox 1480 1549 1508 1577; x_wconf 85' lang='lat' dir='ltr'>di</span> <span class='ocrx_word' id='word_1_426' title='bbox 1530 1549 1558 1577; x_wconf 81' lang='lat' dir='ltr'>S.</span> <span class='ocrx_word' id='word_1_427' title='bbox 1581 1548 1617 1576; x_wconf 87' lang='lat' dir='ltr'>A.</span> <span class='ocrx_word' id='word_1_428' title='bbox 1640 1547 1828 1576; x_wconf 85' lang='lat' dir='ltr'>serenissima</span> <span class='ocrx_word' id='word_1_429' title='bbox 1843 1547 1862 1575; x_wconf 94' lang='lat' dir='ltr'>il</span> <span class='ocrx_word' id='word_1_430' title='bbox 1876 1546 1977 1584; x_wconf 84' lang='lat' dir='ltr'>signor</span> 
     </span>
     <span class='ocr_line' id='line_1_75' title="bbox 1235 1595 1977 1633; baseline -0.004 -7"><span class='ocrx_word' id='word_1_431' title='bbox 1235 1598 1310 1626; x_wconf 85' lang='lat' dir='ltr'>duca</span> <span class='ocrx_word' id='word_1_432' title='bbox 1341 1598 1370 1625; x_wconf 90' lang='lat' dir='ltr'>di</span> <span class='ocrx_word' id='word_1_433' title='bbox 1395 1599 1521 1633; x_wconf 83' lang='lat' dir='ltr'>Parma,</span> <span class='ocrx_word' id='word_1_434' title='bbox 1547 1597 1611 1625; x_wconf 87' lang='lat' dir='ltr'>eoll&#39;</span> <span class='ocrx_word' id='word_1_435' title='bbox 1628 1596 1837 1625; x_wconf 71' lang='lat' dir='ltr'>‘illustrissimi</span> <span class='ocrx_word' id='word_1_436' title='bbox 1866 1595 1977 1633; x_wconf 86' lang='lat' dir='ltr'>signori</span> 
     </span>
     <span class='ocr_line' id='line_1_76' title="bbox 1236 1644 1978 1675; baseline -0.004 0"><span class='ocrx_word' id='word_1_437' title='bbox 1236 1649 1321 1675; x_wconf 82' lang='lat' dir='ltr'>conte</span> <span class='ocrx_word' id='word_1_438' title='bbox 1331 1646 1476 1675; x_wconf 88' lang='lat' dir='ltr'>Giovanni</span> <span class='ocrx_word' id='word_1_439' title='bbox 1487 1646 1651 1674; x_wconf 81' lang='lat' dir='ltr'>Franeesco</span> <span class='ocrx_word' id='word_1_440' title='bbox 1660 1644 1978 1674; x_wconf 80' lang='lat' dir='ltr'>Marazzani-Visconti</span> 
     </span>
    </p>
   </div>
   <div class='ocr_carea' id='block_1_24' title="bbox 1213 1692 1978 1731">
    <p class='ocr_par' dir='ltr' id='par_1_26' title="bbox 1213 1692 1978 1731">
     <span class='ocr_line' id='line_1_77' title="bbox 1213 1692 1978 1731; baseline -0.003 -8"><span class='ocrx_word' id='word_1_441' title='bbox 1213 1697 1215 1715; x_wconf 70' lang='lat' dir='ltr'>l</span> <span class='ocrx_word' id='word_1_442' title='bbox 1236 1705 1252 1724; x_wconf 86' lang='lat' dir='ltr'>e</span> <span class='ocrx_word' id='word_1_443' title='bbox 1267 1696 1418 1723; x_wconf 78' lang='lat' dir='ltr'>marehese</span> <span class='ocrx_word' id='word_1_444' title='bbox 1435 1694 1579 1723; x_wconf 84' lang='lat' dir='ltr'>Annibale</span> <span class='ocrx_word' id='word_1_445' title='bbox 1592 1695 1693 1731; x_wconf 83' lang='lat' dir='ltr'>Scotti,</span> <span class='ocrx_word' id='word_1_446' title='bbox 1713 1694 1770 1722; x_wconf 87' lang='lat' dir='ltr'>due</span> <span class='ocrx_word' id='word_1_447' title='bbox 1788 1693 1925 1722; x_wconf 82' lang='lat' dir='ltr'>cavalieri</span> <span class='ocrx_word' id='word_1_448' title='bbox 1948 1692 1978 1721; x_wconf 90' lang='lat' dir='ltr'>di</span> 
     </span>
    </p>
   </div>
   <div class='ocr_carea' id='block_1_25' title="bbox 1235 1741 1978 1830">
    <p class='ocr_par' dir='ltr' id='par_1_27' title="bbox 1235 1741 1978 1830">
     <span class='ocr_line' id='line_1_78' title="bbox 1236 1741 1978 1782; baseline -0.004 -10"><span class='ocrx_word' id='word_1_449' title='bbox 1236 1747 1338 1782; x_wconf 79' lang='lat' dir='ltr'>questo</span> <span class='ocrx_word' id='word_1_450' title='bbox 1360 1744 1477 1781; x_wconf 79' lang='lat' dir='ltr'>publico</span> <span class='ocrx_word' id='word_1_451' title='bbox 1499 1743 1527 1771; x_wconf 92' lang='lat' dir='ltr'>di</span> <span class='ocrx_word' id='word_1_452' title='bbox 1550 1744 1705 1779; x_wconf 78' lang='lat' dir='ltr'>Piaeenza,</span> <span class='ocrx_word' id='word_1_453' title='bbox 1730 1743 1777 1770; x_wconf 80' lang='lat' dir='ltr'>dal</span> <span class='ocrx_word' id='word_1_454' title='bbox 1800 1742 1896 1779; x_wconf 84' lang='lat' dir='ltr'>quale,</span> <span class='ocrx_word' id='word_1_455' title='bbox 1918 1741 1978 1770; x_wconf 88' lang='lat' dir='ltr'>eol-</span> 
     </span>
     <span class='ocr_line' id='line_1_79' title="bbox 1235 1791 1978 1830; baseline -0.003 -10"><span class='ocrx_word' id='word_1_456' title='bbox 1235 1792 1477 1830; x_wconf 83' lang='lat' dir='ltr'>l&#39;approvazione</span> <span class='ocrx_word' id='word_1_457' title='bbox 1506 1801 1521 1820; x_wconf 84' lang='lat' dir='ltr'>e</span> <span class='ocrx_word' id='word_1_458' title='bbox 1544 1801 1685 1819; x_wconf 83' lang='lat' dir='ltr'>consenso</span> <span class='ocrx_word' id='word_1_459' title='bbox 1718 1791 1825 1819; x_wconf 72' lang='lat' dir='ltr'>dell&#39;A.</span> <span class='ocrx_word' id='word_1_460' title='bbox 1847 1791 1876 1819; x_wconf 82' lang='lat' dir='ltr'>S.</span> <span class='ocrx_word' id='word_1_461' title='bbox 1899 1799 1978 1818; x_wconf 84' lang='lat' dir='ltr'>sere-</span> 
     </span>
    </p>
   </div>
   <div class='ocr_carea' id='block_1_26' title="bbox 1238 1889 1979 1926">
    <p class='ocr_par' dir='ltr' id='par_1_28' title="bbox 1238 1889 1979 1926">
     <span class='ocr_line' id='line_1_80' title="bbox 1238 1889 1979 1926; baseline -0.004 -8"><span class='ocrx_word' id='word_1_462' title='bbox 1238 1890 1307 1918; x_wconf 80' lang='lat' dir='ltr'>data</span> <span class='ocrx_word' id='word_1_463' title='bbox 1321 1889 1365 1918; x_wconf 72' lang='lat' dir='ltr'>de&#39;</span> <span class='ocrx_word' id='word_1_464' title='bbox 1379 1890 1415 1918; x_wconf 82' lang='lat'>20</span> <span class='ocrx_word' id='word_1_465' title='bbox 1428 1889 1586 1918; x_wconf 84' lang='lat' dir='ltr'>novembre</span> <span class='ocrx_word' id='word_1_466' title='bbox 1597 1889 1738 1926; x_wconf 87' lang='lat' dir='ltr'>prossimo</span> <span class='ocrx_word' id='word_1_467' title='bbox 1751 1890 1876 1926; x_wconf 82' lang='lat' dir='ltr'>passato,</span> <span class='ocrx_word' id='word_1_468' title='bbox 1892 1896 1979 1924; x_wconf 82' lang='lat' dir='ltr'>sopra</span> 
     </span>
    </p>
   </div>
   <div class='ocr_carea' id='block_1_27' title="bbox 1216 1935 1978 1976">
    <p class='ocr_par' dir='ltr' id='par_1_29' title="bbox 1216 1935 1978 1976">
     <span class='ocr_line' id='line_1_81' title="bbox 1216 1935 1978 1976; baseline -0.003 -11"><span class='ocrx_word' id='word_1_469' title='bbox 1216 1961 1217 1965; x_wconf 71' lang='grc'>,</span> <span class='ocrx_word' id='word_1_470' title='bbox 1236 1939 1258 1967; x_wconf 87' lang='lat' dir='ltr'>il</span> <span class='ocrx_word' id='word_1_471' title='bbox 1279 1939 1481 1976; x_wconf 78' lang='lat' dir='ltr'>regolamento</span> <span class='ocrx_word' id='word_1_472' title='bbox 1509 1938 1556 1966; x_wconf 88' lang='lat' dir='ltr'>del</span> <span class='ocrx_word' id='word_1_473' title='bbox 1578 1940 1713 1975; x_wconf 82' lang='lat' dir='ltr'>presente</span> <span class='ocrx_word' id='word_1_474' title='bbox 1735 1936 1884 1974; x_wconf 81' lang='lat' dir='ltr'>quartiere</span> <span class='ocrx_word' id='word_1_475' title='bbox 1905 1935 1978 1964; x_wconf 82' lang='lat' dir='ltr'>d&#39;in-</span> 
     </span>
    </p>
   </div>
   <div class='ocr_carea' id='block_1_28' title="bbox 1238 1983 1984 2656">
    <p class='ocr_par' dir='ltr' id='par_1_30' title="bbox 1238 1983 1982 2461">
     <span class='ocr_line' id='line_1_82' title="bbox 1238 1983 1980 2024; baseline -0.004 -9"><span class='ocrx_word' id='word_1_476' title='bbox 1238 1996 1326 2015; x_wconf 83' lang='lat' dir='ltr'>verno</span> <span class='ocrx_word' id='word_1_477' title='bbox 1349 1987 1402 2015; x_wconf 84' lang='lat' dir='ltr'>che</span> <span class='ocrx_word' id='word_1_478' title='bbox 1424 1986 1446 2014; x_wconf 86' lang='lat' dir='ltr'>si</span> <span class='ocrx_word' id='word_1_479' title='bbox 1468 1985 1484 2015; x_wconf 77' lang='grc' dir='ltr'>ὁ</span> <span class='ocrx_word' id='word_1_480' title='bbox 1506 1995 1591 2024; x_wconf 88' lang='lat' dir='ltr'>preso</span> <span class='ocrx_word' id='word_1_481' title='bbox 1613 1985 1642 2013; x_wconf 84' lang='lat' dir='ltr'>di</span> <span class='ocrx_word' id='word_1_482' title='bbox 1664 1985 1735 2014; x_wconf 77' lang='lat' dir='ltr'>fatto</span> <span class='ocrx_word' id='word_1_483' title='bbox 1752 1985 1832 2022; x_wconf 84' lang='lat' dir='ltr'>negli</span> <span class='ocrx_word' id='word_1_484' title='bbox 1859 1984 1935 2013; x_wconf 82' lang='lat' dir='ltr'>Stati</span> <span class='ocrx_word' id='word_1_485' title='bbox 1951 1983 1980 2012; x_wconf 87' lang='lat' dir='ltr'>di</span> 
     </span>
     <span class='ocr_line' id='line_1_83' title="bbox 1239 2032 1980 2071; baseline -0.005 -7"><span class='ocrx_word' id='word_1_486' title='bbox 1239 2035 1345 2064; x_wconf 78' lang='lat' dir='ltr'>Parma</span> <span class='ocrx_word' id='word_1_487' title='bbox 1366 2045 1381 2064; x_wconf 87' lang='lat' dir='ltr'>e</span> <span class='ocrx_word' id='word_1_488' title='bbox 1396 2036 1542 2064; x_wconf 85' lang='lat' dir='ltr'>Piacenza</span> <span class='ocrx_word' id='word_1_489' title='bbox 1558 2034 1707 2063; x_wconf 85' lang='lat' dir='ltr'>mediante</span> <span class='ocrx_word' id='word_1_490' title='bbox 1729 2034 1884 2071; x_wconf 78' lang='lat' dir='ltr'>l&#39;ingresso</span> <span class='ocrx_word' id='word_1_491' title='bbox 1903 2032 1980 2061; x_wconf 84' lang='lat' dir='ltr'>delle</span> 
     </span>
     <span class='ocr_line' id='line_1_84' title="bbox 1239 2080 1979 2123; baseline -0.007 -10"><span class='ocrx_word' id='word_1_492' title='bbox 1239 2087 1344 2123; x_wconf 84' lang='lat' dir='ltr'>truppe</span> <span class='ocrx_word' id='word_1_493' title='bbox 1367 2094 1485 2113; x_wconf 83' lang='lat' dir='ltr'>cesaree</span> <span class='ocrx_word' id='word_1_494' title='bbox 1508 2093 1523 2112; x_wconf 92' lang='lat' dir='ltr'>e</span> <span class='ocrx_word' id='word_1_495' title='bbox 1544 2083 1712 2121; x_wconf 75' lang='lat' dir='ltr'>eollegate,</span> <span class='ocrx_word' id='word_1_496' title='bbox 1735 2091 1794 2111; x_wconf 90' lang='lat' dir='ltr'>non</span> <span class='ocrx_word' id='word_1_497' title='bbox 1823 2081 1930 2111; x_wconf 81' lang='lat' dir='ltr'>ostanti</span> <span class='ocrx_word' id='word_1_498' title='bbox 1958 2080 1979 2108; x_wconf 90' lang='grc'>11</span> 
     </span>
     <span class='ocr_line' id='line_1_85' title="bbox 1240 2129 1976 2168; baseline -0.007 -6"><span class='ocrx_word' id='word_1_499' title='bbox 1240 2134 1305 2162; x_wconf 78' lang='lat' dir='ltr'>vari</span> <span class='ocrx_word' id='word_1_500' title='bbox 1327 2132 1428 2161; x_wconf 87' lang='lat' dir='ltr'>rieorsi</span> <span class='ocrx_word' id='word_1_501' title='bbox 1461 2142 1476 2161; x_wconf 87' lang='lat' dir='ltr'>e</span> <span class='ocrx_word' id='word_1_502' title='bbox 1508 2132 1535 2160; x_wconf 90' lang='lat' dir='ltr'>le</span> <span class='ocrx_word' id='word_1_503' title='bbox 1558 2132 1754 2160; x_wconf 78' lang='lat' dir='ltr'>dimostranze</span> <span class='ocrx_word' id='word_1_504' title='bbox 1785 2130 1835 2168; x_wconf 73' lang='lat' dir='ltr'>piu</span> <span class='ocrx_word' id='word_1_505' title='bbox 1863 2129 1976 2159; x_wconf 79' lang='lat' dir='ltr'>efficaci</span> 
     </span>
     <span class='ocr_line' id='line_1_86' title="bbox 1239 2179 1981 2218; baseline -0.007 -8"><span class='ocrx_word' id='word_1_506' title='bbox 1239 2182 1312 2210; x_wconf 81' lang='lat' dir='ltr'>fatte</span> <span class='ocrx_word' id='word_1_507' title='bbox 1334 2181 1383 2209; x_wconf 86' lang='lat' dir='ltr'>dal</span> <span class='ocrx_word' id='word_1_508' title='bbox 1406 2181 1541 2218; x_wconf 81' lang='lat' dir='ltr'>predetto</span> <span class='ocrx_word' id='word_1_509' title='bbox 1563 2180 1663 2217; x_wconf 85' lang='lat' dir='ltr'>siguor</span> <span class='ocrx_word' id='word_1_510' title='bbox 1685 2179 1760 2207; x_wconf 87' lang='lat' dir='ltr'>duea</span> <span class='ocrx_word' id='word_1_511' title='bbox 1781 2188 1796 2207; x_wconf 87' lang='lat' dir='ltr'>e</span> <span class='ocrx_word' id='word_1_512' title='bbox 1819 2179 1863 2206; x_wconf 87' lang='lat' dir='ltr'>eol</span> <span class='ocrx_word' id='word_1_513' title='bbox 1879 2185 1981 2206; x_wconf 87' lang='lat' dir='ltr'>mezzo</span> 
     </span>
     <span class='ocr_line' id='line_1_87' title="bbox 1240 2229 1980 2266; baseline -0.007 -7"><span class='ocrx_word' id='word_1_514' title='bbox 1240 2231 1352 2259; x_wconf 84' lang='lat' dir='ltr'>de’suoi</span> <span class='ocrx_word' id='word_1_515' title='bbox 1370 2230 1504 2265; x_wconf 79' lang='lat' dir='ltr'>ministri,</span> <span class='ocrx_word' id='word_1_516' title='bbox 1521 2238 1602 2257; x_wconf 82' lang='lat' dir='ltr'>come</span> <span class='ocrx_word' id='word_1_517' title='bbox 1619 2238 1691 2266; x_wconf 85' lang='lat' dir='ltr'>pure</span> <span class='ocrx_word' id='word_1_518' title='bbox 1706 2229 1743 2256; x_wconf 81' lang='lat' dir='ltr'>da</span> <span class='ocrx_word' id='word_1_519' title='bbox 1758 2229 1860 2264; x_wconf 79' lang='lat' dir='ltr'>queste</span> <span class='ocrx_word' id='word_1_520' title='bbox 1882 2236 1980 2255; x_wconf 87' lang='lat' dir='ltr'>comu-</span> 
     </span>
     <span class='ocr_line' id='line_1_88' title="bbox 1240 2275 1982 2312; baseline -0.007 -5"><span class='ocrx_word' id='word_1_521' title='bbox 1240 2280 1303 2308; x_wconf 76' lang='lat' dir='ltr'>nita.</span> <span class='ocrx_word' id='word_1_522' title='bbox 1325 2279 1353 2307; x_wconf 89' lang='lat' dir='ltr'>di</span> <span class='ocrx_word' id='word_1_523' title='bbox 1376 2280 1483 2307; x_wconf 82' lang='lat' dir='ltr'>Parma</span> <span class='ocrx_word' id='word_1_524' title='bbox 1499 2287 1514 2306; x_wconf 85' lang='lat' dir='ltr'>e</span> <span class='ocrx_word' id='word_1_525' title='bbox 1529 2278 1683 2312; x_wconf 82' lang='lat' dir='ltr'>Piaceuza,</span> <span class='ocrx_word' id='word_1_526' title='bbox 1695 2276 1736 2304; x_wconf 61' lang='grc' dir='ltr'>δἐἰ»</span> <span class='ocrx_word' id='word_1_527' title='bbox 1751 2278 1859 2304; x_wconf 87' lang='lat' dir='ltr'>venuto</span> <span class='ocrx_word' id='word_1_528' title='bbox 1881 2275 1982 2303; x_wconf 81' lang='lat' dir='ltr'>all⁷ae-</span> 
     </span>
     <span class='ocr_line' id='line_1_89' title="bbox 1242 2324 1982 2361; baseline -0.004 -6"><span class='ocrx_word' id='word_1_529' title='bbox 1242 2328 1330 2356; x_wconf 83' lang='lat' dir='ltr'>cordo</span> <span class='ocrx_word' id='word_1_530' title='bbox 1356 2327 1554 2361; x_wconf 80' lang='lat' dir='ltr'>infrascritto,</span> <span class='ocrx_word' id='word_1_531' title='bbox 1577 2324 1703 2353; x_wconf 77' lang='lat' dir='ltr'>affiuche</span> <span class='ocrx_word' id='word_1_532' title='bbox 1735 2324 1758 2352; x_wconf 90' lang='lat' dir='ltr'>si</span> <span class='ocrx_word' id='word_1_533' title='bbox 1791 2324 1940 2353; x_wconf 80' lang='lat' dir='ltr'>stabilisea</span> <span class='ocrx_word' id='word_1_534' title='bbox 1961 2324 1982 2352; x_wconf 89' lang='lat' dir='ltr'>il</span> 
     </span>
     <span class='ocr_line' id='line_1_90' title="bbox 1242 2373 1982 2411; baseline -0.003 -8"><span class='ocrx_word' id='word_1_535' title='bbox 1242 2376 1320 2404; x_wconf 91' lang='lat' dir='ltr'>buon</span> <span class='ocrx_word' id='word_1_536' title='bbox 1342 2375 1453 2411; x_wconf 84' lang='lat' dir='ltr'>ordine,</span> <span class='ocrx_word' id='word_1_537' title='bbox 1470 2384 1485 2402; x_wconf 87' lang='lat' dir='ltr'>e</span> <span class='ocrx_word' id='word_1_538' title='bbox 1503 2374 1526 2402; x_wconf 82' lang='lat' dir='ltr'>si</span> <span class='ocrx_word' id='word_1_539' title='bbox 1541 2374 1675 2402; x_wconf 84' lang='lat' dir='ltr'>scansino</span> <span class='ocrx_word' id='word_1_540' title='bbox 1691 2373 1711 2401; x_wconf 93' lang='lat' dir='ltr'>li</span> <span class='ocrx_word' id='word_1_541' title='bbox 1729 2373 1874 2411; x_wconf 85' lang='lat' dir='ltr'>maggiori</span> <span class='ocrx_word' id='word_1_542' title='bbox 1893 2373 1982 2401; x_wconf 78' lang='lat' dir='ltr'>dauni</span> 
     </span>
     <span class='ocr_line' id='line_1_91' title="bbox 1243 2423 1454 2461; baseline -0.009 -9"><span class='ocrx_word' id='word_1_543' title='bbox 1243 2433 1259 2452; x_wconf 85' lang='lat' dir='ltr'>e</span> <span class='ocrx_word' id='word_1_544' title='bbox 1280 2423 1454 2461; x_wconf 85' lang='lat' dir='ltr'>pregiudizi.</span> 
     </span>
    </p>

    <p class='ocr_par' dir='ltr' id='par_1_31' title="bbox 1244 2471 1984 2606">
     <span class='ocr_line' id='line_1_92' title="bbox 1282 2471 1983 2509; baseline 0 -9"><span class='ocrx_word' id='word_1_545' title='bbox 1282 2481 1300 2500; x_wconf 86' lang='lat'>1.</span> <span class='ocrx_word' id='word_1_546' title='bbox 1323 2471 1352 2500; x_wconf 80' lang='lat' dir='ltr'>Si</span> <span class='ocrx_word' id='word_1_547' title='bbox 1375 2471 1390 2499; x_wconf 77' lang='lat' dir='ltr'>e</span> <span class='ocrx_word' id='word_1_548' title='bbox 1414 2471 1512 2500; x_wconf 84' lang='lat' dir='ltr'>fissato</span> <span class='ocrx_word' id='word_1_549' title='bbox 1542 2471 1590 2499; x_wconf 83' lang='lat' dir='ltr'>dal</span> <span class='ocrx_word' id='word_1_550' title='bbox 1622 2471 1758 2500; x_wconf 82' lang='lat' dir='ltr'>suddetto</span> <span class='ocrx_word' id='word_1_551' title='bbox 1787 2472 1888 2509; x_wconf 84' lang='lat' dir='ltr'>signor</span> <span class='ocrx_word' id='word_1_552' title='bbox 1909 2480 1983 2500; x_wconf 77' lang='lat' dir='ltr'>mar-</span> 
     </span>
     <span class='ocr_line' id='line_1_93' title="bbox 1244 2519 1982 2558; baseline 0 -9"><span class='ocrx_word' id='word_1_553' title='bbox 1244 2520 1330 2549; x_wconf 83' lang='lat' dir='ltr'>chese</span> <span class='ocrx_word' id='word_1_554' title='bbox 1346 2520 1373 2548; x_wconf 87' lang='lat' dir='ltr'>di</span> <span class='ocrx_word' id='word_1_555' title='bbox 1388 2519 1457 2548; x_wconf 74' lang='lat' dir='ltr'>Prie</span> <span class='ocrx_word' id='word_1_556' title='bbox 1484 2530 1535 2557; x_wconf 87' lang='lat' dir='ltr'>per</span> <span class='ocrx_word' id='word_1_557' title='bbox 1556 2523 1639 2558; x_wconf 87' lang='lat' dir='ltr'>parte</span> <span class='ocrx_word' id='word_1_558' title='bbox 1656 2521 1703 2549; x_wconf 89' lang='lat' dir='ltr'>del</span> <span class='ocrx_word' id='word_1_559' title='bbox 1719 2520 1917 2549; x_wconf 79' lang='lat' dir='ltr'>commissario</span> <span class='ocrx_word' id='word_1_560' title='bbox 1936 2530 1982 2550; x_wconf 78' lang='lat' dir='ltr'>ce-</span> 
     </span>
     <span class='ocr_line' id='line_1_94' title="bbox 1245 2568 1984 2606; baseline 0 -9"><span class='ocrx_word' id='word_1_561' title='bbox 1245 2578 1328 2597; x_wconf 83' lang='lat' dir='ltr'>sareo</span> <span class='ocrx_word' id='word_1_562' title='bbox 1357 2568 1562 2597; x_wconf 82' lang='lat' dir='ltr'>l&#39;ammontare</span> <span class='ocrx_word' id='word_1_563' title='bbox 1595 2568 1624 2597; x_wconf 82' lang='lat' dir='ltr'>di</span> <span class='ocrx_word' id='word_1_564' title='bbox 1657 2578 1720 2598; x_wconf 84' lang='lat' dir='ltr'>esso</span> <span class='ocrx_word' id='word_1_565' title='bbox 1755 2569 1903 2606; x_wconf 82' lang='lat' dir='ltr'>quartiero</span> <span class='ocrx_word' id='word_1_566' title='bbox 1925 2568 1984 2597; x_wconf 78' lang='lat' dir='ltr'>alla</span> 
     </span>
    </p>

    <p class='ocr_par' dir='ltr' id='par_1_32' title="bbox 1280 2620 1898 2656">
     <span class='ocr_line' id='line_1_95' title="bbox 1280 2620 1898 2656; baseline 0 -9"><span class='ocrx_word' id='word_1_567' title='bbox 1280 2621 1292 2647; x_wconf 87' lang='lat'>‘1</span> <span class='ocrx_word' id='word_1_568' title='bbox 1316 2620 1432 2655; x_wconf 83' lang='lat' dir='ltr'>Legend.</span> <span class='ocrx_word' id='word_1_569' title='bbox 1453 2621 1512 2648; x_wconf 74' lang='lat' dir='ltr'>coll‘</span> <span class='ocrx_word' id='word_1_570' title='bbox 1528 2621 1687 2649; x_wconf 71' lang='lat' dir='ltr'>iuter-vento</span> <span class='ocrx_word' id='word_1_571' title='bbox 1708 2621 1779 2650; x_wconf 75' lang='lat' dir='ltr'>delli</span> <span class='ocrx_word' id='word_1_572' title='bbox 1798 2622 1834 2656; x_wconf 74' lang='lat' dir='ltr'>(a.</span> <span class='ocrx_word' id='word_1_573' title='bbox 1851 2622 1898 2655; x_wconf 57' lang='lat'>12).</span> 
     </span>
    </p>
   </div>
  </div>
 </body>
</html>
