2269 3203
102 239 152 265 Απ.
169 238 196 265 Γ..
222 239 283 265 1701

134 408 231 428 Refertur
255 408 284 427 in-

100 438 182 453 ‹titiitm
215 435 284 453 ι111·1«·ιιι

100 462 252 481 bibliothecae.

128 1575 204 1595 Pri-ces
219 1576 284 1601 magi-

100 1604 137 1622 stri
158 1603 269 1629 generatis.

928 235 1069 261 CLEMENS
1099 237 1130 260 XI
1155 237 1203 260 PP.

509 288 646 314 Clemens
667 287 747 320 Papa
768 286 819 316 XI,

442 332 478 359 ad
499 332 632 358 futuram
653 331 697 358 rei
718 331 901 358 memoriam.

340 394 403 438 gl.
423 394 512 432 Cum,
534 394 618 426 sieut
632 393 769 427 dilectus
789 393 872 426 lilius
906 392 1040 426 Antoni-

296 447 482 480 nusCloche
497 447 652 489 magister
663 446 824 490 generalis
835 446 965 479 Ordinis
982 446 1039 478 fra-

296 506 379 533 trum
398 500 659 534 praedicatorum
679 500 774 533 nobis
792 510 898 543 nuper
919 499 1037 542 exponi

295 553 378 592 fecit,
400 550 479 585 alias
501 554 606 586 bonae
618 553 794 586 memoriae
807 553 1035 596 Hieronymus

293 607 369 639 dum
397 607 485 645 vixit,
506 606 537 640 S.
565 606 601 639 R.
622 606 657 639 E.
685 607 860 639 cardinalis
882 606 1037 639 Casanate

292 666 496 704 nuncupatus
513 660 676 693 celebrem
696 660 932 693 bibliothecam
949 670 1037 692 suam

293 714 467 746 conventui
486 713 600 746 beatae
616 713 735 746 Mariae
750 723 849 756 super
862 713 1037 745 Minervam
1058 740 1060 765 ὲ

293 767 332 799 de
348 766 432 799 Urbe
451 767 528 799 dicti
542 766 673 799 Ordinis
689 766 874 806 donaverit,
890 776 925 799 ac
939 776 1037 798 unum
1058 802 1060 813 Ι

293 829 347 852 seu
367 820 461 862 plura
483 819 633 863 capitalia
653 829 834 852 annuorum
850 818 1037 852 reddituum

292 882 351 916 pro
380 873 708 906 bibliotliecariorum
742 883 778 906 ac
809 874 1036 916 professorum

294 931 399 958 textus
431 926 532 959 sancti
558 926 703 960 Thomae
733 932 764 959 et
791 937 846 959 sex
868 927 1060 968 theologo-1

293 989 363 1012 runi
386 979 555 1023 stipendiis
571 1007 578 1019 ,
615 990 672 1013 seu
707 980 976 1016 manutentione.
1004 989 1039 1012 ac

293 1032 387 1065 libris
405 1033 472 1075 (qui
493 1032 791 1076 Congregationum
811 1043 869 1076 pro
891 1038 1038 1076 tempore

294 1086 503 1119 existentium
522 1086 553 1119 S.
575 1086 610 1118 R.
636 1086 669 1119 E.
693 1086 878 1129 praedictae
893 1086 1040 1118 cardina-

294 1139 371 1172 lium
401 1140 450 1172 vel
482 1140 637 1172 adversus
671 1139 869 1172 haereticam
900 1139 1061 1182 pravita-·

294 1197 357 1225 tem
376 1193 578 1234 generalium
603 1193 831 1235 inquisitorum
850 1193 898 1225 vel
918 1191 1038 1225 lndici¹

293 1353 466 1397 deberent)
493 1354 666 1396 quotannis
693 1353 838 1386 emendis
861 1353 1038 1396 assignave-

292 1408 357 1447 rit;
376 1407 409 1439 in
430 1407 499 1451 ipsa
517 1417 594 1440 vero
612 1407 811 1440 bibliotheca
829 1406 921 1439 multi
945 1417 1039 1450 repe-

293 1460 419 1493 riantur
436 1460 529 1499 libri,
548 1471 686 1504 quorum
707 1460 850 1494 retentio
874 1471 911 1493 ac
940 1460 1037 1493 lectio

293 1523 353 1557 per
388 1523 499 1547 sacros
538 1524 682 1547 canones
720 1519 751 1547 et
789 1513 1037 1547 constitutiones

295 1567 492 1611 apostolicas
517 1567 726 1611 prohibetur;
756 1573 787 1600 et
804 1573 980 1611 propterea
996 1567 1038 1600 di-

296 1626 364 1654 ctus
379 1620 563 1654 Antoninus
578 1621 735 1664 magister
746 1621 910 1663 generalis
922 1631 1037 1664 oppor-

296 1680 372 1707 tune
410 1674 443 1706 in
470 1675 661 1717 praemissis
694 1686 711 1707 a
747 1674 842 1708 nobis
867 1675 1035 1718 provideri

296 1732 328 1761 et
347 1733 382 1760 ut
396 1727 480 1760 infra
494 1727 655 1770 indulgeri
670 1728 845 1771 plurimum
858 1728 1036 1762 desideret:

295 1790 363 1820 nos,
386 1781 491 1824 ipsum
511 1781 708 1813 Antoninum
727 1782 917 1824 magistrum
940 1792 1037 1825 gene-

295 1834 397 1867 ralem
429 1834 626 1877 specialibus
660 1834 824 1868 favoribus
859 1841 891 1868 et
925 1836 1036 1878 gratiis

294 1887 450 1930 prosequi
471 1887 617 1920 volentes
634 1915 641 1927 ‚
678 1893 711 1920 et
736 1899 754 1920 a
786 1888 954 1931 quibusvis
983 1899 1038 1922 ex-

295 1941 599 1974 communicationis
612 1968 619 1980 ,
642 1942 869 1985 suspensionis
889 1947 921 1975 et
938 1943 1037 1976 inter-

295 1994 394 2034 dicti,
422 1994 559 2037 aliisque
589 1995 818 2028 ecclesiasticis
843 1996 1011 2029 sententiis
1030 2023 1037 2035 ,

295 2047 442 2081 censuris
457 2053 488 2081 et
500 2048 629 2091 poenis,
647 2059 664 2081 a
679 2048 747 2081 iure
765 2049 814 2081 vel
829 2048 869 2081 ab
889 2049 1035 2090 homine,

295 2101 407 2144 quavis
431 2101 603 2135 occasione
621 2103 672 2135 vel
698 2104 794 2135 causa
814 2103 898 2142 tatis,
920 2103 945 2136 si
967 2103 1038 2146 qui-

293 2153 355 2186 bus
379 2155 625 2198 quomodolibet
649 2156 825 2189 innodatus
850 2156 968 2195 existit,
997 2157 1037 2190 ad

296 2206 448 2241 effectum
479 2209 700 2252 praesentium
731 2210 896 2243 dumtaxat
921 2221 1038 2244 eonse-

295 2261 481 2304 quendum,
508 2262 622 2295 harum
656 2263 741 2297 serie
776 2264 980 2297 absolventes
1006 2269 1038 2298 et

294 2314 480 2347 absolutum
499 2316 567 2349 sore
586 2322 772 2357 censentes,
789 2318 1038 2361 supplicationi-

293 2366 354 2400 bus
371 2368 440 2401 eius
459 2369 590 2402 nomine
609 2370 703 2403 nobis
724 2381 824 2414 super
844 2371 908 2404 hoe
933 2372 1038 2404 humi—

294 2419 367 2453 liter
381 2422 540 2463 porrectis
562 2423 719 2463 inclinati,
739 2425 778 2457 de
796 2425 1036 2459 venerabilium

294 2472 428 2506 fratrum
443 2480 629 2508 nostrorum
644 2476 673 2509 S.
689 2477 727 2509 R.
740 2477 774 2510 E.
795 2478 953 2511 ecclesiae
972 2489 1036 2511 car-

296 2524 452 2560 dinalium
484 2528 515 2560 in
550 2532 616 2562 tota
652 2530 821 2573 republica
857 2531 1036 2564 christiana

295 2577 446 2612 adversus
470 2580 668 2615 haereticam
693 2584 885 2626 pravitatem
908 2585 1035 2628 praedi-

331 2641 342 2668 1
364 2639 476 2668 Videtur
495 2641 590 2671 deesse
611 2644 756 2673 librorum
776 2645 816 2680 (R.
832 2645 882 2681 Tu).

1059 1216 1061 1228 t
1083 1200 1113 1226 et
1132 1195 1345 1233 damnandos,

293 1246 535 1289 prohibitorum
559 1252 591 1279 et
623 1246 908 1290 expurgandorum
945 1256 1060 1289 prae-¹

292 1300 473 1342 positorum
507 1310 667 1333 censurae
704 1305 735 1332 et
768 1300 887 1333 iudicio
924 1300 1060 1332 subiict

1746 230 1787 262 173

1082 292 1166 318 ctam
1192 287 1394 329 generalium
1422 287 1650 330 inquisitorum
1673 298 1689 320 a
1715 289 1824 320 sanctii

1082 339 1164 372 Sede
1184 340 1369 383 Apostolica
1391 340 1579 384 specialiter
1597 341 1824 384 deputatorum

1082 393 1229 432 consilio,
1249 392 1353 426 eidem
1374 393 1536 427 Antonino
1558 394 1720 436 generali,
1739 394 1825 427 aliis-

1082 456 1143 488 que
1171 456 1230 490 pro
1258 452 1403 490 tempore
1431 447 1646 481 existentibus
1666 447 1742 480 dicti
1768 447 1825 480 Or-

1082 499 1166 532 dinis
1196 500 1358 543 magistris
1391 511 1500 543 gener·
1506 500 1619 540 ·libus,
1645 506 1677 533 ut
1706 500 1766 544 ipsi
1792 501 1823 533 in

1081 552 1283 586 bibliotheca
1310 555 1475 597 praedicta
1500 555 1690 597 quorumiis
1709 546 1841 587 haer-‘e
1853 546 1863 558 ’

1083 605 1123 637 ti‹
1128 616 1218 638 otum
1243 612 1273 638 et
1291 606 1430 640 haeresi
1428 608 1512 639 irch
1506 618 1595 639 uum
1621 607 1823 650 alioxumquc

1081 660 1333 702 reprobatorum
1371 666 1557 700 auctorum,
1595 661 1823 704 cuiuscumque

1082 718 1190 744 sectae
1217 719 1248 745 et
1274 714 1397 752 classis,
1430 714 1525 746 etiam
1552 714 1700 757 primae,
1732 720 1763 746 et
1787 725 1823 747 ex

1081 776 1284 808 quacumque
1303 769 1406 805 causa,
1426 767 1522 800 etiam
1544 767 1584 800 ob
1605 767 1673 800 salsi
1696 767 1826 810 dogma-

1083 819 1121 851 tis
1148 820 1381 862 suspicionem,
1400 832 1417 853 a
1443 820 1753 863 praedecessoribus
1767 831 1823 853 no-

1081 873 1157 905 stris
1185 873 1337 906 Romanis
1364 873 1584 913 Pontificibus,
1614 884 1670 906 seu
1698 874 1729 906 in
1756 875 1825 917 qui-

1081 926 1188 958 busvis
1226 927 1375 960 conciliis
1412 927 1638 970 generalibus,
1664 938 1699 960 ac
1726 928 1821 960 etiam

1081 991 1098 1012 a
1115 980 1207 1012 nobis
1228 986 1259 1013 et
1279 980 1360 1014 Sede
1387 981 1551 1024 praedicta
1577 981 1825 1024 quomodolibet

1082 1034 1266 1076 prohibitos
1292 1040 1323 1067 et
1349 1035 1529 1073 damnatos,
1550 1042 1578 1068 et
1598 1046 1615 1069 a
1638 1036 1732 1069 nobis
1754 1046 1826 1068 suc-

1082 1087 1332 1132 cessoribusque
1370 1090 1489 1121 nostris
1516 1089 1668 1122 Romanis
1695 1089 1826 1122 Pontifi-

1083 1140 1174 1173 cibus
1206 1147 1237 1174 et
1258 1142 1343 1174 dicta
1368 1142 1451 1175 Sede
1470 1143 1578 1175 forsan
1598 1142 1825 1186 prohibendos

1368 1196 1477 1235 libros,
1496 1197 1720 1239 manuscripta
1741 1202 1772 1228 et
1792 1207 1826 1229 o-

1082 1257 1171 1289 pera,
1187 1254 1249 1281 tam
1269 1249 1425 1282 hactenus
1440 1250 1472 1282 in
1491 1250 1595 1282 lucem
1615 1250 1710 1287 edita,
1730 1260 1823 1293 quam

1082 1301 1112 1334 in
1129 1307 1296 1344 posterum
1316 1302 1443 1335 edenda
1463 1313 1518 1335 seu
1537 1303 1709 1335 scribenda
1729 1313 1825 1346 quac-

1082 1364 1240 1397 cumque‚
1268 1355 1391 1387 etiamsi
1420 1366 1456 1388 ex
1482 1356 1632 1398 professo
1658 1361 1691 1389 et
1714 1356 1746 1388 in
1773 1366 1823 1389 ca-

1081 1407 1146 1451 pite
1173 1409 1212 1441 de
1239 1408 1397 1451 religione
1423 1415 1455 1442 et
1480 1409 1542 1442 lide
1568 1410 1740 1450 catholica,
1767 1420 1823 1442 seu

1081 1466 1193 1494 contra
1221 1462 1415 1504 religionem
1442 1468 1474 1495 et
1499 1463 1593 1496 tidem
1615 1463 1744 1496 easdem
1763 1468 1826 1496 tra-

1080 1520 1178 1555 ctent,
1205 1515 1238 1547 in
1264 1515 1333 1558 ipsa
1359 1516 1562 1549 bibliotheca
1590 1517 1764 1550 collocatos
1793 1521 1826 1549 et

1080 1569 1250 1608 collocata,
1273 1569 1358 1602 acin
1384 1570 1527 1602 futurum
1553 1570 1823 1613 quandocumque

1080 1623 1290 1657 collocandos
1316 1628 1347 1656 et
1368 1623 1568 1662 collocanda,
1588 1624 1744 1665 retinere,
1766 1624 1824 1657 lia-

1079 1677 1157 1710 bere
1183 1682 1215 1710 et
1241 1688 1407 1711 asservare
1429 1682 1566 1717 tantum,
1592 1677 1708 1717 libere,
1736 1677 1822 1710 licite

1080 1735 1110 1763 et
1135 1730 1281 1774 impune,
1303 1741 1340 1763 ae
1365 1731 1484 1774 absque
1509 1731 1577 1764 ullo
1603 1730 1821 1764 conscientiae

1080 1785 1246 1827 scrupulo,
1265 1790 1297 1818 et
1321 1795 1601 1828 quarumcumque
1627 1784 1824 1818 ecclesiasti-

1080 1847 1189 1870 carum
1215 1839 1448 1871 sententiarum
1476 1843 1508 1871 et
1532 1848 1742 1871 censurarum
1771 1838 1821 1870 vel

1079 1891 1218 1923 aliarum
1239 1902 1428 1934 poenarum,
1451 1892 1546 1924 etiam
1562 1891 1822 1934 irregularitatis,

1079 1944 1231 1977 infamiae
1257 1950 1311 1977 aut
1336 1945 1563 1987 inhabilitatis,
1583 1945 1723 1984 incursu,
1748 1955 1824 1988 pos-

1080 1998 1144 2030 sint
1165 2003 1196 2031 et
1213 1999 1350 2037 valeant,
1370 1998 1412 2031 ita
1434 2003 1541 2031 tamen
1558 2003 1592 2031 ut
1610 1997 1702 2031 illos⁴
1720 2003 1752 2031 et
1768 1999 1824 2031 illa

1080 2051 1119 2083 ab
1138 2051 1208 2083 aliis
1229 2056 1393 2094 separatos
1414 2057 1445 2084 et
1464 2056 1613 2095 separata
1634 2056 1666 2084 et
1683 2051 1741 2084 sub
1760 2052 1824 2085 cla-

1080 2113 1138 2141 ve,
1172 2113 1213 2136 ne
1238 2105 1277 2137 ad
1309 2104 1449 2137 aliorum
1485 2115 1600 2137 manus
1626 2104 1820 2145 deveniant,

1080 2157 1256 2197 retineant,
1283 2163 1315 2190 et
1339 2158 1469 2191 nonnisi
1495 2159 1534 2190 ab
1560 2157 1598 2191 iis
1623 2158 1679 2202 qui
1705 2169 1824 2201 oppor-

1080 2215 1191 2243 tunam
1217 2221 1316 2253 super
1349 2221 1462 2244 eorum
1491 2211 1629 2244 lectione
1656 2211 1821 2245 licentiam

1081 2263 1141 2296 sibi
1167 2264 1323 2297 canonice
1355 2274 1543 2298 concessam
1573 2274 1643 2297 esse
1669 2264 1822 2297 ostende-

1080 2317 1153 2355 rint,
1171 2318 1235 2360 legi
1262 2316 1462 2361 permittant,
1477 2317 1666 2351 auctoritate
1692 2322 1823 2361 aposto-

1081 2371 1151 2409 lica,
1171 2376 1283 2404 tenore
1308 2371 1541 2414 praesentium,
1561 2371 1768 2404 concedimus
1790 2377 1822 2404 et

1079 2423 1295 2466 indulgemus
1311 2425 1398 2457 salva
1412 2430 1520 2457 tamen
1536 2434 1666 2467 semper
1682 2423 1714 2456 in
1733 2434 1821 2467 prae·

1078 2476 1184 2509 missis
1203 2477 1394 2510 auctoritate
1409 2477 1681 2520 Congrcgationis
1696 2487 1820 2510 eorum-

1079 2531 1150 2563 dem
1177 2531 1402 2564 cardinalium.

1121 2584 1135 2627 ἓ
1160 2584 1190 2617 ⁶2.
1218 2584 1288 2617 Non
1314 2585 1518 2618 obstantibus
1543 2585 1755 2629 praemissis,
1781 2594 1818 2618 ac

1111 2647 1123 2674 1
1148 2645 1218 2674 Edit.
1235 2647 1314 2675 Main.
1330 2647 1397 2683 legit
1412 2647 1472 2675 illis
1491 2648 1530 2684 (n.
1547 2648 1596 2682 T.)-

1844 514 1875 564 lt
1879 519 1904 533 011

1861 2004 1977 2026 Limitatio.

1857 2587 1978 2614 cauma-³.

1835 238 1882 264 An.
1901 238 1928 264 (ἶ.
1953 239 2016 265 ¹701

1995 516 2019 534 .l.e

1868 548 1877 559 κ
1891 547 1909 560 ιιι
1908 519 1975 561 ‘titilus
1980 548 2019 561 ir).
