2269 3203
257 231 308 258 An.
326 230 356 257 c.
377 229 445 257 1792
490 221 555 255 910

453 280 611 323 implere,
646 281 801 315 dilectum
837 282 940 316 filium
966 290 1113 316 nostrum
1140 283 1192 315 Mi-

453 333 601 367 chaelem
637 335 836 369 Fridericum
871 337 953 370 tituli
990 337 1021 369 S.
1054 336 1191 369 Sabinae

452 387 649 420 cardinalem
677 388 715 421 de
742 390 861 421 Althan
886 394 1136 432 procuratorem
1162 394 1215 421 et*

453 440 687 474 mandatarium
719 453 812 474 suum
846 442 1019 484 specialem
1058 441 1189 482 fecerit,

452 494 657 527 constituerit
682 501 714 528 et
738 495 942 538 deputaverit
960 495 1191 538 specialiteret

452 556 602 589 expresse
636 548 674 580 ad
700 559 755 586 se,
785 548 916 580 nornine
943 548 1102 591 praedicti
1129 548 1188 580 Ca-

451 600 512 632 roli
540 600 575 632 Vl
601 601 700 642 regis,
728 601 855 644 quoties
878 608 963 644 'opus
990 602 1057 640 suit,
1084 612 1191 634 coram

450 652 543 685 nobis
570 653 739 687 humiliter
757 659 876 687 etcum
895 655 982 687 omni
1009 654 1192 687 reverentia

450 707 740 748 praesentandum,
759 718 794 739 ac
816 718 832 739 a
850 707 946 739 nohis
965 707 1190 740 investituram

448 758 542 800 regni
570 759 756 792 huiusmodi
783 761 967 803 petendam,
987 771 1122 804 eamque
1144 771 1192 793 ae-

449 811 650 854 ceptandam,
678 823 805 845 necnon
832 813 926 846 nobis
952 814 1083 846 nomine
1109 814 1192 846 eius-

450 863 522 896 dem
559 864 662 898 Caroli
699 866 784 909 regis
809 877 870 910 pro
908 868 1052 910 praefato
1090 878 1190 910 regno

448 917 576 951 Siciliae
603 923 633 953 et
668 920 869 954 Hierusalem
896 931 967 953 curn
1007 924 1070 954 tota
1106 924 1190 954 terra

447 971 528 1004 citra
546 973 687 1006 Pharum
709 973 849 1007 debitam
866 974 1087 1007 obedientiam
1100 975 1190 1008 exhi-

446 1023 585 1058 bendani
598 1025 618 1066 ¹,
640 1037 676 1060 ac
700 1027 796 1059 etiam
820 1027 981 1060 fidelitatis
999 1034 1027 1060 et
1047 1028 1188 1070 homagii

447 1077 666 1112 iuramentum
693 1080 819 1113 ratione
857 1080 943 1113 feudi
982 1080 1058 1113 dicti
1097 1081 1188 1123 regni

446 1134 688 1174 praestandum,
714 1133 801 1177 quod
828 1133 1017 1177 requisitum
1046 1144 1190 1167 necessa-

447 1185 528 1218 rium
566 1191 598 1218 et
634 1192 854 1229 opportunum
890 1187 970 1220 soret
1007 1198 1042 1220 ex
1085 1187 1188 1230 ipsius

447 1238 532 1270 feudi
570 1242 704 1279 natura,
744 1245 775 1272 et
800 1241 1071 1283 quemadmodum
1107 1241 1187 1274 illud

446 1293 638 1335 praestitum
658 1293 761 1326 suerat
779 1305 796 1326 a
814 1293 964 1327 Carololl
983 1304 1072 1337 rege,
1092 1299 1187 1337 atque

445 1347 484 1378 ab
510 1346 581 1379 aliis
605 1347 918 1390 praedecessoribus
937 1348 1002 1380 suis
1021 1348 1052 1380 in
1072 1348 1186 1381 eodem

445 1409 546 1441 regno
566 1400 695 1433 solitum
716 1401 820 1434 suerat
835 1401 1012 1444 praestari;
1034 1406 1064 1434 et
1083 1401 1187 1434 dictus

445 1451 580 1486 Michae't
607 1453 790 1487 Fridericus
813 1454 988 1487 cardinalis
1009 1454 1048 1486 ab
1068 1454 1185 1486 Althan

444 1511 646 1549 procurator,
672 1506 704 1539 in
732 1507 793 1539 vim
820 1507 1058 1540 constitutionis
1085 1512 1115 1539 et
1137 1507 1187 1539 de-

444 1558 625 1602 putationis
651 1560 853 1600 huiusmodi,
881 1560 917 1592 ad
949 1559 1126 1603 praemissa
1153 1570 1186 1591 ο-

444 1612 534 1644 mnia
551 1618 583 1645 et
599 1613 727 1655 singula
746 1613 877 1645 nomine
897 1612 1054 1656 praedicti
1081 1612 1185 1646 Caroli

445 1665 530 1708 regis
564 1667 748 1709 peragenda
785 1672 814 1699 et
852 1667 1039 1710 exequenda
1077 1677 1184 1700 coram

444 1718 539 1751 nobis
566 1719 734 1752 humiliter
753 1724 785 1751 et
805 1730 877 1752 cum
900 1719 987 1752 omni
1007 1719 1186 1752 reverentia

444 1772 503 1804 sub
530 1772 580 1805 die
605 1783 668 1806 xvn
695 1772 814 1805 mensis
836 1772 908 1804 maii
934 1772 1080 1816 proxime
1099 1783 1186 1816 prae-

445 1825 531 1858 teriti
558 1836 590 1858 se
617 1825 902 1869 praesentaverit&
925 1832 957 1859 et
981 1826 1012 1859 in
1039 1827 1185 1869 generali

444 1879 678 1913 venerabilium
706 1880 840 1913 fratrum
867 1886 1050 1914 nostrorum
1072 1880 1182 1914 S.R.E.

444 1933 655 1966 cardinalium
681 1934 941 1977 Congregatione
963 1934 1022 1967 sub
1048 1934 1108 1967 hac
1134 1935 1184 1967 die

443 1986 553 2019 martis
580 1997 610 2020 tx
637 1988 757 2020 mensis
783 1987 861 2020 iunii
888 1988 1071 2031 praesentis
1098 1988 1183 2027 anni,

444 2050 525 2083 quae
551 2050 660 2073 coram
686 2040 781 2073 nobis
808 2041 839 2073 in
865 2041 985 2084 palatio
1016 2046 1129 2074 nostro
1156 2052 1186 2074 a-

443 2093 604 2136 postolico
630 2094 745 2127 Montis
771 2093 945 2132 Quirinalis
970 2095 1009 2128 ad
1036 2095 1097 2128 hoc
1115 2106 1185 2137 spe-

444 2146 570 2179 cialiter
595 2153 767 2180 convocata
793 2153 822 2180 et
849 2147 960 2180 habita
994 2148 1072 2188 suit,
1098 2159 1185 2181 com-
1207 2167 1208 2174 κ

443 2200 594 2243 pluribus
619 2200 889 2245 archiepiscopis,
909 2202 1071 2245 episeopis
1098 2202 1185 2235 aliis-

445 2263 505 2295 que
530 2253 683 2296 praelatis
710 2254 754 2286 ibi
780 2254 1020 2294 assistentibus,
1052 2255 1184 2287 nomine

444 2305 546 2349 ipsius
574 2306 678 2339 Caroli
704 2307 788 2349 regis
814 2307 908 2340 nobis
943 2313 974 2340 et
998 2307 1071 2340 Scdi
1098 2308 1184 2351 Apo—

444 2359 579 2392 stolicae
594 2369 630 2392 ac
649 2359 813 2393 Romanae
829 2360 991 2394 Ecclesiae
1008 2361 1183 2404 praedictis

445 2413 666 2446 obedientiam
697 2419 794 2457 atque
832 2414 1019 2457 homagium
1045 2420 1076 2447 et
1100 2415 1184 2447 iura-

446 2472 590 2499 mentum
617 2466 798 2507 fidelitatis,
824 2468 882 2500 sub
909 2468 1009 2500 forma
1045 2467 1183 2500 inl‘erius

445 2520 605 2561 adnotata,
632 2520 854 2563 praestiterit:

480 2592 493 2617 ’1
517 2590 586 2618 Edit.
608 2590 686 2618 Μαίη.
709 2591 772 2625 legit
792 2591 960 2619 exhibentes
979 2596 1019 2625 (a.
1040 2592 1089 2624 T.).

480 2635 496 2663 2
517 2635 585 2662 Edu
607 2635 685 2662 Main.
707 2636 773 2671 legit
790 2637 986 2672 praesentavi!
1007 2637 1046 2672 (a.
1064 2637 1110 2672 T.).

1038 235 1218 259 BULLARIUM
1243 234 1398 259 ROMANUM

1279 284 1294 326 ξ,
1318 283 1349 317 9.
1377 282 1453 324 Nos,
1474 283 1718 317 considerantes
1743 284 1845 328 ipsius
1869 284 1973 319 Caroli

1236 337 1320 378 regis
1348 337 1598 370 haereditariam
1624 338 1784 380 regnandi
1803 344 1976 372 consuetu·

1237 388 1353 429 dinem,
1373 396 1404 423 et
1423 390 1509 433 quod
1535 390 1612 423 sciet
1631 396 1662 423 et
1680 392 1767 424 volet
1784 392 1976 425 commissos

1235 442 1294 474 sibi
1321 444 1459 486 populos
1486 443 1517 475 in
1544 443 1631 486 pacis
1657 444 1851 477 amoenitate
1874 450 1904 477 et
1928 446 1975 478 iu-

1236 494 1339 528 stitiae
1358 497 1444 529 cultu
1463 497 1648 537 confovere,
1674 508 1710 530 ac
1728 508 1786 530 nos
1808 503 1840 530 et
1866 498 1976 531 Roma-

1236 558 1307 580 nam
1323 548 1498 581 Ecclesiam
1517 549 1617 592 ipsius
1633 550 1724 592 regni
1740 550 1975 594 proprietarios

1236 611 1272 632 ac
1298 601 1438 634 directos
1475 602 1625 635 dominos
1662 604 1754 644 grata
1780 603 1974 645 devotione,

1213 647 1215 670 ⁵
1236 653 1299 686 side
1324 654 1461 694 sincera,
1487 666 1742 699 recognoscere;
1771 667 1830 690 nee
1854 656 1975 690 diutius

1213 707 1399 740 ³nolcntes¹
1427 719 1444 741 a
1468 710 1680 742 concessione
1706 710 1919 743 investiturae
1944 716 1976 743 et

1235 759 1465 794 infeudationis
1502 763 1666 805 praefatae
1698 774 1734 796 ac
1767 763 1882 797 directi
1920 764 1976 797 do-

1212 814 1325 847 'minii
1351 815 1455 847 nostri
1482 826 1541 848 usu
1567 822 1598 849 et
1621 816 1773 850 exercitio
1798 817 1975 858 abstinere,

1234 868 1289 900 sed
1316 869 1434 911 potius,
1452 869 1543 902 novis
1568 880 1604 902 ae
1628 870 1812 904 iustissimis
1838 881 1873 904 ex
1900 882 1975 904 cau-

1235 922 1278 954 sis
1303 922 1346 955 ita
1363 923 1587 963 suadentibus,
1609 924 1839 968 praesentique
1865 935 1973 958 rerum

1234 981 1266 1007 et
1290 980 1472 1018 temporum
1505 980 1589 1010 statu
1615 983 1761 1010 accurate
1793 988 1971 1021 perpenso,

1235 1028 1454 1062 Romanorum
1482 1029 1668 1063 Pontificum
1685 1031 1973 1074 praedecessorum

1233 1087 1418 1115 nostrorum
1444 1083 1586 1126 vestigiis
1611 1083 1827 1124 inhaerendo,
1860 1089 1975 1117 nostra

1234 1141 1266 1167 et
1291 1136 1435 1169 eiusdem
1460 1136 1595 1170 Sanctae
1620 1136 1712 1170 Sedis
1737 1137 1807 1170 iura
1831 1148 1890 1181 per
1920 1148 1974 1172 no-

1210 1200 1301 1236 anm
1328 1189 1574 1223 concessionem
1608 1190 1791 1224 huiusmodi
1824 1202 1973 1225 asserere

1232 1249 1263 1274 et
1288 1253 1480 1276 conservare
1506 1243 1724 1282 intendentes.
1750 1244 1859 1277 habita
1876 1251 1974 1288 super

1209 1311 1211 1326 ι
1233 1295 1282 1327 his
1308 1306 1380 1327 cum
1407 1296 1528 1329 eisdem
1556 1297 1792 1330 venerabilibus
1818 1298 1971 1330 fratribus

1232 1349 1349 1382 nostris
1374 1349 1403 1381 S.
1433 1349 1471 1382 R.
1501 1349 1535 1382 E.
1571 1350 1789 1383 cardinalibus
1821 1350 1913 1394 prius
1939 1351 1971 1383 in

1231 1402 1346 1434 codem
1373 1403 1565 1436 consistorio
1595 1408 1627 1436 et
1659 1403 1777 1436 deinde
1808 1403 1903 1436 etiam
1938 1404 1970 1436 in

1231 1455 1293 1487 alia
1315 1455 1411 1488 simili
1430 1456 1683 1498 congregatione
1696 1456 1838 1499 generali
1854 1457 1892 1489 ad
1908 1456 1971 1489 hoc

1231 1507 1422 1541 nominatim
1440 1509 1550 1541 habita
1576 1510 1636 1542 sub
1662 1509 1714 1542 die
1736 1509 1859 1542 sabbati
1881 1512 1971 1542 sexta

1231 1561 1376 1594 eiusdem
1402 1562 1583 1605 praesentis
1610 1562 1731 1595 mensis
1756 1562 1836 1594 iunii
1861 1562 1894 1595 in
1920 1573 1972 1596 eo-

1231 1615 1303 1648 dem
1342 1615 1464 1658 palatio
1502 1621 1613 1648 nostro
1653 1615 1778 1658 (ibique
1818 1616 1969 1650 mandato

1230 1669 1469 1711 procurationis
1495 1669 1597 1712 ipsius
1621 1668 1727 1702 Caroli
1749 1669 1836 1712 regis
1862 1670 1894 1703 in
1915 1670 1971 1703 im-

1230 1728 1415 1764 peratorem
1442 1722 1537 1755 electi
1563 1722 1694 1765 publice
1728 1728 1760 1755 et
1793 1724 1856 1756 alta
1890 1733 1969 1756 voce

1230 1775 1374 1818 perlecto
1400 1781 1428 1808 et
1457 1775 1632 1818 diligenter
1658 1775 1820 1819 inspecto)
1847 1776 1970 1809 delibe-

1230 1829 1355 1862 ratione
1375 1829 1559 1868 matura,de
1579 1829 1725 1872 ipsorum
1745 1829 1879 1862 fratrum
1898 1840 1970 1863 eon-

1229 1882 1302 1914 silio
1327 1882 1450 1925 pariter
1476 1887 1507 1915 et
1531 1893 1673 1921 assensu,
1690 1888 1721 1915 et
1746 1893 1782 1915 ex
1809 1885 1897 1916 certa
1913 1894 1972 1917 no-

1229 1938 1294 1968 stra
1310 1935 1444 1969 scientia
1462 1941 1494 1968 et
1514 1936 1553 1969 de
1572 1935 1770 1979 apostolicae
1796 1937 1968 1980 potestatis

1229 1989 1446 2032 plenitudine,
1465 1989 1496 2022 in
1516 1989 1649 2022 nomine
1675 1989 1776 2022 Patris
1797 1995 1829 2022 et
1845 1989 1915 2022 Filii
1937 1995 1969 2023 et

1228 2042 1369 2086 Spiritus
1395 2042 1514 2083 Sancti,
1543 2042 1764 2076 obedientiam
1790 2043 1829 2076 ab
1854 2043 1968 2077 eodem

1229 2096 1385 2129 cardinali
1424 2097 1463 2129 de
1502 2096 1620 2129 Althan
1666 2101 1879 2140 procuratore
1909 2108 1968 2130 no-

1228 2149 1315 2183 mine
1342 2149 1443 2193 ipsius
1469 2149 1571 2183 Caroli
1598 2150 1694 2193 Regis
1720 2150 1811 2183 nobis
1837 2156 1869 2184 et
1892 2151 1968 2184 Sedi

1206 2203 1260 2235 'et
1293 2202 1444 2236 Camerae
1471 2203 1647 2246 praedictis
1684 2209 1717 2236 ut
1748 2203 1967 2247 praemittitur

1228 2256 1428 2299 praestitam,
1454 2256 1595 2300 itemque
1622 2256 1809 2298 homagium
1828 2261 1860 2291 et
1885 2256 1968 2289 iura-

1228 2314 1372 2341 mentum
1389 2309 1552 2342 fidelitatis
1569 2309 1751 2342 huiusmodi
1768 2310 1851 2342 laeto
1872 2314 1968 2353 atque

1228 2362 1324 2394 hilari
1351 2362 1458 2395 animo
1483 2362 1692 2402 admittimus,
1719 2372 1755 2394 ac
1780 2373 1917 2405 regnum
1942 2362 1968 2395 i-

1228 2425 1319 2458 psum
1344 2415 1473 2448 Siciliae
1501 2420 1532 2448 et
1556 2415 1756 2448 Hierusalem
1793 2426 1866 2448 cum
1900 2417 1968 2448 tota

1205 2490 1206 2497 κ
1227 2471 1313 2501 terra
1338 2469 1504 2512 praedicta
1527 2468 1605 2501 citra
1630 2468 1772 2501 Pharum
1798 2479 1900 2512 usque
1926 2468 1965 2501 ad

1205 2525 1206 2536 ³
1227 2521 1367 2555 confinia
1381 2527 1540 2555 terrarum
1559 2521 1702 2555 eiusdem
1720 2523 1884 2556 Ecclesiae
1905 2522 1968 2556 Ro-

1213 496 1216 509 l

1265 2639 1271 2664 l
1298 2637 1390 2665 Potius
1410 2637 1470 2673 lege
1493 2637 1615 2665 volentes
1634 2643 1673 2673 tn.
1697 2639 1746 2673 τ.).

1988 237 2037 264 An.
2058 237 2086 265 C.
2104 238 2171 266 1722

2013 299 2094 329 Causae
2110 293 2171 327 prae-

1986 328 2051 355 sentis
2084 333 2170 349 conces-

1985 358 2057 373 smum.

2011 1996 2124 2019 Concessio
2142 2001 2162 2019 nt

1981 2023 2000 2043 in
2017 2024 2109 2045 tubi-tra.
