2269 3203
1242 263 1396 286 ROMANUM

1241 310 1354 341 sincera
1384 321 1399 341 e
1430 311 1677 351 disappassionata
1712 311 1846 350 giustizia
1880 312 1977 342 distri-

757 312 896 345 CCLXX.

455 383 501 417 C'
670 394 675 400 1
787 394 792 400 .
870 396 872 399 .
961 394 966 395 .
1030 393 1035 399 ἱ
1063 394 1066 395 7
1121 383 1125 387 .
1170 383 1182 399 ι.
1218 359 1350 394 ·butiva,
1375 370 1428 390 con
1452 364 1623 390 ammettere
1646 360 1674 390 in
1705 360 1822 390 ciascun
1853 361 1978 400 capitolo

480 384 667 426 onfiimacm
718 383 881 416 <temetum
929 383 1220 425 Conweyatzoms‹
1306 409 1321 425 .·
1356 409 1371 426 ,.
1538 420 1541 424 ι
1645 409 1650 415 .
1686 420 1691 426 ¹
1724 409 1752 415 ..
1867 410 1872 415 .

1241 410 1420 448 provinciale
1443 410 1497 439 due
1531 413 1652 448 soggetti
1685 410 1752 439 abili
1777 410 1821 439 del
1849 414 1979 440 ristretto

497 437 719 479 episcoporum
741 441 769 468 el
793 436 997 478 requlctrium
1016 435 1053 467 de
1069 435 1198 467 racione
1240 457 1268 486 di
1292 457 1379 488 Lecce
1402 467 1417 488 e
1439 458 1526 488 Terra
1550 459 1578 488 di
1600 458 1721 488 0¹14]an
1744 458 1790 487 nel
1812 458 1978 488 definitorio

497 489 665 531 faciendae
690 489 853 522 electionis
870 487 1116 546 officialium-in
1129 498 1198 530 pro·
1241 505 1269 535 di
1292 506 1370 536 detta
1393 506 1552 545 provincia,
1577 506 1635 536 CO„
1658 510 1761 545 questo
1784 507 1863 545 pem,
1880 506 1932 536 che
1949 516 1979 536 se

498 542 609 575 vincici
633 543 663 575 S.
691 542 823 575 Nicolai
855 542 998 584 fratrum
1030 541 1197 573 Manat-um
1241 554 1299 592 agli
1315 554 1429 584 eleum
1446 555 1560 594 pjacesg,
1578 555 1710 593 eleggere
1728 564 1777 594 pel.
1801 555 1979 594 provinciale

497 594 534 627 (Ie
560 594 769 628 observantia
796 595 1095 637 Reformat0rum¹.
1241 612 1279 632 un
1304 603 1442 641 Leccese,
1467 612 1524 633 non
1553 608 1696 642 potranno
1718 603 1858 642 deputare
1880 603 1900 633 il
1929 613 1979 633 cu-

1219 659 1220 664 ’
1241 651 1322 680 stode
1344 651 1390 680 nel
1415 651 1574 682 medesimo
1597 652 1739 688 ristretto,
1764 661 1809 681 ma
1826 651 1845 680 il
1862 651 1980 690 provin-

1241 699 1315 729 ciale
1338 700 1373 730 ed
1397 709 1435 730 un
1459 701 1631 738 definitore3
1657 710 1671 730 e
1694 701 1810 740 quando
1835 710 1979 730 vorranno

1241 748 1374 787 eleggere
1393 749 1412 778 il
1431 749 1609 788 provinciale
1631 750 1748 787 Barese,
1765 749 1915 779 dovranno
1931 750 1980 779 de-

1241 803 1345 837 putare
1368 798 1387 827 il
1410 799 1529 828 custode
1551 808 1566 828 e
1595 808 1651 828 non
1676 808 1714 828 un
1737 799 1890 829 ‹letinitore
1913 799 1979 829 Lec-

1241 855 1325 884 cese3
1350 847 1487 876 restando
1518 849 1586 886 pero
1610 857 1725 887 sempre
1748 848 1776 877 in
1800 847 1922 877 arbitrio
1949 847 1978 877 di

1241 894 1311 925 detti
1328 895 1420 925 vocali
1433 895 1599 934 d'eleggere
1615 895 1634 925 il
1651 896 1830 935 provinciale
1842 896 1870 925 di
1882 896 1978 935 quella

1242 944 1367 983 partita,
1392 944 1467 974 nella
1490 944 1575 984 quale
1598 945 1776 974 stimeranno
1799 954 1894 975 essere
1917 954 1980 983 sog-

263 263 313 288 Αη.
335 260 451 288 C.17⁸20
498 251 561 285 8302
1038 263 1216 287 BULLARIUM
1984 264 2036 290 An.
2058 263 2085 290 c.
2103 264 2172 291 1720

667 675 804 701 Clemens
833 675 915 707 Papa
935 674 982 704 XI,

595 720 631 746 ad
651 720 786 746 futuram
806 719 850 746 roi
869 718 1054 746 memoriam.

351 804 443 821 ,ιιιιιιιιιιι
499 790 513 833 ξ
537 790 564 822 l.
585 790 752 823 Emanavit
777 800 882 833 nupei
900 801 917 822 a
934 789 1196 833 Congrzegttione
1218 802 1220 805 ’

358 828 444 874 ‘'meda-
455 842 691 876 venerabilium
713 844 848 876 fratium
874 848 1062 876 nosnorum
1080 843 1110 876 S.
1118 844 1154 876 R.
1160 844 1194 876 E.

347 888 370 900 ‘⁴'
384 887 671 953 isnsscardinalium
692 897 832 939 negotiis
850 901 882 929 et
902 897 1197 930 consultationibus

361 940 684 996 ‹11¹¹i2fepisoop0mm
710 954 741 982 et
765 950 963 1000 ιΗθςιιΙῖιιιιιι-ιι
990 949 1195 993 praepositi,

264 941 346 980 scatis-

258 967 377 1011 ientrLyi'i
374 992 443 1007 eires

258 1013 330 1034 οιΒιιι
338 1020 404 1034 censs.

454 1003 487 1035 in
513 1013 607 1035 causa
631 1008 821 1046 praetensae
841 997 1048 1035 alteinativae
1067 1003 1198 1046 provin-

454 1056 521 1088 ciae
547 1055 576 1088 S.
606 1055 729 1089 Nicolai
756 1055 885 1088 Ordinis
911 1055 1069 1089 Minorum
1096 1057 1195 1088 sancti

454 1108 613 1141 Francisci
636 1109 674 1141 de
699 1108 910 1141 observantia
931 1108 1195 1142 Reformatorum

453 1167 717 1205 nuncupatorum
734 1161 820 1195 inter
837 1162 951 1195 fratres
970 1162 1140 1205 Lycienses
1159 1173 1194 1195 ex
1217 1190 1218 1193 ,

453 1217 516 1248 una
543 1220 574 1248 et
599 1215 756 1248 Barenses
778 1226 814 1248 ex
833 1216 934 1248 altera
958 1215 1105 1258 partibus
1129 1226 1196 1248 ver—

455 1274 552 1309 tente,
574 1268 740 1301 decretum
767 1268 887 1301 tenoris
908 1269 1087 1312 sequentis,
1109 1269 1196 1301 vide-

452 1321 550 1355 licet:

452 1426 514 1456 ciae
527 1426 555 1456 S.
566 1426 676 1456 Nicolai
688 1425 804 1456 Ordinis
814 1425 958 1455 Minorum
968 1424 1193 1455 Observantium

454 1479 586 1505 vertente
610 1475 687 1504 inter
710 1477 807 1514 patres
823 1473 978 1513 Lycienses
994 1478 1021 1503 et
1040 1473 1192 1511 Barenses,

453 1533 534 1554 sacra
557 1523 748 1562 Congregatio
770 1523 1069 1553 eminentissimorum
1094 1528 1121 1553 et
1149 1532 1194 1553 re·
1214 1538 1215 1547 ι

453 1573 732 1603 verendissimorum
759 1573 788 1603 S.
813 1573 847 1603 R.
872 1573 903 1603 E.
929 1572 1121 1602 cardinalium
1145 1582 1194 1602 ne-

452 1622 539 1660 gotiis
571 1626 599 1651 et
632 1621 899 1651 consultationibus
932 1621 1137 1660 episcoporum
1166 1623 1216 1651 et'

452 1670 632 1709 regularium
656 1671 840 1710 praeposita,
858 1671 918 1700 viso
942 1670 1105 1700 memoriali
1129 1679 1194 1709 por-

452 1725 532 1750 recto
548 1730 562 1750 a
582 1719 613 1749 P.
638 1719 670 1749 V.
695 1719 895 1749 commissario
918 1719 1047 1757 generali
1063 1718 1191 1757 Ordinis,

451 1769 597 1799 referente
620 1769 853 1798 eminentissimo
875 1768 1006 1804 Corsino,
1031 1768 1191 1807 rescripsit:

452 1817 508 1847 Pro
541 1818 714 1847 executione
747 1817 806 1847 voti
839 1817 986 1856 peneum,
1003 1821 1031 1846 et
1053 1816 1191 1855 amplius,

452 1867 562 1897 tenoris
576 1867 738 1906 sequentis,
755 1866 904 1896 videlicet:
923 1877 935 1895 (ι
950 1867 1047 1896 Attese
1059 1866 1085 1895 le
1101 1866 1193 1895 conti-

451 1925 508 1945 nue
524 1915 668 1945 discordie
685 1924 699 1944 e
716 1915 915 1944 controversie
938 1915 991 1944 che
1008 1914 1105 1944 hanno
1119 1923 1193 1944 sem-

451 1973 502 2003 pre
527 1968 627 1994 tenuta
660 1963 765 2002 agitata
789 1963 814 1993 la
838 1963 988 2003 provincia
1016 1963 1192 1993 Osservante

451 2013 479 2043 di
501 2013 530 2043 S.
545 2013 655 2048 Nicon»,
674 2012 785 2042 benclie
801 2013 827 2042 la
851 2021 934 2050 sagra
958 2012 1191 2050 Congregazione

451 2072 465 2091 a
489 2062 517 2092 [li
540 2070 587 2091 xvi
616 2061 762 2091 dicembre
797 2070 914 2091 nnecxn
947 2061 996 2091 alli
1023 2061 1078 2091 due
1101 2061 1191 2091 duhbi

452 2110 593 2150 proposti,
619 2120 676 2140 uno
703 2120 788 2149 sopra
812 2110 836 2140 la
860 2110 1004 2140 divisione
1027 2110 1101 2140 della
1126 2120 1192 2149 pro-

452 2160 547 2189 vincia
564 2168 579 2189 e
602 2159 699 2189 l'altro
723 2169 806 2199 sopra
831 2159 1029 2189 l'alternativa
1046 2163 1088 2189 tra
1106 2159 1126 2189 li
1143 2169 1193 2198 pa-

451 2208 496 2238 dri
519 2208 617 2238 Baresi
640 2217 654 2237 e
677 2208 795 2238 Leccesi
818 2208 894 2238 circa
917 2208 936 2238 il
960 2208 1189 2247 provincialato,

451 2256 532 2294 gradi
556 2256 600 2286 del
623 2256 801 2293 definitorio‚
818 2256 1003 2295 guardianati
1016 2266 1030 2286 e
1046 2257 1191 2286 recezioni

451 2305 497 2335 de'
512 2304 617 2342 novizi,
636 2304 819 2344 rispondesse
835 2306 959 2343 neyatt'ue
975 2306 1008 2334 ad
1028 2310 1190 2344 utrumque:

454 2354 489 2383 ad
514 2353 581 2392 ogni
605 2353 688 2383 modo
711 2353 826 2387 ordino,
846 2354 899 2383 che
921 2354 951 2383 in
974 2354 1050 2384 detta
1075 2355 1192 2393 provin-

451 2402 496 2431 cia
512 2401 535 2431 si
554 2401 675 2431 dovesse
699 2400 949 2432 inviolabilmente
966 2410 1116 2432 osservare
1134 2411 1191 2432 una

488 2487 499 2513 1
523 2486 563 2513 De
583 2486 744 2512 alternativa
761 2486 785 2512 in
806 2486 856 2513 hac
875 2486 1015 2521 provincia
1035 2486 1095 2514 vide
1111 2487 1190 2515 lnno-

452 2531 532 2558 centii
553 2529 594 2557 ΧΠ
619 2530 728 2557 constit.
754 2530 819 2557 edit.
841 2537 967 2565 nncxffli,
988 2530 1032 2558 die
1053 2531 1084 2557 17
1106 2532 1168 2559 maii
1183 2554 1190 2566 ‚

451 2575 546 2611 pontis.
563 2582 581 2609 13
599 2579 625 2603 et
638 2575 853 2603 Innocentiinll
871 2577 979 2603 constit.
996 2576 1051 2604 edit
1065 2583 1190 2614 nucem,

451 2620 495 2648 die
517 2622 549 2647 iti
568 2619 654 2654 iunii,
676 2620 771 2655 pontif.
793 2628 813 2654 1,
840 2620 1014 2648 confirmatur
1033 2621 1191 2650 alternativa

452 2665 477 2692 in
499 2665 637 2702 provincia
657 2664 682 2693 S.
704 2664 814 2693 Antonii
835 2665 863 2692 in
883 2664 1029 2694 Lusitania.

1241 997 1319 1031 getto
1341 993 1389 1032 piu
1418 993 1511 1031 degno
1534 1003 1549 1023 e
1577 994 1605 1023 di
1638 994 1770 1032 maggior
1800 993 1910 1023 abilita.
1939 994 1978 1023 Ed

1240 1041 1347 1071 inoltre
1365 1065 1372 1078 ,
1402 1046 1494 1072 atteso
1517 1042 1570 1072 che
1603 1041 1672 1072 nelli
1704 1041 1775 1072 detti
1803 1041 1926 1072 ristretti
1949 1042 1978 1072 di

1240 1089 1330 1120 Lecce
1347 1099 1361 1119 e
1378 1089 1465 1120 Terra
1489 1090 1643 1121 d‘Otranto
1665 1090 1693 1120 vi
1715 1099 1786 1120 sono
1801 1089 1895 1119 dodici
1911 1099 1980 1120 con-

1240 1138 1329 1174 venti,
1353 1138 1502 1169 dovranno
1521 1139 1549 1168 in
1573 1138 1710 1168 avvenire
1733 1139 1762 1168 in
1785 1138 1904 1168 ciascun
1931 1147 1978 1168 ca-

1240 1186 1329 1226 pitolo
1353 1187 1531 1226 provinciale
1554 1197 1568 1217 e
1591 1187 1819 1225 congregazione
1842 1187 1980 1218 interme-

1239 1236 1285 1266 dia
1312 1236 1331 1266 li
1355 1236 1428 1276 patri
1451 1236 1497 1266 del
1527 1236 1693 1266 delinitorio
1724 1236 1858 1274 eleggere
1883 1236 1978 1267 [lodici

1216 1294 1218 1306 ι
1239 1286 1362 1324 soggetti
1386 1285 1476 1314 nativi
1509 1285 1554 1315 del
1583 1285 1662 1314 detto
1685 1285 1814 1314 ristretto
1836 1285 1865 1314 di
1888 1285 1978 1315 Lecce

1216 1327 1217 1335 ¹
1238 1344 1253 1364 e
1275 1334 1363 1364 Terra
1386 1333 1540 1364 d’Otranto
1565 1333 1634 1363 abili
1660 1343 1674 1363 e
1697 1333 1854 1364 sufficienti
1877 1334 1903 1364 al
1928 1343 1979 1373 go-

493 1376 525 1406 ln
548 1375 637 1406 causa
659 1380 831 1415 praetensae
863 1375 1053 1406 alternativae
1076 1376 1195 1415 provin·
1216 1392 1217 1396 ι

1238 1392 1328 1413 verno
1350 1392 1401 1422 per
1423 1383 1598 1421 guardiani;
1620 1382 1773 1412 acciocche
1804 1383 1833 1412 in
1857 1383 1896 1413 tal
1918 1392 1979 1413 ina-

1237 1432 1320 1462 niera
1353 1432 1466 1470 godano
1497 1432 1523 1461 le
1546 1431 1662 1461 cariche
1695 1431 1928 1471 corrispondenti
1950 1432 1977 1461 al

1237 1489 1360 1511 numero
1382 1480 1428 1510 de'
1443 1480 1570 1518 religiosi
1595 1490 1609 1508 c
1631 1479 1765 1509 conventi
1788 1479 1833 1509 del
1854 1479 1916 1509 loro
1937 1480 1978 1509 ri-

1237 1534 1341 1560 stretto
1370 1539 1398 1559 ι).
1432 1529 1560 1568 Cumque
1586 1529 1818 1568 suprascriptum
1851 1533 1950 1559 votum
1968 1552 1975 1565 ‚

1237 1580 1297 1610 sive
1321 1580 1424 1609 modus
1445 1579 1559 1609 debitae
1582 1578 1748 1608 executioni
1769 1578 1975 1609 demandetur:

1237 1628 1301 1658 ideo
1318 1627 1521 1667 praesentibus
1538 1626 1701 1665 iniungitur
1711 1626 1743 1656 P.
1758 1626 1791 1656 V.
1808 1627 1977 1657 commissa-

1237 1678 1280 1707 rio
1298 1677 1439 1716 generali,
1454 1681 1598 1716 quatenus
1611 1675 1711 1715 poenis
1723 1680 1750 1706 et
1763 1676 1899 1706 remediis
1921 1676 1977 1707 sibi

1237 1736 1250 1756 a
1275 1726 1365 1756 sacris
1388 1725 1549 1756 canonibus
1581 1725 1838 1755 subministrandis
1861 1725 1976 1755 vocales

1238 1776 1385 1814 praefatae
1408 1775 1575 1814 provinciae
1597 1774 1632 1803 ad
1648 1773 1726 1803 illius
1742 1773 1975 1803 observationem

1236 1828 1416 1863 cogatatque
1428 1823 1633 1862 compellat.—
1648 1823 1767 1859 Romae,
1784 1830 1851 1851 xxtx
1861 1821 1976 1852 februa-

1237 1874 1273 1903 rii
1297 1881 1424 1903 nuccxx.
1444 1890 1476 1893 ——
1495 1873 1516 1902 1.
1541 1872 1572 1902 D.
1590 1871 1747 1902 cardinalis
1759 1872 1974 1901 Paniccmos.

1238 1940 1272 1943 —-
1290 1922 1322 1952 V.
1354 1921 1592 1961 archiepiscopus
1614 1921 1826 1959 Damascenus,
1850 1924 1975 1951 secreta-

1235 1971 1307 2001 rius.

1280 2021 1294 2063 g
1312 2020 1342 2053 02.
1363 2020 1439 2053 Cum
1458 2024 1577 2061 autem,
1599 2019 1679 2051 sicut
1697 2019 1800 2052 dictus
1818 2018 1976 2052 vicecom-

1236 2073 1403 2106 missarius
1429 2072 1591 2115 generalis
1625 2071 1701 2104 dicti
1726 2071 1854 2105 Ordinis
1880 2071 1974 2105 nohis

1236 2126 1376 2160 subinde
1396 2125 1513 2169 exponi
1533 2125 1618 2165 fecit,
1641 2125 1709 2168 ipse
1731 2125 1898 2158 decretum
1918 2125 1976 2158 liu-

1235 2180 1375 2213 iusmodi
1392 2206 1400 2220 ,
1427 2190 1491 2222 quo
1517 2178 1640 2211 firmius
1665 2177 1818 2210 subsistat
1849 2183 1880 2211 et
1909 2188 1977 2211 ser-

1236 2239 1287 2266 tur
1311 2233 1466 2272 exactius,
1494 2231 1695 2275 apostolicae
1718 2231 1974 2269 confirmationis

1236 2291 1367 2319 nostrae
1393 2285 1575 2329 patrocinio
1605 2284 1799 2317 communiri
1825 2295 1972 2319 summo—

1235 2349 1314 2382 pere
1340 2339 1504 2371 desideret
1520 2349 1526 2370 :
1546 2348 1612 2377 nos,
1631 2337 1733 2381 ipsius
1750 2338 1975 2372 vicecommis·

1235 2391 1312 2424 sarii
1338 2391 1498 2433 generalis
1519 2390 1599 2424 votis
1618 2391 1679 2423 liac
1704 2391 1736 2423 in
1754 2402 1799 2431 re,
1819 2397 1974 2435 quantum

1235 2455 1307 2477 cum
1328 2444 1464 2477 Domino
1482 2454 1663 2487 possumus,
1683 2444 1905 2479 favorabiliter
1921 2456 1975 2478 an-

1234 2508 1338 2531 nuere
1362 2498 1520 2537 volentes,
1535 2507 1672 2541 euinque
1698 2508 1714 2530 a
1739 2498 1904 2541 quibusvis
1921 2508 1974 2532 ex-

1235 2550 1538 2585 communicationis
1557 2577 1564 2590 ,
1603 2551 1828 2595 suspensionis
1863 2556 1894 2584 et
1927 2552 1975 2585 in-

1234 2604 1374 2646 terdicti,
1391 2604 1525 2648 aliisque
1544 2605 1773 2638 ecclesiasticis
1792 2604 1971 2645 sententiis,

1234 2658 1380 2693 censuris
1397 2663 1427 2692 et
1444 2657 1570 2703 poeniS,
1585 2668 1602 2691 a
1615 2658 1686 2692 iure
1703 2658 1753 2693 vel
1769 2657 1808 2692 ab
1826 2657 1970 2698 homine,

2035 2027 2169 2049 Confirmatio

1949 2071 1956 2077 .
1986 2053 2047 2075 relati
2062 2055 2151 2076 decreti.
