2269 3203
247 212 298 237 An,
318 211 346 237 C,
365 211 428 236 1711

274 1112 379 1134 Consul-ae
388 1128 393 1136 ,
413 1113 433 1133 in

248 1145 301 1166 quas
315 1140 433 1159 ine-derunt

250 1166 363 1186 violatore<
402 1166 431 1185 iu-

248 1193 299 1212 iium
314 1192 432 1213 Ecclesiae.

246 1219 340 1239 nomano
362 1218 431 1238 Ponti-

246 1247 279 1265 hci
291 1246 432 1265 reservantur,

440 265 564 292 ctorum
590 259 805 301 decretorum,
827 258 1082 297 ordinationum,
1103 267 1180 290 con-

441 313 648 346 stitutionum
680 317 713 346 et
739 318 828 346 taxae
854 312 975 354 vigore,
1003 311 1178 355 quidquam

440 367 536 399 etiarn
572 366 759 407 minimum,
793 366 904 409 quovis
930 365 1046 404 modo,
1083 364 1179 397 etiam

441 419 575 451 subsidii
595 420 649 455 ,vel
675 418 899 451 subventionis
923 418 1028 457 titulo,
1049 422 1103 449 aut
1129 427 1179 449 ve-

441 471 603 503 xationum
622 477 654 503 et
680 470 902 503 molestiarum
927 470 989 502 sibi
1016 469 1178 502 illatarum

440 525 488 556 vel
516 524 757 556 inferendarum
784 522 1019 565 redemptionis
1049 527 1178 564 praete-

440 582 505 616 xtu,
523 578 648 610 solvere
667 582 721 609 aut
737 576 816 609 solvi
837 576 953 614 facere,
971 576 1021 608 vel
1041 574 1078 607 ad
1097 575 1179 607 solu-

441 630 561 662 tionem
586 630 720 662 alieuius
744 639 780 661 ex
807 627 982 671 praedictis
1010 627 1177 667 oneribus,

440 682 706 725 impositionibus
719 687 750 714 et
768 681 916 724 gabellis,
935 680 995 712 nisi
1017 681 1072 713 illa
1090 680 1179 723 prius

441 736 552 767 nostra
570 740 602 767 et
619 734 722 767 dictae
744 733 833 767 Sedis
855 732 1045 766 auctoritate
1066 743 1181 775 appro-

441 787 514 820 bata
538 793 570 820 et
593 787 782 820 confirmata
809 786 945 824 fuerint,
970 795 1177 824 concurrere,

440 841 610 884 multoque
636 840 741 872 minus
777 839 881 872 dictae
914 838 1077 881 generalis
1104 848 1181 870 con-

443 893 676 926 foederationis
711 892 928 925 Sandominae
961 896 1015 923 aut
1040 890 1181 923 cuiusvis

443 945 574 978 alterius
611 945 734 978 laicalis
771 944 944 976 tribunalis
980 943 1055 975 dicti
1088 942 1180 984 regni

444 998 513 1031 foro
531 1009 600 1031 sese
619 997 777 1030 subiicere
796 996 936 1029 audeant
954 995 1067 1039 quovis
1084 995 1180 1028 modo

444 1061 500 1084 seu
527 1056 747 1094 praesumant.

488 1104 502 1146 ἓ
526 1103 558 1135 4.
585 1103 735 1136 Ceterum
761 1103 847 1145 (cum
873 1101 992 1135 notorii
1018 1107 1050 1134 et
1070 1102 1182 1144 explo-

444 1156 504 1188 rati
531 1155 609 1188 iuris
633 1155 682 1194 sit,
702 1165 757 1188 eos
782 1165 904 1195 omnes,
923 1154 977 1197 qui
999 1153 1182 1197 supradicta

444 1209 595 1248 decreta,
626 1208 851 1241 ordinationes
883 1212 914 1240 et
938 1207 1182 1240 constitutiones

443 1261 618 1295 ediderunt
643 1266 674 1294 et
699 1262 994 1304 promulgaverunt,
1011 1270 1046 1292 ac
1064 1259 1182 1292 dictam

443 1320 546 1347 taxam
573 1314 799 1354 formaverunt,
821 1313 1051 1356 praedictaque
1072 1323 1180 1351 onera,

443 1367 670 1410 impositiones
695 1372 726 1399 et
752 1366 895 1409 gabellas
927 1366 1009 1409 exigi
1035 1366 1182 1398 fecerunt

442 1421 491 1453 vel
517 1425 795 1463 procuraverunt,
821 1430 857 1452 ac
889 1419 988 1452 dietas
1021 1428 1181 1462 personas

443 1473 679 1505 ecclesiasticas
698 1472 736 1505 ad
756 1473 859 1504 fortun
884 1472 999 1504 laicale
1016 1476 1183 1504 traxerunt

445 1526 494 1558 vel
531 1525 662 1558 trahere
698 1530 920 1562 tentaverunt,
952 1524 1099 1567 haecque
1133 1525 1181 1556 vel

445 1589 558 1612 eorum
584 1579 693 1622 aliqua
719 1578 901 1612 executioni
926 1577 1180 1617 mandaverunt,

444 1633 491 1664 vel
518 1636 552 1664 ut
575 1631 809 1665 mandarentur
833 1630 1082 1669 ordinaverunt,
1108 1639 1183 1661 nec-

445 1695 510 1717 non
531 1684 661 1718 illorum
686 1685 840 1725 fautores,
857 1683 1085 1720 adhaerentes,
1108 1693 1182 1715 con-

444 1739 583 1770 sultores
610 1743 640 1770 et
665 1737 867 1778 defensoreS,
887 1741 982 1780 atque
1004 1736 1059 1769 illa
1082 1737 1130 1768 vel
1151 1735 1181 1767 in

445 1801 556 1823 eorum
582 1791 748 1834 sequelam
781 1795 813 1823 et
845 1789 1067 1822 executionem
1094 1793 1181 1831 gesta

444 1844 676 1888 approbantes,
698 1852 903 1886 quocumque
931 1842 1060 1874 tandem
1082 1842 1181 1884 gradu

444 1908 503 1930 scu
529 1897 685 1940 dignitate
722 1901 1019 1939 quantumcumque
1051 1895 1181 1928 sublimi

444 1950 677 1993 praefulgeant,
699 1959 854 1982 censuras
880 1958 992 1981 omnes
1010 1953 1042 1980 et
1059 1958 1181 1991 poenas

445 2003 691 2042 ecclesiasticas,
710 2013 727 2035 a
748 2002 845 2034 sacris
867 2001 1063 2040 canonibus,
1083 2011 1181 2043 gene-

444 2055 562 2088 ralium
586 2054 797 2088 conciliorum
824 2054 973 2094 decretis,
1001 2058 1032 2086 et
1056 2057 1182 2096 aposto-

445 2107 517 2141 licis
535 2107 835 2146 constitutionibus,
855 2117 891 2139 ac
914 2106 1105 2150 praesertim
1131 2106 1182 2139 lit-

445 2160 524 2193 teris
548 2160 599 2192 die
624 2159 749 2193 Coenae
774 2159 902 2192 Domini
928 2159 1063 2201 singulis
1089 2159 1182 2192 aunis

444 2213 510 2255 legi
541 2218 572 2245 et
596 2211 793 2255 promulgari
824 2212 928 2244 solitis
954 2212 1103 2252 inflictas,
1129 2211 1183 2244 da-

445 2265 630 2299 mnabiliter
661 2276 699 2298 eo
733 2265 805 2308 ipso
838 2265 1038 2308 incurrisse)
1069 2270 1180 2298 notum

445 2318 596 2351 similiter
627 2318 777 2350 omnibus
806 2327 877 2350 esse
907 2319 1056 2350 volumus
1088 2316 1180 2350 illos¹

445 2383 463 2404 a
488 2371 633 2404 censuris
659 2376 690 2403 et
715 2370 829 2412 poenis
854 2370 1056 2409 huiusmodi,
1085 2369 1181 2402 etiam

445 2428 618 2467 postquam
642 2422 727 2455 dicta
749 2422 888 2461 decreta,
911 2421 1133 2455 ordinationes
1152 2426 1183 2453 et

445 2475 695 2510 constitutiones
728 2474 855 2517 aliaque
880 2473 1060 2517 praemissa
1091 2484 1183 2506 revo-

445 2528 599 2568 caverint,
616 2537 653 2560 ac
672 2526 752 2559 alias
771 2526 913 2559 debitam
939 2531 970 2559 et
990 2526 1183 2569 condignam

482 2594 492 2618 1
515 2590 585 2618 Edit.
602 2590 682 2617 atain.
699 2589 763 2625 tegit
778 2590 840 2617 illis
858 2590 898 2624 (n.
914 2590 964 2622 Ἤ).

1021 204 1203 234 nuLLAtuUM
1226 206 1378 233 Romanu

1222 255 1387 290 Ecclesiae
1424 257 1676 290 satisfactionem
1714 256 1957 300 praestiterint,

1223 310 1351 343 nonnisi
1378 321 1395 343 a
1419 310 1513 343 nobis
1546 311 1595 343 vel
1631 310 1778 343 Romano
1803 308 1959 342 Pontifiee

1223 373 1282 405 pro
1309 369 1451 406 tempore
1476 363 1648 402 existente,
1674 367 1901 405 praeterquam
1927 362 1961 394 in

1222 416 1336 448 mortis
1372 416 1506 448 articulo
1549 415 1769 455 constitutos,
1800 415 1864 448 imo
1900 425 1961 447 nec

1222 468 1318 500 etiam
1336 473 1421 508 tunc,
1435 468 1494 500 nisi
1510 468 1549 500 de
1563 468 1678 500 stando
1696 467 1857 501 Ecclesiae
1875 477 1961 500 man·

1223 520 1304 554 datis
1329 527 1360 553 et
1384 521 1611 554 satisfaciendo
1628 521 1779 553 cautione
1797 520 1960 564 praestita,

1222 579 1319 616 atque
1337 585 1408 606 cum
1426 573 1642 606 reincidentia
1661 583 1700 606 eo
1718 573 1788 616 ipso
1807 583 1872 616 quo
1889 582 1962 606 con-

1222 626 1396 666 valuerint,
1423 626 1544 659 absolvi
1571 632 1602 658 et
1626 626 1757 658 liberari
1783 635 1893 668 posse.

1267 679 1280 721 ξ,
1302 678 1333 711 5.
1357 679 1578 712 Decernentcs
1599 678 1705 717 etiam,
1725 677 1856 710 easdem
1869 688 1963 721 prae-

1222 737 1330 764 sentes
1358 732 1482 765 litteras
1504 735 1534 763 et
1559 731 1591 763 in
1617 731 1663 763 eis
1688 735 1840 763 contenta
1864 740 1962 773 quae-

1223 796 1374 829 cumque,
1395 785 1491 818 etiam
1517 795 1553 817 ex
1576 795 1615 817 eo
1637 784 1723 827 quod
1749 783 1907 827 praedicti
1931 788 1963 817 et

1224 839 1276 871 alii
1303 839 1500 881 quicumque
1526 837 1557 870 in
1584 836 1775 880 praemissis
1801 837 1961 869 interesse

1224 891 1381 923 habentes
1395 901 1449 923 seu
1465 890 1586 922 habere
1608 889 1856 932 quomodolibet
1868 899 1964 933 prae-

1223 943 1406 981 tendentes,
1426 941 1567 974 cuiusvis
1593 947 1704 980 status,
1729 942 1860 984 gradus,
1881 942 1964 975 ordi-

1224 996 1284 1035 nis,
1298 995 1573 1039 praeeminentiae
1591 1000 1622 1027 et
1636 994 1801 1038 dignitatis
1815 995 1962 1035 existant,

1224 1054 1256 1081 et
1272 1049 1352 1082 alias
1383 1047 1532 1091 specifica
1550 1052 1582 1080 et
1599 1047 1766 1081 individua
1794 1047 1963 1081 mentione

1225 1106 1258 1134 et
1281 1101 1492 1144 expressione
1518 1100 1616 1142 digni,
1643 1100 1708 1133 illis
1735 1110 1802 1133 non
1827 1110 1964 1133 consen-

1225 1153 1338 1193 serint,
1359 1164 1419 1186 nec
1436 1153 1474 1186 ad
1494 1164 1532 1186 ea
1549 1153 1663 1192 vocati,
1682 1153 1771 1186 citati
1796 1158 1827 1186 et
1851 1152 1963 1192 auditi,

1225 1217 1331 1251 neque
1357 1217 1483 1247 causae,
1509 1211 1643 1250 propter
1668 1216 1745 1249 quas
1773 1211 1963 1250 praesentes

1225 1259 1416 1299 emanarint,
1438 1258 1640 1292 sufficienter
1665 1259 1832 1299 adductae,
1858 1258 1964 1292 verisi-

1225 1319 1313 1345 catae
1336 1318 1368 1344 et
1392 1311 1585 1344 iustificatae
1612 1311 1740 1349 fuerint,
1759 1318 1813 1344 ant
1838 1322 1874 1344 ex
1901 1311 1964 1344 alia

1225 1375 1427 1408 quacumque
1456 1364 1662 1407 quantumvis
1688 1363 1821 1396 iuridica
1848 1369 1879 1396 et
1902 1363 1964 1406 pri-

1224 1418 1377 1459 vilegiata
1413 1419 1531 1456 causa,
1568 1417 1702 1456 colore,
1729 1421 1900 1459 praetextu
1933 1420 1964 1448 et

1225 1470 1340 1514 capite,
1366 1470 1462 1503 etiam
1495 1470 1527 1502 in
1561 1480 1701 1512 corpore
1733 1469 1812 1501 iuris
1843 1470 1962 1509 clauso,

1224 1524 1320 1557 etiam
1346 1524 1500 1563 enormis,
1527 1522 1777 1556 enormissimae
1799 1527 1830 1554 et
1855 1522 1963 1555 totalis

1224 1578 1400 1618 laesionis,
1438 1578 1526 1610 nullo
1563 1586 1705 1620 unquam
1739 1580 1887 1618 tempore
1924 1576 1963 1608 de

1224 1630 1446 1673 subreptionis
1471 1630 1519 1663 vel
1551 1629 1755 1672 obreptionis
1788 1634 1843 1661 aut
1869 1628 1965 1661 nulli-

1225 1683 1299 1716 tatis
1327 1683 1413 1723 vitio,
1434 1693 1491 1715 seu
1516 1682 1708 1715 intentionis
1740 1686 1883 1722 nostrae,
1910 1688 1965 1714 aut

1225 1738 1384 1769 interesse
1417 1735 1607 1768 habentium
1643 1736 1833 1775 consensOS,
1860 1734 1963 1767 aliove

1225 1790 1375 1834 quolibet
1417 1789 1513 1821 etiam
1550 1787 1755 1831 quantumvis
1786 1797 1904 1830 magno
1933 1793 1964 1820 et

1225 1842 1430 1876 substantiali
1467 1852 1502 1874 ac
1533 1842 1710 1884 incogitato
1736 1846 1767 1874 et
1799 1841 1965 1883 inexcogi-

1227 1896 1315 1929 tabili
1344 1895 1609 1938 individuamque
1634 1894 1834 1927 mentionem
1854 1894 1964 1937 requi-

1225 1954 1317 1982 rente
1340 1948 1471 1981 defectu
1497 1947 1692 1990 impugnari,
1717 1946 1860 1990 infringi,
1881 1946 1964 1979 inva-

1225 2001 1331 2039 lidari,
1356 2000 1538 2040 retractari,
1566 2000 1605 2032 ad
1626 1999 1783 2032 terminos
1802 1999 1884 2032 iuris
1911 2009 1964 2032 re-

1225 2054 1319 2094 duci,
1344 2064 1400 2087 seu
1425 2053 1458 2086 in
1483 2052 1740 2085 controversiam
1767 2051 1885 2092 vocari,
1910 2057 1965 2084 aut

1224 2107 1376 2140 adversus
1401 2106 1475 2139 illas
1506 2104 1697 2148 aperitionis
1723 2104 1788 2137 oris
1804 2131 1811 2144 ,
1836 2104 1966 2137 restitu-

1226 2159 1321 2192 tionis
1348 2159 1379 2191 in
1412 2158 1594 2200 integrum,
1627 2157 1754 2190 aliudve
1784 2157 1963 2199 quodcum-

1224 2222 1287 2254 que
1313 2211 1414 2250 iuris,
1451 2209 1523 2242 facti
1556 2210 1605 2242 vel
1639 2209 1759 2252 gratiae
1784 2208 1964 2242 remedium

1224 2264 1377 2297 intentari
1406 2264 1455 2296 vel
1482 2263 1664 2306 impetrari,
1689 2272 1746 2295 seu
1764 2262 1937 2304 impetrato
1953 2288 1961 2303 ,

1224 2322 1277 2349 aut
1302 2307 1399 2349 etiam
1437 2320 1548 2353 motu,
1577 2314 1711 2347 seientia
1739 2319 1770 2346 et
1794 2315 1962 2357 potestatis

1224 2368 1429 2411 plenitudine
1460 2368 1592 2410 paribus
1622 2377 1778 2400 concesso
1805 2367 1855 2400 vel
1880 2377 1965 2400 ema-

1225 2427 1326 2461 nato‚
1354 2421 1538 2464 quempiam
1576 2421 1608 2452 in
1640 2420 1763 2453 iudicio
1797 2421 1848 2454 vel
1873 2426 1964 2453 extra

1224 2473 1305 2506 illud
1330 2473 1375 2505 uti
1401 2483 1456 2505 seu
1488 2483 1521 2505 se
1541 2472 1649 2505 iuvare
1669 2482 1782 2516 posse;
1803 2473 1860 2506 sed
1878 2473 1962 2516 ipsas

1224 2531 1415 2570 praesentes
1439 2527 1566 2558 litteras
1590 2536 1720 2569 semper
1743 2525 1862 2567 firmas,
1892 2525 1963 2559 vali-

1225 2580 1281 2613 das
1304 2586 1335 2613 et
1360 2579 1505 2613 efficaces
1536 2579 1674 2612 existere
1701 2585 1733 2613 et
1759 2579 1826 2612 fore
1844 2606 1851 2620 ,
1876 2589 1962 2612 suos-

1965 206 2016 235 An.
2033 206 2061 233 C.
2080 206 2147 235 1711

1998 688 2118 710 Cinnanae.
