2269 3203
129 170 178 199 An.
195 169 223 199 C.
245 171 313 200 171ss

155 233 274 255 clausulae.

154 1238 276 1261 Exordium.

933 172 1075 197 CLEMENS
1100 171 1132 196 XI
1159 172 1205 196 w.

367 221 382 264 g
407 220 438 253 Ξ.
464 221 617 254 volumus
641 226 767 261 autem,
794 219 889 254 etc.¹.

366 274 479 308 Datum
504 275 641 314 Romae,
663 274 748 317 apud
766 273 797 306 S.
818 273 947 307 Mariam
965 274 1061 307 Maio-

323 338 403 368 rem,
420 328 480 361 sub
497 329 619 361 annulo
635 327 820 366 piscatoris,
836 327 888 360 die
904 338 973 360 xxix
992 327 1060 360 iulii

321 391 472 420 Moccxvi,
495 380 702 425 pontificatus
721 380 823 413 nostri
845 391 930 413 anno
950 391 1014 414 xri.

357 442 415 469 Dat.
433 443 477 470 die
493 443 526 470 29
542 443 600 470 iulii
620 443 697 474 17¹6,
719 441 822 477 pontif.
845 449 918 469 anuo
934 449 989 468 xvi.

618 605 758 640 CCXXX.

324 694 489 728 Uniuntur
520 698 581 727 tres
610 695 815 739 parochiales
851 696 1000 729 ecclesiae
1024 696 1061 729 cle

366 749 633 792 iurepatmnalus
657 749 743 791 repis
767 749 995 792 Porluyalliae
1015 759 1062 781 re-

364 801 436 845 qiae
448 801 590 845 capellae
609 801 641 834 in
657 802 787 834 civitate
803 801 1058 846 Ulyssiponeusi,

365 864 436 887 cum
462 854 633 888 nonnullis
658 854 953 888 ordinationibus?

526 935 661 962 clemens
681 935 858 970 Episcopus.

494 986 601 1006 servus
630 986 787 1007 servorum
813 980 888 1012 Dei,

320 1024 445 1051 Dilectis
465 1024 537 1051 filiis
559 1024 774 1051 venerabilium
795 1024 921 1052 fratrum
942 1028 1059 1053 nostro-

355 1076 420 1096 rum
440 1069 661 1103 archiepiscopi
675 1070 866 1097 Bracarensis
882 1073 912 1096 et
927 1070 1061 1104 episcopi

357 1113 548 1141 Lamacensis
568 1113 759 1147 officialibus,
788 1115 918 1141 salutem
939 1117 969 1142 et
990 1122 1060 1148 apo-

357 1159 494 1186 stolicam
512 1158 765 1186 benedictionem.

366 1229 400 1262 In
426 1239 582 1273 supremo
607 1230 806 1273 apostolicae
827 1229 992 1273 dignitatis
1011 1240 1060 1263 so-

322 1282 380 1322 lio,
403 1282 512 1315 divina
530 1282 656 1316 favente
675 1282 859 1321 clementia,
876 1283 999 1316 meritis
1025 1283 1060 1316 li-

322 1341 374 1369 cet
391 1335 578 1379 imparibus,
594 1335 770 1376 constituti,
786 1336 825 1369 ad
841 1346 886 1376 ea,
906 1347 964 1379 per
978 1347 1059 1380 quae

322 1389 535 1432 quarumdam
561 1389 806 1431 collegiatarum
833 1390 1058 1431 ecclesiarum,

303 1452 404 1486 -quae
441 1443 526 1476 inter
562 1443 752 1486 praecipuas
793 1443 932 1476 universi
971 1443 1059 1477 orbis

323 1496 487 1537 ecclesias,
514 1501 627 1540 utpote
653 1497 744 1539 regio
771 1497 903 1530 nomine
925 1497 1061 1540 insigni-

323 1556 380 1590 tas,
398 1560 434 1583 ac
458 1550 554 1583 alicui
580 1560 615 1582 ex
643 1549 722 1583 divis
749 1551 903 1593 apostolis
923 1551 1057 1591 dicatas,

323 1603 502 1647 conspicuo
536 1603 659 1636 honore
693 1603 898 1636 illustrantur
931 1609 962 1636 et
997 1603 1061 1636 sre-

322 1657 433 1700 quenti
459 1656 618 1690 nobilium
641 1656 823 1690 interventu
849 1663 944 1701 atque
969 1668 1060 1700 rega-

321 1710 401 1743 lium
415 1720 632 1753 personarum
647 1711 835 1754 praesentia
853 1711 1060 1750 decorantur,

321 1763 446 1805 gloriae
475 1768 506 1795 et
537 1768 730 1796 ornamento
764 1769 795 1796 et
826 1763 1061 1798 ecclesiastico-

321 1826 393 1849 rum
416 1817 638 1850 ministrorum
671 1817 701 1850 in
736 1817 801 1850 illis
829 1817 927 1850 divini
960 1817 1061 1851 cultus

322 1869 542 1902 insistentium
568 1870 757 1912 indigentiis
782 1871 973 1911 consulitur,
1006 1881 1060 1914 pa-

322 1923 453 1956 storalis
478 1922 575 1956 officii
601 1923 701 1956 nostri
735 1923 990 1957 sollicitudinem
1017 1923 1060 1956 sa-

321 1975 512 2009 vorabiliter
532 1976 780 2019 interponimus,
807 1982 841 2009 ut
866 1977 987 2010 eisdem
1010 1987 1061 2010 ee-

322 2029 454 2071 clesiis,
483 2030 536 2062 ubi
563 2030 671 2064 debita
705 2031 922 2064 venerationis
957 2030 1060 2064 officia

322 2085 360 2116 ea
383 2093 447 2127 qua
471 2094 528 2127 par
553 2090 602 2118 est
626 2087 709 2123 eura,
737 2084 894 2127 religione
920 2090 950 2117 et
974 2094 1061 2118 reve-

358 2172 370 2198 1
389 2170 453 2199 Vide
469 2176 498 2199 ut
512 2180 594 2208 supra
610 2181 671 2208 pag.
687 2172 737 2200 703
754 2172 769 2199 b
784 2174 822 2206 (u.
834 2175 883 2205 τ.).

356 2216 374 2243 2
392 2216 537 2244 Alexandri
563 2217 621 2244 VIII
645 2221 730 2245 const.
759 2218 803 2245 ed.
829 2224 929 2251 uncxc,
957 2217 999 2245 die
1028 2217 1061 2244 10

322 2261 437 2296 aprilis,
457 2261 551 2297 pontis.
574 2270 601 2295 1,
623 2267 713 2289 erecta
740 2262 790 2288 suit
818 2262 931 2289 ecclesia
955 2262 987 2289 de
1009 2261 1059 2289 Pe-

323 2304 378 2332 kim
398 2309 425 2332 et
444 2306 557 2333 Nankim
577 2305 610 2332 de
634 2306 853 2341 iurepatronatus
880 2306 942 2332 dicti
970 2306 1059 2340 regis3

323 2348 471 2377 Innocentii
491 2350 535 2377 Xll
556 2355 639 2377 const.
660 2351 705 2377 ed.
725 2357 851 2383 uncxcvi,
872 2350 915 2377 die
934 2351 965 2378 15
984 2355 1060 2378 octo-

324 2392 389 2425 bris,
410 2395 507 2429 pontif.
527 2402 564 2427 Vt,
589 2400 730 2431 separatae
749 2396 825 2423 fuere
845 2396 976 2432 quaedam
996 2405 1060 2431 pro-

324 2436 427 2464 vinciae
446 2446 462 2465 a
480 2439 558 2466 dictis
577 2440 762 2473 dioecesibus,
784 2444 810 2467 et
824 2440 904 2467 huius
925 2441 1060 2468 Porititicis

324 2485 409 2508 const.
426 2482 469 2509 ed.
487 2489 596 2517 mcxvi,
609 2484 652 2511 die
670 2485 699 2511 17
716 2485 881 2518 novembris,
897 2484 994 2520 pontif.
1008 2491 1059 2519 xw,

325 2525 437 2560 erigitur
455 2526 642 2562 patriarchalis
662 2529 776 2557 ecclesia
797 2528 1012 2564 Ulyssipouensis
1028 2528 1060 2555 de

325 2567 541 2606 iurepauonatus
560 2572 640 2607 regio.

1105 221 1207 253 renti&
1244 225 1471 264 praestantur,
1512 222 1628 254 additis
1665 222 1842 255 maioribus

1103 273 1293 312 redditibus,
1316 273 1524 316 ipsorumque
1547 275 1841 308 ecclesiasticorum

1104 326 1326 359 ministrorum
1351 326 1495 359 adauctis
1521 327 1700 360 commodis
1726 333 1758 360 et
1782 329 1843 360 uti-

1104 379 1250 412 litatibus
1271 390 1327 422 pro
1349 380 1462 412 maiori
1482 380 1612 413 illorum
1628 381 1747 414 decore
1767 392 1843 414 one-

1104 442 1238 474 rumque
1272 432 1334 465 illis
1374 432 1630 466 incumbentium
1669 439 1844 476 supporta-

1105 485 1215 524 tione,
1245 486 1282 518 ad
1321 486 1506 519 uberiorem
1544 487 1667 519 aeterni
1705 487 1844 519 nominis

1103 539 1239 582 gloriam
1267 539 1394 572 divinus
1420 541 1524 572 cultus
1551 551 1586 572 ac
1612 540 1755 573 fidelium
1777 540 1845 583 pie-

1105 597 1150 624 tas
1177 592 1272 625 latius
1300 592 1331 624 in
1354 593 1438 625 diem
1464 593 1710 636 multiplicetur.

1147 646 1161 688 g
1191 645 1217 677 l.
1243 644 1350 678 Alias¹
1376 645 1535 689 siquidem
1562 657 1621 679 nos
1646 647 1769 689 regiam
1795 657 2043 704 ea'iimffigguffl'ssi‘

1867 689 1890 703 St*
1926 689 1930 693 *
2037 694 2044 699 ·

1103 699 1223 742 pellam
1256 699 1328 732 divo
1354 699 1497 733 Tlioniae
1523 700 1660 733 dicatam
1687 701 1767 743 regii
1790 712 1845 744 pa·
1858 712 1958 731 moratur.

1104 751 1171 784 latii
1193 751 1331 784 civitatis
1350 751 1624 796 Ulyssiponensis,
1652 754 1750 787 totius
1770 753 1846 787 Por-

1105 805 1258 847 tugalliae
1285 810 1316 838 et
1342 805 1567 848 Algarbiorum
1588 817 1763 849 regnorum
1785 818 1846 840 me·

1105 858 1252 901 tropolis,
1272 858 1304 891 in
1326 860 1527 892 saecularem
1553 865 1584 892 et
1601 859 1760 902 insignem
1780 861 1845 893 col-

1107 912 1256 954 legiatam
1292 912 1466 946 ecclesiam
1504 913 1564 945 sub
1598 913 1745 946 eiusdem
1781 913 1845 946 divi

1104 964 1246 998 Tliomae
1261 964 1478 1004 invocatione,
1492 970 1524 999 et
1542 965 1573 998 in
1589 968 1625 999 ea
1639 967 1843 1006 decanatum,

1104 1017 1243 1060 primam
1268 1023 1299 1051 et
1324 1018 1550 1062 principalem,
1569 1019 1657 1051 cuius
1673 1018 1846 1062 octoginta·

1104 1078 1176 1105 octo
1214 1082 1284 1104 cum
1327 1072 1453 1104 duobus
1488 1072 1612 1112 tertiis,
1652 1073 1844 1116 computatis

1104 1134 1181 1157 vero
1217 1124 1502 1158 distributionibus
1536 1125 1746 1168 quotidianis,
1787 1125 1846 1158 du-

1104 1181 1268 1211 centorum
1289 1182 1320 1209 et
1336 1177 1570 1220 sexagintasex,
1605 1189 1641 1211 ac
1659 1178 1737 1211 alias
1756 1178 1845 1221 quin-

1104 1241 1167 1273 que
1194 1230 1367 1273 dignitates
1385 1236 1417 1263 et
1435 1231 1616 1264 octodecim
1636 1230 1845 1264 canonicatus

1105 1283 1303 1327 totidemque
1330 1284 1544 1327 praebendas,
1567 1295 1701 1328 quarum
1720 1290 1751 1317 et
1771 1295 1847 1328 quo-

1104 1346 1174 1369 rum
1200 1336 1376 1369 cuiuslibet
1400 1337 1621 1379 sexagintasex
1659 1348 1729 1370 cum
1768 1338 1846 1371 duo·

1103 1388 1164 1421 bus
1190 1388 1308 1429 tertiis,
1336 1389 1529 1432 computatis
1547 1400 1622 1423 vero
1648 1390 1847 1423 distributio-

1104 1443 1200 1475 nibus
1225 1442 1434 1486 quotidianis,
1461 1443 1684 1484 ducentorum,
1715 1454 1845 1477 necnon

1104 1496 1278 1529 duodecim
1311 1501 1470 1539 perpetua
1502 1496 1661 1540 simplicia
1691 1507 1847 1540 persona-

1104 1550 1234 1592 lemque
1267 1549 1480 1582 residentiam
1513 1549 1715 1592 requirentia
1745 1550 1846 1583 bene-

1104 1601 1173 1634 ficia
1199 1601 1430 1642 ecelesiastica,
1450 1612 1586 1645 quorum
1604 1602 1775 1635 cuiuslibet
1794 1602 1845 1635 tri-

1104 1656 1292 1698 gintatrium
1317 1656 1511 1689 ducatorum
1548 1656 1615 1688 auri
1647 1656 1685 1689 de
1710 1655 1844 1689 Camerti

1104 1719 1176 1742 cum
1194 1719 1259 1742 uno
1279 1709 1375 1742 tertio
1401 1708 1535 1741 alterius
1562 1709 1669 1742 ducati
1689 1707 1841 1748 similia²‚

1104 1762 1299 1806 computatis
1322 1772 1398 1795 vero
1416 1761 1537 1795 eisdem
1559 1762 1843 1794 distributionibus

1105 1816 1316 1860 quotidianis,
1335 1820 1466 1849 centum
1488 1816 1677 1848 ducatorum
1704 1815 1773 1848 auri
1801 1815 1844 1848 si-

1104 1870 1228 1904 milium
1256 1870 1436 1913 respective
1471 1870 1613 1910 l'ructus‚
1639 1869 1785 1903 redditus
1813 1874 1845 1902 et

1104 1929 1277 1966 proventus
1314 1924 1454 1956 valorem
1487 1933 1628 1955 annuum
1662 1933 1725 1956 non
1751 1933 1843 1955 exce-

1105 1977 1238 2017 derent,
1265 1987 1324 2020 pro
1352 1976 1486 2009 totidem
1511 1976 1637 2009 clericis
1662 1985 1717 2009 seu
1744 1985 1839 2019 pres-

1103 2031 1227 2073 byteris
1259 2030 1375 2063 suturis
1402 2030 1433 2062 in
1459 2032 1496 2062 ea
1523 2028 1702 2073 respective
1735 2028 1841 2071 digni-

1106 2084 1220 2117 tatibus
1245 2094 1281 2117 ac
1306 2083 1552 2116 canonicatibus
1582 2089 1613 2115 et
1644 2082 1842 2126 praebendis

1104 2143 1136 2170 et
1160 2137 1326 2170 beneficiis
1353 2137 1559 2177 huiusmodi,
1586 2137 1625 2169 ad
1651 2136 1844 2170 nominatio-

1104 2201 1178 2223 nem
1214 2190 1413 2234 infrascripti
1449 2190 1577 2223 Ioannis
1602 2190 1688 2233 regis
1720 2190 1843 2223 eteius

1104 2243 1136 2276 in
1155 2244 1246 2277 dictis
1269 2244 1379 2286 regnis
1396 2254 1619 2277 successorum
1644 2253 1768 2286 regum,
1786 2253 1844 2286 per

1103 2296 1309 2330 Ordinarium
1336 2297 1398 2330 loci
1423 2303 1478 2330 aut
1506 2297 1583 2331 alias
1608 2297 1841 2336 instituendis,

1104 2351 1158 2394 qui
1184 2351 1269 2394 apud
1296 2350 1412 2383 dictam
1441 2350 1645 2393 collegiatam
1671 2350 1842 2383 ecelesiam

1103 2405 1256 2444 residere,
1283 2404 1395 2448 illique
1419 2404 1452 2436 in
1478 2404 1602 2444 divinis,
1621 2414 1656 2437 ac
1676 2404 1764 2443 alias,
1788 2404 1843 2435 de-

1103 2457 1224 2491 servire
1251 2458 1419 2499 deberent,
1445 2457 1624 2501 apostolica
1650 2457 1841 2490 auctoritate

1138 2529 1149 2554 1
1174 2527 1241 2555 Male
1261 2528 1327 2556 edit.
1349 2528 1428 2556 Main.
1453 2528 1520 2563 legit
1538 2529 1637 2556 Aliam
1658 2528 1697 2562 (R.
1715 2529 1762 2559 Τ.).

1138 2572 1153 2598 2
1169 2571 1215 2599 Vel
1230 2573 1374 2602 similium
1394 2572 1434 2600 vel
1449 2572 1556 2600 similis
1575 2571 1722 2606 legendum
1736 2571 1774 2605 (R.
1792 2571 1842 2605 T.).

1746 163 1809 198 709
1856 173 1904 200 An.
1922 173 1950 200 c.
1975 173 2042 200 1710
