2269 3203
245 195 298 222 An.
319 195 348 224 c.
365 195 435 223 1705
480 185 545 221 280

272 1323 390 1345 clau-zulasz

318 2120 434 2146 nero-gano

249 2145 411 2169 couti-imorum.

428 245 556 278 inuniri
568 255 774 289 summopere
789 245 989 279 desiderent:
1004 255 1074 284 nos,
1089 245 1179 288 ipsos

439 304 642 342 exponentes
661 299 860 342 specialibus
880 299 1042 331 favoribus
1061 304 1092 330 et
1110 309 1180 340 gra-

438 350 490 383 tiis
519 352 677 395 prosequi
704 353 862 391 volentes,
879 357 910 384 et
936 350 1180 393 eoruflsingu-

437 404 522 438 lares
546 416 704 448 personas
730 417 746 438 a
773 405 938 449 quibusvis
965 404 1180 438 excommuni-

437 457 588 497 cationis,
609 458 837 502 suspensionis
852 464 883 491 et
902 457 1080 497 interdicti,
1097 457 1180 489 aliis-

438 521 501 554 que
526 511 759 544 ecclesiasticis
781 510 962 550 sententiis,
984 509 1130 543 censuris
1150 515 1180 541 et

436 564 563 607 poenis
590 575 607 597 a
631 564 701 597 iure
726 565 776 597 vel
813 565 853 596 ab
893 563 1038 604 homine,
1071 563 1181 606 quavis

436 617 607 651 occasione
634 619 683 651 vel
702 620 796 651 causa
816 618 902 658 latis,
922 617 947 650 si
969 618 1087 660 quibus
1107 627 1181 659 quo·

436 671 966 711 modolibetinnodataeexistunt,
978 670 1016 703 ad
1031 669 1179 702 effectum

436 725 659 768 praesentium
696 725 861 758 dumtaxat
891 723 1179 767 consequendum,

437 778 552 811 harum
567 779 652 812 serie
661 778 868 812 absolventes
885 783 916 811 et
930 777 1099 810 absolutas
1111 776 1180 809 sore

437 836 626 873 censentes,
645 831 940 875 supplicationibus
975 840 1089 864 eorum
1121 839 1180 862 no-

436 885 524 918 mine
538 885 632 918 nobis
645 896 745 929 super
759 885 822 918 hoc
834 884 1007 917 humiliter
1020 883 1180 927 porrectis

436 937 597 978 inclinati,
613 938 779 971 decretum
801 937 1056 980 praeinsertum,
1074 940 1181 968 aucto-

437 992 532 1025 ritate
565 992 760 1036 apostolica,
787 997 903 1024 tenore
935 989 1180 1034 praesentium,

438 1044 671 1078 confirmamus
693 1051 725 1077 et
743 1044 981 1088 approbamus,
1000 1043 1115 1085 illique
1132 1041 1181 1073 in-

436 1098 598 1131 violabilis
616 1098 816 1141 apostolicae
834 1096 994 1128 firmitatis
1015 1095 1117 1128 robur
1130 1094 1181 1127 ad-

436 1150 581 1192 imimus,
614 1150 835 1183 salvatamen
869 1159 999 1192 semper
1032 1148 1065 1180 in
1090 1158 1182 1191 prae-

437 1204 543 1238 missis
570 1205 761 1238 auctoritate
787 1202 1059 1247 Congregationis
1078 1202 1180 1235 cardi-

438 1258 562 1292 nalium
588 1258 788 1291 huiusmodi.

483 1312 498 1355 ξ
521 1311 553 1346 3.
580 1311 809 1352 Decernentes,
832 1310 961 1344 easdem
987 1314 1180 1353 praesentes

437 1364 563 1398 litteras
589 1375 720 1408 semper
744 1363 863 1404 firmas,
883 1362 1005 1395 validas
1024 1367 1056 1394 et
1074 1362 1180 1394 effica-

438 1428 491 1451 ces
510 1417 649 1451 existere
667 1422 699 1450 et
715 1417 802 1457 sore,
817 1425 957 1459 suosque
971 1414 1136 1459 plenarios
1151 1419 1180 1447 et

437 1471 584 1514 integros
609 1470 740 1504 etl'ectus
764 1469 871 1503 sortiri
898 1474 930 1502 et
955 1468 1117 1509 obtinere,
1144 1478 1181 1501 ac

438 1524 516 1565 illis,
543 1525 581 1558 ad
612 1535 694 1568 quos
731 1529 857 1567 spectat
883 1527 915 1556 et
946 1533 1006 1566 pro
1032 1527 1180 1565 tempore

439 1578 714 1622 quandocumque
740 1576 912 1620 spectabit,
930 1576 961 1608 in
980 1575 1132 1608 omnibus
1152 1580 1183 1607 et

438 1641 499 1674 per
524 1631 633 1664 omnia
660 1630 852 1674 plenissime
877 1628 1057 1671 suffragari,
1086 1633 1118 1660 et
1142 1628 1182 1660 ab

440 1684 486 1717 eis
518 1684 701 1728 respective
729 1682 965 1716 inviolabiliter
990 1681 1180 1722 observari,

440 1738 552 1782 sicque
571 1738 603 1770 in
620 1736 805 1781 praemissis
823 1747 884 1780 per
898 1746 1123 1779 quoscumque
1142 1735 1184 1767 iu-

441 1790 529 1825 dices
546 1791 732 1825 ordinarios
752 1796 785 1823 et
802 1790 979 1832 delegatos,
999 1789 1096 1822 etiam
1115 1799 1184 1821 cau·

440 1855 548 1878 sarum
573 1845 685 1888 palatii
712 1843 886 1887 apostolici
905 1843 1081 1881 auditores,
1100 1842 1184 1874 iudi-

440 1898 506 1931 cari
541 1905 572 1932 et
600 1897 728 1931 deliniri
754 1898 872 1930 debere
890 1924 897 1937 ‚
932 1907 968 1929 ac
993 1896 1119 1928 irritum
1153 1901 1185 1928 et

440 1951 537 1985 inane
573 1952 598 1984 si
629 1961 722 1985 secus
747 1961 847 1994 super
879 1950 931 1983 his
957 1962 974 1983 a
1000 1959 1182 1993 quoquam,

442 2005 553 2048 quavis
579 2005 779 2044 auctoritate,
802 2004 941 2036 scienter
961 2003 1009 2036 rel
1035 2003 1185 2046 ignoran-

442 2062 502 2097 ter,
517 2059 692 2101 contigerit
706 2057 870 2091 attentari.

488 2112 502 2155 ᾖ
526 2111 558 2144 li.
585 2111 652 2145 Non
672 2111 878 2144 obstantibus
897 2109 1184 2153 constitutionibus

444 2169 476 2197 et
499 2164 760 2198 ordinationibus
784 2163 970 2206 apostolicis
985 2190 992 2203 ‚
1022 2173 1078 2204 ac,
1108 2173 1184 2205 qua-

443 2224 539 2252 tenus
569 2228 650 2261 opus
679 2218 738 2258 sit,
771 2216 899 2250 Ordinis
933 2221 965 2249 et
995 2216 1184 2259 provinciae

442 2272 474 2305 S.
495 2271 627 2304 Antonii
648 2271 846 2310 huiusmodi,
869 2270 964 2302 etiam
992 2270 1185 2309 iuramento,

444 2323 690 2358 confirmatione
713 2324 902 2367 apostolica,
924 2323 973 2355 vel
997 2323 1108 2366 quavis
1133 2321 1186 2354 sir-

445 2377 556 2412 mitate
580 2377 642 2411 alia
662 2377 835 2416 roboratis,
853 2376 977 2409 statutis
997 2382 1028 2408 et
1048 2386 1186 2408 consue—

445 2430 635 2471 tudinibus,
664 2429 844 2473 privilegiis
871 2439 1025 2472 quoque,
1052 2428 1186 2461 indultis

446 2490 478 2518 et
494 2484 611 2517 litteris
629 2482 860 2526 apostolicisin
876 2481 1074 2515 contrarium
1091 2492 1185 2524 prae-

445 2538 620 2571 missorum
646 2535 893 2580 quomodolibet
909 2534 1083 2573 concessis,
1109 2545 1186 2567 con-

447 2591 581 2624 firmatis
617 2595 649 2624 et
673 2589 854 2631 innovatis;
882 2588 998 2633 quibus
1035 2587 1185 2621 omnibus

1027 194 1208 220 BULLARIUM
1231 193 1387 220 ROMANUM

1225 250 1256 277 et
1272 244 1418 287 singulis
1433 243 1561 276 illorum
1580 248 1712 276 tenores
1730 241 1958 285 praesentibus

1224 309 1282 340 pro
1308 299 1406 340 plene
1443 302 1474 330 ct
1506 296 1704 329 sufficienter
1733 295 1893 338 expressis
1925 305 1962 327 ac

1224 351 1263 383 ad
1288 351 1422 382 verbum
1447 349 1579 382 insertis
1605 349 1778 389 habentes,
1797 348 1862 381 illis
1883 348 1962 381 alias

1224 403 1256 436 in
1282 414 1340 436 suo
1366 404 1486 436 robore
1522 401 1759 446 permansuris,
1795 401 1835 434 ad
1867 411 1962 444 prae-

1225 457 1396 490 missorum
1423 456 1582 496 ellectum,
1611 457 1672 489 hac
1693 455 1761 489 vice
1787 455 1960 495 dumtaxat,

1224 512 1409 555 specialiter
1434 516 1466 543 et
1489 520 1642 554 expresse
1674 510 1887 552 derogamus3
1913 519 1964 541 ce-

1226 564 1368 607 terisque
1393 562 1565 596 contrariis
1592 562 1865 606 quibuscumque.

1267 618 1379 650 Datum
1401 617 1532 657 Romae,
1558 616 1642 659 apud
1677 615 1708 649 S.
1739 615 1878 655 Petrum,
1904 614 1965 648 sub

1225 672 1347 704 annulo
1363 670 1545 710 Piscatoris,
1562 669 1613 702 die
1628 679 1704 703 xxtv
1720 669 1833 713 aprilis
1845 678 1963 712 MDCGV,

1225 724 1432 768 pontificatus
1450 723 1554 757 nostri
1573 734 1659 757 anno
1677 734 1705 756 v.

1260 787 1320 815 Dat.
1343 788 1387 815 die
1407 788 1440 814 24
1462 787 1555 823 aprilis
1579 787 1657 820 1705,
1680 786 1776 823 pontif.
1799 794 1870 814 anno
1890 792 1916 813 v.

1529 923 1661 957 LXXIV.

1226 994 1448 1037 Confirmatur
1487 994 1651 1028 decretum
1693 992 1966 1037 Conyreyationis

1267 1048 1407 1082 Rituum
1433 1047 1471 1081 de
1494 1047 1652 1091 facultate
1677 1046 1865 1080 celebrandi
1888 1046 1966 1079 mis‘

1267 1111 1337 1133 sam
1362 1100 1400 1134 de
1419 1100 1510 1134 BM.
1521 1100 1554 1134 V.
1583 1100 1725 1144 singulis
1745 1099 1890 1133 sabbatis
1905 1108 1965 1143 pro

1266 1154 1429 1197 fratribus
1453 1154 1638 1187 Minoribus
1662 1152 1877 1187 Discalcealis
1893 1162 1965 1196 pro-

1266 1208 1394 1241 vinciae
1418 1207 1642 1240 Meaeicanae'.

1443 1289 1577 1317 Clemens
1597 1289 1679 1322 Papa
1699 1288 1747 1322 xl,

1365 1335 1402 1362 ad
1423 1334 1556 1361 futuram
1577 1334 1624 1361 rei
1643 1332 1826 1360 memoriam.

1267 1406 1281 1449 g
1299 1406 1330 1439 ¹1.
1353 1405 1521 1439 Emanavit
1544 1415 1649 1448 nuper
1667 1415 1684 1436 a
1701 1402 1964 1446 Congregatione

1223 1459 1458 1493 venerabilium
1477 1459 1612 1491 fratrum
1627 1463 1815 1490 nostrorum
1830 1456 1862 1489 S.
1875 1456 1912 1489 R.
1926 1455 1963 1489 E.

1224 1513 1439 1547 cardinalium
1476 1512 1577 1545 sacris
1611 1511 1727 1544 ritibus
1763 1510 1967 1554 praeposito-

1224 1578 1307 1609 rum,
1333 1567 1371 1599 ad
1398 1565 1673 1609 supplicationem
1699 1564 1810 1597 dilecti
1835 1563 1892 1597 filii
1916 1564 1967 1597 Io-

1225 1621 1320 1664 sephi
1357 1620 1396 1653 de
1430 1620 1635 1662 Sottomayor
1670 1618 1778 1651 fratris
1814 1627 1966 1661 expresse

1225 1674 1366 1718 professi
1385 1684 1421 1706 ac
1439 1671 1638 1716 proministri
1656 1671 1868 1715 provincialis
1892 1681 1966 1715 pro-

1225 1727 1349 1760 vinciae
1364 1726 1548 1759 Mexicanae
1566 1725 1695 1758 Ordinis
1713 1724 1872 1757 Minorum
1891 1734 1967 1756 san-

1225 1781 1264 1814 cti
1289 1779 1451 1813 Francisci
1488 1779 1527 1812 de
1553 1777 1764 1811 observantia
1795 1776 1966 1809 Excalcea-

1226 1839 1333 1867 torum
1358 1838 1632 1876 nuncupatorum,
1653 1831 1819 1864 decretum
1840 1829 1966 1863 tenoris

1226 1887 1280 1930 qui
1299 1886 1458 1929 sequitur,
1484 1884 1654 1918 videlicet:

1265 1949 1433 1979 Mexicana.
1456 1948 1503 1976 Ad
1524 1947 1702 1975 humillimas
1723 1955 1825 1984 preces
1847 1945 1968 1974 sanctis-

1965 192 2018 220 Αη.
2039 193 2155 222 &1⁷05

2001 1410 2119 1438 Expositio.

2005 1868 2024 1881 Ὁ

2050 1944 2162 1966 Decretum

1977 1970 2000 1993 S.
2014 1971 2163 1998 congregatio-

1226 2000 1299 2028 simo
1320 1999 1448 2027 Domino
1480 1999 1580 2025 nostro
1609 1996 1755 2025 Clementi
1776 1996 1860 2033 Papa
1880 1994 1928 2023 XI
1949 2000 2009 2022 anis
2025 2000 2045 2019 tu
2066 2005 2108 2025 quo
2133 2001 2163 2019 2³-

1977 2031 2024 2046 nicn
2057 2026 2164 2051 excipiun-

1226 2051 1310 2087 patre
1332 2047 1458 2084 Iosepho
1480 2046 1517 2074 de
1545 2046 1742 2082 Sottomayor,
1766 2043 1885 2073 Ordinis
1906 2043 2010 2072 Ex-iur
2062 2053 2162 2073 nonnulla

1227 2097 1425 2125 calceatorum
1447 2094 1541 2123 saneti
1563 2093 1714 2122 Francisci
1736 2095 1766 2121 et
1796 2092 1968 2130 provinciae

1227 2146 1404 2175 Mexicanae
1425 2144 1624 2183 proministro,
1643 2144 1793 2180 porrectas
1814 2151 1832 2169 a
1853 2140 1968 2169 Sancti-

1227 2199 1288 2225 tate
1310 2196 1370 2225 Sua
1391 2194 1428 2222 ad
1451 2202 1601 2222 sacrorum
1623 2192 1731 2220 rituum
1754 2189 1970 2227 Congregatio-

1227 2255 1296 2274 nem
1317 2244 1454 2273 remissas
1476 2244 1506 2271 et
1527 2242 1563 2270 ab
1585 2240 1816 2270 eminentissimo
1838 2242 1867 2268 et
1883 2248 1969 2268 reve-

1227 2293 1402 2323 rendissimo
1433 2291 1552 2320 domino
1579 2290 1722 2319 cardinali
1748 2290 1775 2318 S.
1807 2288 1970 2317 Clementis

1227 2343 1352 2378 relatas,
1373 2350 1458 2370 sacra
1485 2339 1589 2368 eadem
1610 2339 1732 2367 Rituum
1755 2336 1970 2374 Congregatio,

1228 2391 1355 2429 gratiam
1385 2390 1458 2418 alias
1488 2388 1540 2417 sub
1568 2387 1616 2416 die
1647 2397 1701 2415 xm
1732 2386 1851 2424 augusti
1882 2394 1970 2414 uncm

1228 2439 1323 2468 eidem
1353 2437 1457 2467 Ordini
1488 2436 1658 2475 provinciae
1690 2434 1829 2463 Baeticae
1860 2433 1970 2472 impar-

1261 2505 1274 2531 1
1306 2504 1376 2531 Haec
1400 2502 1514 2530 facultas
1541 2508 1671 2528 concessa
1696 2500 1785 2527 fuerat
1810 2498 1967 2534 provinciae

1228 2549 1351 2577 Baeticae
1370 2547 1478 2576 constit.
1506 2546 1549 2574 ed.
1570 2552 1680 2580 κυρεῖν,
1701 2544 1746 2572 die
1776 2544 1807 2572 13
1826 2542 1969 2577 februarii,

1228 2593 1326 2631 pontif.
1347 2600 1381 2621 iv.

1977 2079 2077 2100 sabbata.
