2269 3203
101 199 156 228 An.
171 197 200 227 C.
220 198 289 228 ¹70⁴

132 2564 254 2586 Mandatum
267 2568 304 2590 pro

120 2592 244 2614 execution·
275 2591 303 2612 di-

929 194 1069 221 CLEMENS
1093 193 1126 218 XI
1149 193 1198 218 PP.

298 253 364 282 tum
389 248 484 282 nobis
505 258 541 282 ex
561 247 626 281 alto
643 245 847 286 conceditur,
866 245 1036 289 providere

299 303 468 346 cupientes
489 331 496 343 ,
523 313 558 335 ac
585 302 623 335 de
649 299 930 343 infrascriptorum
957 299 1039 331 eius-

300 356 372 389 dem
406 354 677 399 Congregationis
715 353 949 387 monachorum
988 362 1040 384 cx-

299 420 415 452 presse
454 409 677 453 professorum
717 407 805 447 fide,
840 405 1040 450 prudentia,

300 463 460 496 charitate
479 490 486 503 ,
522 462 709 505 integritate
726 488 733 501 ,
766 459 955 503 vigilantia,
994 469 1041 492 so-

299 516 394 550 lertia
430 521 461 550 et
498 515 668 558 religionis
699 515 770 548 zelo
801 513 976 557 plurimum
1008 512 1040 544 in

299 569 440 603 Domino
474 569 584 602 confisi
606 595 613 609 ,
644 574 677 601 ct
708 578 822 602 eorum
859 567 1042 609 singulares

298 634 458 667 personas
476 622 668 667 aquibusvis
683 620 1039 659 excommunicationis,

300 677 526 721 suspensionis
552 682 583 710 et
606 676 794 715 interdicti,
821 674 959 717 aliisque
993 684 1043 706 ec-

301 730 492 763 clesiasticis
508 729 689 769 sententiis,
704 728 849 762 censuris
867 732 899 760 et
915 727 1041 771 poenis,

301 795 320 817 a
344 783 414 817 iure
438 784 487 817 vel
513 783 552 816 ab
577 783 721 822 homine,
740 782 851 826 quavis
870 781 1042 815 occasione

300 838 349 871 vel
375 838 470 870 causa
494 837 578 878 latis,
605 836 630 870 si
657 836 776 880 quibus
795 835 1044 879 quomodolibet

301 891 476 925 innodatae
501 891 668 931 existunt,
696 891 736 924 ad
769 889 919 923 effectum
950 899 1044 933 prae-

301 945 442 979 sentium
458 945 622 978 dumtaxat
635 944 916 987 consequendum,
928 943 1044 975 harum

303 1000 388 1032 serie
412 999 620 1032 absolventes
643 1003 674 1031 et
698 999 865 1031 absolutas
890 997 958 1030 sore
975 1006 1045 1029 cen-

303 1057 426 1093 sentes,
441 1057 530 1085 motu
557 1051 701 1096 proprio,
729 1062 764 1084 ac
782 1061 818 1084 ex
838 1051 928 1083 certa
945 1050 1045 1082 seien-

303 1105 348 1139 tia
372 1110 405 1139 et
429 1107 555 1139 matura
580 1105 817 1138 deliberatione
843 1103 975 1141 nostris,
994 1103 1046 1135 de-

304 1169 366 1202 que
399 1158 598 1202 apostolicae
623 1158 794 1202 potestatis
819 1157 1044 1200 plenitudine,

305 1211 442 1245 dilectos
466 1211 551 1245 filios
575 1212 766 1255 Gregorium
794 1211 913 1244 Bai-toli
940 1210 972 1242 in
997 1211 1047 1242 ab·

303 1265 411 1298 batem
439 1267 639 1308 generalem,
666 1276 701 1298 ac
719 1266 883 1298 Silvanum
902 1263 1046 1303 Caranzi,

304 1317 530 1351 Columbinum
556 1319 645 1352 Bassi
666 1346 672 1359 ,
698 1318 905 1351 Laurentium
930 1317 1046 1357 Poltri,

304 1369 472 1414 Virgfflum
498 1372 628 1415 Falugi,
654 1373 813 1414 Angelum
838 1371 967 1404 Mariam
993 1371 1048 1404 Se-

305 1424 426 1465 rafini,
454 1425 677 1458 Mercurialem
704 1425 798 1465 Prati,
824 1423 1046 1458 Innocentium

306 1478 430 1511 Rosetti
458 1484 490 1511 et
512 1479 666 1512 Ioannem
693 1478 859 1511 Aurelium
885 1477 988 1511 Casati
1015 1477 1047 1509 in

308 1530 514 1573 definitores,
540 1542 577 1565 ac
602 1531 807 1564 Ricciardum
833 1531 914 1564 Betti
942 1536 973 1563 ct
1001 1530 1049 1563 lo-

307 1585 589 1618 annemlacobum
609 1584 753 1628 Caleppi‚
777 1583 1048 1627 Congregationis

307 1638 494 1682 praedictae
508 1639 686 1672 monachos
703 1649 855 1681 expresse
869 1638 1048 1681 professos,

307 1692 340 1724 in
365 1692 546 1725 visitatores
578 1692 756 1736 respective
790 1692 937 1725 eiusdem
969 1691 1051 1724 Con-

308 1746 518 1788 gregationis,
543 1756 610 1779 non
633 1745 731 1779 modo
757 1756 858 1789 usque
884 1745 923 1778 ad
949 1745 1051 1778 domi-

308 1799 415 1832 nicam
433 1800 562 1832 tertiam
587 1805 662 1843 post
683 1799 809 1832 Pascha
827 1798 1050 1831 Resurrectio-

308 1852 359 1886 nis
384 1853 567 1886 dominicae
591 1852 739 1896 proxime
770 1858 961 1891 venturum,
988 1862 1051 1895 qua

309 1905 486 1950 capitulum
512 1907 666 1949 generale
690 1906 794 1949 ipsius
819 1905 1051 1948 Congregatio-

309 1959 359 1993 nis
384 1961 554 1993 convocari
578 1961 685 1999 solet,
710 1960 766 1992 sed
793 1959 889 1992 ctiam
913 1958 988 1991 inde
1008 1959 1051 1991 ul·

310 2013 413 2047 terius
438 2014 477 2047 ad
503 2018 630 2057 ternpus
648 2013 786 2053 solitum,
806 2023 869 2056 quo
888 2011 1050 2045 eiusmodi

311 2067 416 2100 officia
441 2067 529 2100 iuxta
553 2066 715 2110 regularia
739 2071 935 2099 memoratae
962 2065 1048 2099 Con-

311 2120 511 2163 gregationis
535 2120 682 2153 instituta
706 2130 765 2163 per
784 2119 899 2153 Sedem
918 2119 1051 2161 Aposto-

310 2173 407 2207 licam
432 2173 621 2207 confirmata
647 2173 764 2206 durare
790 2177 1051 2212 consueverunt,

312 2237 386 2260 cum
409 2227 560 2260 omnibus
585 2232 615 2260 et
640 2226 775 2269 singulis
801 2225 1050 2269 praerogativis,

311 2280 591 2323 praeeminentiis,
612 2279 832 2320 facultatibus,
849 2279 1051 2318 auctoritate,

310 2333 490 2376 privilegiis
507 2360 517 2374 ,
547 2333 659 2376 gratiis
686 2338 718 2366 et
752 2333 907 2372 indultis,
934 2343 970 2365 ac
994 2332 1054 2364 ho—

312 2386 445 2420 noribus
470 2392 502 2420 et
531 2387 687 2420 oneribus
726 2386 832 2419 solitis
858 2390 889 2419 et
920 2395 1054 2418 consue-

312 2438 362 2479 tis,
386 2444 501 2473 tenore
525 2439 748 2484 praesentium
773 2439 999 2473 constituimus
1024 2444 1056 2472 ct

315 2492 519 2536 deputamus.

359 2547 374 2589 ἓ
398 2545 430 2578 2.
456 2546 644 2580 Mandantes
669 2552 854 2591 propterea,
887 2547 920 2579 in
937 2546 1056 2579 virtute

315 2604 444 2633 sanctae
469 2599 687 2640 obedientiae,
714 2611 751 2634 ac
775 2600 834 2633 sub
861 2599 1057 2642 indignatio-

1720 181 1780 215 991
1831 189 1885 217 An.
1904 189 1934 217 c.
1952 187 2020 216 1704

1082 243 1131 276 nis
1155 246 1300 282 nostrae,
1320 240 1456 284 aliisque
1483 239 1617 272 arbitrio
1635 245 1747 273 nostro
1767 240 1826 272 im·
1837 254 1885 271 mo
1901 251 2023 277 deputatio-

1082 296 1246 340 ponendis
1284 294 1412 339 poenis,
1436 293 1586 327 omnibus
1623 299 1653 326 et
1689 284 1849 335 singulisu

1083 350 1290 394 supradictae
1308 347 1576 391 Congregationis
1592 346 1827 390 superioribus,

1084 403 1253 437 monachis
1291 408 1322 435 et
1361 401 1535 445 personis,
1570 400 1753 442 ceterisque
1788 399 1827 431 ad

1085 468 1165 500 quos
1184 461 1308 499 spectat
1332 460 1363 488 et
1387 454 1545 498 spectabit
1570 454 1602 486 in
1622 454 1776 492 futurum,
1796 457 1830 484 ut

1085 510 1368 553 supranominatos
1394 508 1573 541 monachos
1593 507 1632 539 ad
1652 506 1757 539 officia
1783 505 1829 538 eis

1085 564 1266 607 respective
1300 574 1357 606 per
1382 567 1573 606 praesentes
1613 560 1827 600 demandata,

1086 617 1285 660 illorumque
1301 616 1439 650 liberum
1459 614 1661 654 exercitium,
1677 614 1764 646 iuxta
1782 624 1830 646 ea-

1087 671 1233 703 rumdem
1260 675 1404 703 tenorem
1421 667 1655 712 praesentium,
1669 666 1830 710 recipiant

1088 728 1119 756 et
1135 723 1313 763 admittant,
1328 723 1470 766 illosque
1485 725 1732 763 recognoscant,
1753 724 1784 752 et
1796 719 1830 751 il-

1088 777 1126 810 lis
1138 775 1187 809 in¹
1202 776 1361 816 omnibus,
1376 786 1458 819 quae
1473 775 1511 808 ad
1526 774 1629 808 officia
1643 773 1829 806 huiusmodi

1087 830 1264 874 pertinent,
1291 830 1416 864 faveant
1440 834 1472 863 et
1497 830 1665 869 assistant,
1684 831 1831 872 pareant-

1088 896 1151 929 que
1176 890 1207 918 et
1240 884 1396 918 obediant
1424 883 1620 927 respective.
1648 882 1829 921 Praeterea,

1089 938 1279 972 auctoritate
1306 937 1500 981 apostolica,
1529 942 1644 970 tenore
1670 945 1828 980 praesen-

1090 993 1177 1033 tium,
1203 992 1374 1025 statuimus
1398 996 1430 1024 et
1455 990 1653 1029 ordinamus,
1680 994 1715 1021 ut
1740 988 1833 1022 dein-

1089 1056 1165 1089 ceps
1190 1045 1359 1089 perpetuis
1378 1045 1491 1077 suturis
1515 1043 1714 1087 temporibus
1733 1042 1832 1075 abbas

1090 1099 1252 1142 generalis
1270 1109 1331 1142 pro
1351 1104 1494 1141 tempore
1514 1097 1654 1130 existens
1675 1106 1834 1129 memora-

1090 1157 1139 1186 tae
1158 1151 1437 1194 Congregationis,
1451 1151 1621 1183 occasione
1642 1149 1833 1182 visitationis

1091 1205 1364 1238 monasteriorum
1391 1204 1522 1236 maioris
1548 1203 1777 1236 observantiae
1802 1207 1834 1234 et

1091 1259 1262 1292 exactioris
1284 1259 1366 1291 vitae
1388 1258 1569 1291 communis
1588 1257 1732 1290 eiusdem
1754 1255 1835 1288 Con-

1091 1312 1299 1355 gregationis,
1317 1322 1377 1355 pro
1392 1312 1505 1344 eadem
1517 1311 1704 1343 visitatione
1721 1315 1752 1342 et
1766 1319 1835 1341 exa-

1090 1365 1185 1406 mine,
1201 1371 1331 1408 praeter
1357 1365 1436 1398 duos
1462 1364 1645 1397 visitatores
1672 1368 1704 1396 et
1729 1373 1835 1396 secre-

1093 1419 1220 1459 tarium,
1239 1419 1335 1452 etiam
1356 1418 1506 1451 abbatem
1524 1428 1582 1461 pro
1606 1422 1752 1461 tempore
1771 1416 1836 1449 exi-

1092 1479 1231 1507 stentem
1266 1473 1459 1507 monasterii
1484 1472 1516 1506 S.
1544 1472 1660 1505 Mariae
1693 1471 1836 1504 eiusdem

1092 1527 1379 1568 Vallisumbrosae,
1397 1526 1464 1560 sive
1479 1526 1509 1559 S.
1522 1526 1653 1560 Ioannis
1670 1524 1837 1558 Gualberti

1093 1582 1133 1614 de
1158 1581 1247 1615 Valle
1270 1581 1455 1620 Benedicta,
1468 1579 1661 1620 alternatim,
1676 1581 1741 1612 una
1765 1589 1838 1611 cum

1093 1635 1202 1679 priore
1221 1634 1408 1668 alterutrius
1429 1634 1703 1667 monasteriorum
1725 1632 1839 1665 huius-

1093 1689 1179 1722 modi
1206 1689 1373 1728 adhibere‚
1394 1688 1494 1732 iique,
1509 1689 1638 1730 peracta
1655 1686 1839 1719 visitatione

1093 1742 1272 1786 praedicta,
1297 1741 1429 1774 fidelem
1455 1746 1486 1774 et
1515 1740 1675 1773 sinceram
1707 1739 1841 1772 relatio-

1093 1806 1168 1828 nem
1212 1795 1347 1838 proprio
1388 1795 1580 1827 charactere
1621 1792 1838 1836 subscriptam

1094 1849 1182 1881 circa
1199 1848 1346 1881 eamdem
1362 1848 1458 1880 vitam
1478 1856 1684 1879 communem
1704 1845 1839 1888 eiusque

1094 1913 1304 1946 progressum
1327 1902 1366 1934 ad
1387 1900 1680 1944 Congregationem
1705 1909 1840 1932 venera-

1094 1955 1208 1989 bilium
1234 1955 1369 1987 fratrum
1395 1959 1585 1987 nostrorum
1603 1953 1634 1986 S.
1658 1953 1694 1986 R.
1714 1952 1748 1985 E.
1773 1962 1842 1985 car-

1095 2008 1252 2041 dinalium
1279 2013 1310 2041 et
1334 2008 1527 2040 dilectorum
1554 2006 1695 2040 filiorum
1721 2006 1839 2038 Roma-

1094 2072 1154 2095 nae
1173 2061 1288 2095 Curiae
1320 2062 1542 2105 praelatorum
1572 2070 1671 2104 super
1697 2059 1842 2103 discipli-

1095 2115 1291 2158 naregulari
1314 2115 1502 2159 specialiter
1522 2115 1763 2158 deputatorum,
1781 2112 1840 2146 sub

1095 2168 1209 2213 poenis
1223 2169 1337 2202 itidem
1358 2168 1493 2201 arbitrio
1512 2174 1623 2202 nostro
1643 2166 1839 2210 infligendis,

1096 2222 1317 2266 quantocitius
1343 2222 1567 2254 transmittere
1593 2226 1778 2254 teneantur.

1140 2277 1154 2320 ἓ
1179 2276 1211 2309 3.
1239 2276 1472 2316 Decernentes,
1492 2276 1623 2308 easdem
1646 2279 1838 2318 praesentes

1097 2329 1220 2362 litteras
1246 2328 1374 2370 firmas,
1400 2329 1523 2362 validas
1548 2334 1579 2362 et
1604 2328 1749 2362 efficaces
1775 2328 1841 2361 exi-

1098 2389 1184 2417 stere
1211 2388 1243 2417 et
1267 2383 1353 2424 sore,
1380 2393 1522 2426 suosque
1548 2381 1714 2426 plenarios
1742 2387 1772 2414 et
1796 2381 1841 2414 in-

1098 2442 1208 2480 tegros
1241 2436 1374 2470 effectus
1406 2435 1517 2470 sortiri
1551 2441 1584 2469 et
1609 2435 1778 2474 obtinere,
1805 2444 1841 2467 ac

1099 2490 1270 2524 monachis
1295 2501 1392 2534 supra
1427 2489 1602 2522 nominatis
1631 2488 1663 2521 in
1688 2488 1839 2522 omnibus

1101 2549 1133 2577 et
1156 2554 1216 2587 per
1239 2544 1348 2577 omnia
1372 2543 1563 2587 plenissime
1589 2541 1777 2583 suffragari,
1809 2545 1841 2572 et

1137 2609 1148 2635 1
1172 2607 1322 2643 praeposit.
1343 2607 1376 2634 in
1396 2614 1445 2634 nos
1466 2605 1589 2634 addimus
1609 2604 1646 2640 (a.
1668 2604 1718 2638 τ.).

1854 286 1876 298 ts.

1876 2281 1996 2302 claueutao.
