2269 3203
81 169 130 199 An.
149 167 178 198 C.
193 168 264 197 1703

148 442 263 467 nerogauo

79 471 240 492 contrariorum.

117 761 181 783 Fides
205 763 262 783 trau·

76 791 217 815 sumptorum.

103 2043 226 2066 Exordium.

906 168 1046 194 CLEMENS
1072 170 1101 193 XI
1128 170 1174 193 Pr.

276 221 364 251 tores
384 244 392 258 ‚
421 218 559 251 iudicari
586 223 617 251 et
642 217 770 251 definiri
802 217 945 258 debere,
982 228 1019 250 ac

274 271 405 304 irritum
431 277 462 305 et
485 272 583 305 inane
610 272 635 304 si
661 281 756 304 secus
792 281 893 315 super
924 271 975 304 liis
1001 282 1018 304 a

274 335 466 369 quoquam,
491 325 603 368 quavis
636 324 846 363 auctoritate,
874 324 1018 357 scienter

273 380 324 412 vel
354 378 572 421 ignoranter,
603 378 777 421 contigerit
804 378 970 410 attentari.

318 431 333 475 g
356 431 387 465 3.
415 431 484 464 Non
505 422 710 464 obstantibus
728 430 1015 464 constitutionibus

274 490 305 518 et
340 484 602 518 ordinationibus
641 483 853 527 apostolicis,
888 495 1015 517 necnon

273 538 425 571 omnibus
452 544 484 571 et
509 537 645 580 singulis
670 537 735 571 illis
762 548 844 580 quae
870 537 903 570 in
936 537 1016 571 eius-

273 592 346 624 dem
372 591 493 625 Urbani
517 591 782 635 praedecessoris
808 591 925 624 litteris
942 601 1017 625 con-

273 655 366 678 cessa
391 650 467 677 sunt
491 655 557 677 non
576 645 717 685 obstare,
736 645 918 688 ceterisque
940 655 1015 678 con-

274 699 382 731 trariis
410 698 680 743 quibuscumque.

317 751 331 794 g
368 751 400 784 4.
428 752 581 785 Volumus
617 757 724 785 autem
758 757 793 784 ut
826 752 1013 785 carumdem

271 805 495 849 praesentium
516 806 697 839 litterarum
717 805 939 850 transumptis,
959 817 1013 839 seu

272 858 427 901 exemplis
443 885 451 898 ,
475 858 572 892 etiam
598 859 790 902 impressis,
823 869 919 891 manu
957 858 1015 892 ali-

271 911 362 944 cuius
387 911 507 945 notarii
533 911 655 955 publici
681 911 894 955 subscriptis,
921 918 952 945 ct
977 912 1013 944 si-

271 964 349 1007 gillo
374 975 537 1008 personae
563 965 595 997 in
618 965 838 998 ecelesiastica
856 965 1013 1007 dignitate

270 1018 467 1052 constitutae
493 1019 635 1059 munitis,
651 1020 762 1052 eadem
782 1030 916 1062 prorsus
934 1019 1013 1052 sides

270 1071 393 1115 ubique
426 1073 575 1106 locorum
611 1078 673 1106 tam
706 1073 737 1105 in
765 1073 885 1106 iudicio
918 1083 1014 1116 quam

271 1131 362 1159 extra
387 1125 468 1159 illud
494 1126 655 1159 habeatur
675 1153 682 1167 ,
709 1137 791 1169 quae
817 1126 896 1170 ipsis
923 1137 1014 1170 prae-

271 1178 419 1212 sentibus
444 1179 622 1213 haberetur
654 1180 681 1213 si
707 1180 814 1213 forent
848 1181 1012 1215 exhibitae

269 1232 321 1265 vel
347 1237 511 1266 ostensae.

313 1285 427 1318 Datum
452 1286 583 1327 Romae,
599 1287 685 1330 apud
710 1287 741 1320 S.
769 1288 898 1321 Mariam
917 1287 1013 1321 Maio-

270 1349 350 1380 rem,
365 1339 426 1371 sub
450 1340 571 1373 annulo
598 1340 781 1381 piscatoris,
809 1341 860 1375 die
885 1352 935 1375 xxi
956 1353 1013 1375 no-

269 1392 410 1426 vembris
453 1403 579 1427 iuncein
605 1421 612 1435 ‚
658 1394 865 1438 pontificatus
910 1396 1012 1429 nostri

270 1457 356 1479 anno
382 1457 432 1481 111.

304 1508 368 1536 Dat.
383 1509 428 1537 die
443 1510 474 1538 21
493 1510 650 1538 novembris
669 1511 746 1546 1703,
767 1511 865 1548 pontif.
886 1520 958 1540 anuo
974 1519 1012 1540 111.

602 1653 677 1686 LIV.

271 1731 500 1765 Conceduntur
519 1733 698 1776 prirz'leqicc
715 1735 1013 1777 &provincialium

314 1785 538 1818 mi'ssionctriis
557 1787 593 1818 in
612 1788 785 1830 AE'llziopia
804 1788 939 1822 Ordinis
955 1791 1014 1823 Mc·-

313 1848 431 1871 norum
444 1838 482 1872 cle
497 1838 708 1873 observantia
718 1842 978 1884 Refoiwnalorum
990 1844 1010 1877 ¹.

489 1920 622 1947 clemens
643 1921 724 1954 Papa
743 1921 799 1954 XI,

387 1965 424 1992 ad
445 1967 626 1999 perpetuam
645 1965 690 1992 rei
711 1965 897 1994 memoriam.

314 2036 458 2069 Iustitiae
485 2041 516 2069 et
540 2037 714 2080 aequitatis
740 2037 821 2070 ratio
846 2039 1010 2081 postulat,

270 2094 305 2122 ut
325 2089 480 2132 operarii,
498 2089 531 2122 in
546 2089 640 2123 vinea
654 2090 778 2123 Domini
798 2096 930 2125 strenue
952 2092 1013 2124 uti-

269 2143 411 2187 literque
421 2143 615 2183 laborantes
628 2144 781 2187 praemiis
793 2150 820 2177 et
833 2145 1012 2179 honoribus

271 2196 478 2236 decorentur,
499 2197 617 2240 quibus
635 2202 666 2230 et
683 2198 744 2241 ipsi
763 2199 802 2231 ad
825 2205 1014 2233 constanter

270 2249 304 2282 in
329 2250 396 2283 suis
422 2250 590 2283 laboribus
615 2251 877 2294 persistendum,
904 2258 935 2285 ct
959 2253 1013 2286 alii

307 2313 318 2338 1
354 2311 559 2340 Commissarius
580 2313 793 2341 Terraesanctae
817 2315 911 2350 nequit
940 2325 1013 2343 com-

272 2357 371 2383 morari
381 2357 407 2383 in
414 2357 546 2385 coenobio
555 2357 745 2386 SS.Trinitatis
756 2359 870 2386 civitatis
878 2360 1012 2396 Neapolis,

271 2399 465 2428 InnocentiiXI
480 2406 566 2429 const.
584 2403 627 2429 ed.
644 2410 825 2438 rinchxxrni,
843 2405 886 2432 die
895 2405 928 2431 25
940 2405 1012 2438 maii,

273 2445 367 2479 pontif.
397 2453 417 2472 11
432 2456 437 2479 ;
474 2446 547 2473 idem
577 2448 746 2483 privilegium
774 2450 1013 2485 exprovincialium

275 2488 431 2516 conceditur
446 2492 663 2525 poenitentiariis
676 2493 702 2519 S.
719 2493 827 2520 loannis
843 2494 869 2520 in
881 2494 1013 2522 Laterano

275 2531 308 2559 de
322 2532 396 2560 Urbe
410 2541 426 2560 a
439 2534 584 2563 Benedicta
599 2536 778 2572 (Innocentio)
793 2538 852 2565 Xlll
863 2542 951 2566 const.
969 2540 1012 2567 ed.

274 2583 395 2610 nucem,
415 2577 458 2605 die
476 2580 490 2605 1
512 2580 682 2615 septembris,
704 2582 800 2617 pontif.
817 2590 834 2611 1.

352 2630 433 2661 Bull.
447 2632 530 2663 Rom.
544 2649 578 2655 —
597 2635 658 2665 Vol.
672 2636 750 2666 XXI.
896 2637 930 2667 13

1062 217 1101 250 ad
1123 218 1281 251 eiusmodi
1295 218 1426 252 labores
1442 219 1595 252 alacriter
1615 220 1804 254 subeundos

1061 272 1284 305 stimulentur.

1104 327 1119 369 ξ
1144 325 1175 358 l.
1195 326 1270 359 Cum
1291 326 1407 369 itaque,
1426 326 1507 359 sieut
1530 326 1724 370 accepimus,
1745 328 1805 361 sra-

1062 385 1126 412 tres
1146 379 1342 413 missionarii
1367 380 1496 413 Ordinis
1518 381 1678 414 Minorum
1700 388 1804 416 sancti

1061 432 1222 465 Francisci
1248 433 1286 466 de
1312 432 1524 466 Observantia
1542 434 1804 469 [reformatorum

1060 491 1322 529 nuncupatorum
1348 486 1381 518 in
1407 487 1606 530 :Etliiopiain
1644 498 1703 530 pro
1730 493 1807 521 tem—

1060 550 1138 582 pore
1165 541 1337 584 deputati‚
1365 540 1431 573 sive
1457 541 1535 574 illuc
1561 552 1597 574 ex
1624 541 1754 585 Europa
1770 553 1805 575 se

1060 593 1273 633 conserendo,
1288 598 1426 637 propter
1443 593 1595 627 itinerum
1610 605 1670 638 per
1688 605 1806 638 aspera

1060 651 1091 678 et
1117 646 1244 679 deserta
1269 647 1341 680 loca
1378 652 1574 690 montesque
1600 648 1803 690 agendorum

1059 698 1264 733 difficultates
1290 705 1321 732 et
1346 700 1516 743 pericula,
1543 700 1609 733 sive
1634 701 1679 733 ibi
1717 711 1804 734 com-

1058 753 1218 786 morando
1236 780 1243 793 ‚
1269 760 1407 797 propter
1440 754 1635 787 immodicos
1671 753 1803 787 illarum

1058 805 1231 848 regionum
1275 807 1400 839 calores
1440 811 1472 839 et
1510 807 1632 840 diversi
1664 807 1802 840 climatis

1058 858 1273 903 ciborumque
1302 860 1517 893 insalubrium
1541 860 1713 903 qualitates
1742 870 1799 893 eo-

1058 922 1129 944 rum
1144 918 1278 946 naturae
1293 913 1483 953 contrarias,
1499 913 1656 946 maximos
1671 913 1802 946 labores

1058 966 1262 1013 sustineant;
1286 977 1350 1010 quo
1376 977 1453 999 vero
1479 977 1594 1000 eorum
1611 966 1709 999 animi
1725 977 1803 1010 pon-

1058 1018 1127 1052 deri
1152 1029 1217 1052 non
1245 1019 1485 1059 succumbant,
1514 1024 1545 1052 et
1569 1019 1602 1052 in
1640 1020 1801 1062 susceptis

1057 1083 1116 1115 pro
1143 1072 1323 1106 catholicae
1349 1072 1424 1106 fidei
1456 1073 1723 1116 christianaeque
1751 1083 1802 1106 rc-

1058 1125 1188 1167 ligionis
1214 1126 1453 1169 propagatione
1490 1126 1657 1159 laboribus
1691 1126 1802 1160 liuius-

1058 1178 1144 1211 modi
1171 1177 1416 1219 confirmentur,
1435 1184 1467 1211 et
1485 1179 1622 1212 defessis
1639 1190 1697 1213 seu
1715 1190 1801 1213 mer-

1058 1231 1170 1265 cedem
1196 1232 1340 1265 emeritis
1366 1232 1439 1265 novi
1466 1243 1596 1277 semper
1621 1239 1653 1267 et
1677 1235 1801 1269 alacres

1058 1285 1249 1328 strenuique
1274 1286 1417 1328 operarii
1442 1287 1632 1327 succedant,
1660 1298 1717 1331 spe
1743 1289 1800 1322 ali-

1058 1338 1148 1371 cuius
1176 1339 1314 1371 lionoris
1340 1345 1372 1372 et
1396 1339 1532 1382 praemii
1559 1340 1751 1374 sublevandi
1771 1346 1803 1374 et

1058 1392 1220 1425 excitandi
1245 1392 1329 1425 sint:
1357 1392 1434 1425 hinc
1460 1398 1510 1425 est
1535 1394 1621 1436 quod
1648 1404 1729 1435 1105,
1763 1405 1800 1428 ex

1057 1446 1252 1479 commissae
1273 1446 1366 1480 nobis
1387 1446 1522 1479 caelitus
1541 1446 1798 1490 dispensationis

1058 1510 1205 1541 munere,
1231 1500 1363 1534 illorum
1389 1499 1661 1534 honorificentiae
1677 1512 1797 1535 consu-

1058 1555 1124 1587 lere
1150 1555 1297 1588 volentes
1315 1581 1323 1595 ‚
1349 1555 1388 1588 de
1414 1555 1652 1588 nonnullorum
1679 1566 1717 1588 ex
1746 1566 1799 1590 ve-

1057 1607 1259 1641 nerabilibus
1270 1607 1424 1641 fratribus
1445 1608 1563 1642 nostris
1582 1607 1614 1641 S.
1626 1609 1662 1641 R.
1679 1609 1713 1642 E.
1731 1620 1800 1643 car-

1058 1662 1220 1695 dinalibus
1246 1661 1518 1705 Congregationis
1551 1662 1692 1705 negotiis
1723 1663 1800 1697 Pro-

1057 1716 1226 1760 pagaudae
1252 1715 1342 1748 Fidei
1363 1716 1571 1759 praepositae
1589 1726 1687 1760 super
1702 1717 1800 1750 rebus

1057 1770 1217 1814 :Etiopiae
1251 1770 1437 1813 specialiter
1463 1771 1693 1814 deputatorum
1719 1782 1799 1805 con-

1058 1824 1156 1864 silio,
1183 1834 1219 1856 ac
1255 1829 1343 1856 motu
1380 1824 1539 1868 proprio,
1575 1829 1606 1857 et
1642 1836 1678 1857 ex
1710 1827 1799 1859 certa

1057 1877 1192 1911 scientia
1217 1883 1248 1911 et
1272 1879 1389 1910 natura
1415 1878 1650 1912 deliberatione
1668 1880 1798 1921 nostris,

1057 1932 1162 1975 deque
1178 1932 1379 1975 apostolicae
1393 1932 1566 1975 potestatis
1580 1932 1798 1975 plenitudine,

1057 1986 1152 2018 dictis
1174 1985 1325 2018 fratribus
1343 1986 1567 2027 missionariis,
1585 1992 1627 2027 ut,
1643 1993 1718 2030 post
1734 1998 1800 2021 ser-

1057 2040 1168 2073 vitium
1194 2050 1248 2072 seu
1273 2039 1489 2072 ministerium
1516 2039 1723 2074 inmissione
1747 2041 1799 2075 AE-

1057 2093 1175 2136 tiopiae
1201 2104 1261 2136 per
1286 2093 1460 2126 duodecim
1479 2104 1582 2127 annos
1601 2094 1704 2127 dictae
1720 2094 1799 2128 Con-

1056 2147 1239 2190 gregationi
1289 2147 1504 2180 cardinalium
1547 2153 1799 2191 perseveranter

1057 2205 1088 2233 et
1122 2200 1333 2234 laudabiliter
1373 2200 1579 2244 praestitum,
1606 2201 1632 2234 si
1665 2202 1704 2234 ad
1726 2213 1799 2235 suas

1056 2255 1205 2298 proprias
1231 2254 1307 2287 dieti
1333 2254 1462 2287 Ordinis
1481 2255 1664 2298 provincias
1691 2256 1799 2289 redire

1055 2309 1239 2349 voluerint,
1265 2308 1411 2348 reversi,
1433 2308 1583 2341 omnibus
1608 2315 1640 2342 et
1663 2309 1800 2352 singulis

1056 2361 1249 2405 privilegiis,
1263 2361 1511 2405 praerogativis,
1531 2361 1799 2405 praeeminentiis

1057 2420 1087 2448 et
1112 2414 1379 2458 praecedentiis,
1418 2415 1534 2458 quibus
1571 2415 1686 2448 fratres
1721 2416 1799 2449 dicti

1056 2469 1184 2501 Ordinis
1204 2496 1211 2509 ,
1240 2468 1294 2511 qui
1319 2467 1459 2501 ministri
1484 2468 1703 2512 provinciales
1729 2469 1798 2501 sue-

1057 2527 1144 2563 runt,
1171 2527 1233 2555 tam
1259 2522 1298 2554 de
1321 2522 1401 2562 iure,
1419 2532 1478 2554 usu
1500 2527 1532 2554 et
1548 2522 1796 2561 consuetudine,

1057 2587 1154 2621 quam
1179 2575 1257 2610 alias
1282 2575 1532 2621 quomodolibet
1556 2580 1700 2617 utuntur,
1731 2575 1796 2608 fru-

1725 163 1767 198 97
1813 172 1863 200 An.
1885 172 1913 200 c.
1932 171 2001 200 1704

1854 343 1957 364 Cuneedit
1980 346 2003 365 ut

1797 384 1802 389 .
1814 370 1835 389 iu
1850 370 1942 392 rubrica.
