2269 3203
284 214 334 242 An.
356 213 385 240 c.
405 213 471 241 1708
516 203 581 238 3³10
1058 215 1241 239 emuniuit
1265 215 1421 240 nouantur
2008 214 2058 242 Αιι.
2073 214 2102 243 c.
2123 215 2191 244 ¹708

478 262 601 306 absque
624 262 693 296 ullo
718 261 833 297 effectu
858 263 1097 305 remanebant,
1131 265 1215 297 mili·
1258 275 1334 298 vero
1353 291 1360 305 ,
1384 274 1503 308 nempe
1528 263 1580 297 die
1604 274 1657 298 xm
1697 262 1841 297 eiusdem
1876 263 1995 297 mensis

479 315 601 348 taribus
621 316 735 360 copiis,
754 316 841 349 inter
858 326 937 360 quas
953 318 1065 361 plures
1083 317 1214 351 acatho-
1259 318 1415 358 octobris,
1442 317 1535 350 dictis
1560 316 1756 351 militaribus
1773 316 1875 361 copiis
1894 317 1995 361 ipsam

475 367 612 402 licorum
646 379 756 402 secum
789 369 1029 403 foederatorum
1064 370 1212 413 legiones
1258 371 1420 404 civitatem
1446 370 1670 404 Gnesnensem
1695 370 1802 404 adhuc
1830 370 1996 403 circumsi-

474 422 731 455 numerabantnr
748 449 755 461 ‚
780 423 917 466 stipatus
934 449 941 462 ,
967 433 1080 455 versus
1106 423 1214 456 civita·
1258 424 1418 464 dentibus
1444 424 1592 468 adeoque
1621 424 1738 457 eodem
1770 429 1859 457 metu
1884 424 1997 467 perdu-

477 479 539 507 tem
565 473 786 508 Gnesnensem
812 486 846 508 se
872 476 1022 515 contulit,
1049 475 1161 518 ibique
1180 476 1212 508 in
1257 482 1348 510 rante
1365 504 1372 517 ,
1400 476 1596 510 electionem
1629 477 1901 510 administratoris
1938 477 1997 509 hu-

473 527 594 570 oppido
618 527 753 571 Shupen
778 533 964 571 nuncupato
988 555 994 566 ,
1023 539 1040 560 a
1065 528 1149 561 dicta
1169 528 1212 560 ci·
1256 529 1395 562 iusmodi
1421 529 1454 562 in
1479 529 1629 563 omnibus
1655 535 1686 562 et
1710 540 1768 573 per
1795 529 1904 563 omnia
1941 540 1996 573 ap-

472 579 569 613 vitate
606 587 744 624 quatuor
775 581 902 614 circiter
937 581 1129 614 milliaribus
1165 582 1212 614 di·
1255 583 1438 626 probarunt
1463 588 1494 615 et
1518 582 1733 616 ratificarunt.

473 638 598 673 stante,
625 634 754 667 easdem
785 633 942 667 militares
968 634 1077 678 copias
1104 634 1212 678 dispo·
1298 635 1313 678 ἓ
1343 635 1375 669 3.
1403 636 1552 669 Ceterum
1587 646 1652 669 non
1683 635 1789 669 minus
1814 635 1933 669 iniuste
1958 645 1994 669 ac
2026 645 2188 668 Nonmtnnstn-

2005 674 2059 694 insto
2074 680 2099 694 ac
2110 674 2189 694 violen-

471 686 556 727 suit,
584 686 701 720 deinde
727 693 846 729 autem,
873 698 934 732 per
958 688 1130 731 quemdam
1155 688 1211 721 ab·
1254 689 1411 722 violenter
1438 700 1509 722 cum
1538 689 1676 724 ecclesia
1694 689 1939 723 l'ladislaviensi
1964 699 1995 722 a·
2006 701 2037 720 ιη
2056 703 2189 730 ,aum-cua.

470 740 613 782 legatum
648 750 742 773 suum
781 741 821 774 ad
859 741 1006 774 eamdem
1047 741 1209 775 civitatem
1254 748 1340 776 ctum
1371 743 1443 776 suit.
1478 743 1592 777 Dilecti
1626 743 1788 787 siquidem
1817 743 1875 776 filii
1908 725 2188 787 capi-{faciissi‘iifh'u'

469 793 605 826 missum
621 820 628 834 ‚
659 793 834 837 capitulum
860 800 891 828 et
915 794 1091 828 canonicos
1117 805 1210 838 prae·
1253 797 1355 829 tulum
1380 801 1411 829 et
1436 797 1584 830 canonici
1610 796 1714 830 dictae
1741 796 1897 830 ecclesiae
1921 795 1994 829 vla-

469 845 550 880 satos
576 847 615 880 ad
648 847 841 881 electionem
875 848 1042 881 memorati
1074 848 1210 881 admini-
1253 849 1459 883 dislaviensis
1486 850 1579 893 (cum
1612 850 1760 891 litteras,
1795 860 1861 883 non
1895 849 1990 882 dissi-

468 900 614 933 stratoris
630 928 637 941 ,
661 901 729 944 qui,
757 901 899 942 officiali,
927 912 1021 945 quem
1046 901 1209 944 praefatus
1229 893 1231 903 '
1252 902 1345 935 miles
1378 903 1424 936 eis
1455 913 1536 946 quae
1568 903 1606 937 ad
1639 903 1815 947 capitulum
1841 908 1874 936 et
1897 913 1993 936 cano-

467 952 645 986 Stanislaus
670 954 937 998 archiepiscopus
954 982 961 995 ‚
995 959 1030 987 ut
1064 954 1210 998 praefer·
1228 963 1231 1003 j
1252 955 1342 989 nicos
1371 956 1577 989 Gnesnenses
1593 984 1600 997 ,
1632 956 1715 989 sicut
1748 956 1989 1000 praemittitur,

468 1011 519 1038 tur
535 1032 542 1046 ‚
568 1006 804 1047 constituerat,
832 1013 962 1047 amoto,
988 1007 1136 1049 regimen
1162 1006 1210 1039 di·
1253 1009 1461 1042 transmissae
1496 1010 1625 1042 fuerant
1646 1036 1653 1049 ‚
1692 1010 1759 1042 imo
1794 1009 1905 1042 eadem
1938 1009 1990 1042 die

466 1063 534 1092 ctae
558 1059 828 1103 metropolitanae
855 1059 1010 1093 ecclesiae
1042 1059 1208 1092 Gnesnen-
1250 1071 1328 1095 xxm
1353 1062 1546 1105 septembris
1575 1063 1725 1105 proxIme
1744 1061 1910 1106 praeteriti
1937 1071 1992 1095 eo·

465 1113 508 1145 sis
549 1123 675 1147 necnon
717 1124 829 1147 curam
873 1119 905 1147 et
945 1113 1204 1146 administratio·
1252 1114 1393 1158 demque
1432 1114 1567 1147 nomine
1600 1115 1663 1148 sibi
1701 1114 1900 1157 conscriptas
1919 1141 1927 1153 ‚
1960 1119 1991 1146 et

464 1176 538 1199 nem
564 1167 728 1200 bonorum
755 1168 842 1201 illius
875 1178 1007 1201 mensae
1046 1168 1208 1211 archiepi-
1227 1171 1229 1186 s
1250 1178 1310 1211 per
1336 1168 1449 1201 eadem
1467 1167 1534 1200 sere
1551 1167 1650 1201 verba
1675 1172 1820 1201 exaratas
1851 1167 1991 1210 recepis-

464 1220 605 1263 scopalis
626 1221 814 1265 susciperet,
833 1232 952 1264 urgere
973 1221 1100 1265 coepit·,
1120 1231 1208 1254 com·
1250 1226 1331 1260 sent,
1357 1221 1390 1253 in
1417 1221 1534 1264 quibus
1559 1221 1696 1261 scilicet,
1724 1221 1804 1254 falso
1829 1230 1933 1265 aeque
1954 1230 1990 1253 ac

463 1273 618 1307 minando
644 1275 861 1308 renuentibus
887 1274 1109 1308 omnimodam
1128 1273 1206 1307 eius·
1226 1261 1228 1286 ε
1250 1279 1373 1307 temere
1409 1274 1662 1318 praesupposito
1698 1274 1787 1317 quod
1817 1274 1904 1318 dicta
1936 1283 1988 1306 ec-

464 1325 537 1360 dem
567 1327 838 1371 metropolitanae
875 1327 1033 1360 ecclesiae
1072 1327 1202 1361 desola-
1249 1327 1348 1360 clesia
1380 1326 1641 1360 Vladislaviensis
1677 1331 1827 1367 vacaret,
1865 1326 1986 1360 tructus

463 1379 586 1413 tionem
632 1380 843 1424 omniumque
888 1380 975 1413 illius
1018 1390 1205 1414 mensarum
1249 1385 1282 1412 et
1305 1384 1479 1423 proventus
1505 1380 1593 1413 illius
1629 1390 1760 1413 mensae
1793 1379 1988 1423 episcopalis

463 1432 755 1478 archiepiscopalis
782 1439 812 1467 et
838 1434 1026 1477 capitularis
1042 1434 1203 1468 bonorum
1249 1437 1311 1466 tam
1336 1432 1505 1476 praeteriti
1525 1443 1621 1476 quam
1640 1432 1737 1472 futuri
1765 1443 1825 1476 per
1846 1432 1988 1476 aliquem

463 1486 738 1526 devastationem,
766 1487 894 1530 aliaque
921 1487 1041 1520 similia
1074 1487 1201 1530 gravis·
1224 1500 1226 1528 3
1248 1496 1264 1518 e
1289 1485 1336 1518 sui
1363 1485 1488 1528 gremio
1525 1485 1715 1528 eligendum
1746 1485 1988 1531 administra-to-

461 1539 542 1572 sima
567 1540 684 1574 damna
708 1541 740 1573 in
774 1542 919 1585 ipsorum
956 1541 1137 1585 perniciem
1173 1546 1204 1574 et
1224 1559 1225 1563 =
1247 1549 1316 1572 rem
1354 1539 1556 1583 colligendi,
1580 1539 1729 1572 similiter
1760 1539 1854 1573 titulo
1884 1539 1986 1572 mutui

461 1593 661 1627 evertionem
685 1594 866 1627 inserenda.
890 1594 994 1628 Porro
1026 1595 1202 1638 capitulum
1245 1603 1306 1636 per
1330 1592 1566 1636 rempublicam
1582 1592 1688 1625 tuturo
1709 1592 1865 1636 episcopo
1882 1602 1988 1625 resar-

461 1651 492 1679 et
517 1647 668 1679 canonici
694 1647 894 1691 supradicti,
921 1648 1082 1681 eiusmodi
1107 1647 1203 1680 minIs
1247 1646 1363 1687 ciendi,
1390 1646 1497 1679 eidem
1522 1647 1690 1690 capitaneo
1707 1646 1933 1679 commissario
1952 1652 1986 1678 ut

460 1700 612 1742 perculsi,
627 1699 679 1733 die
704 1710 741 1733 111
768 1700 911 1733 octobris
938 1700 1086 1743 proxime
1112 1710 1202 1744 prae·
1245 1700 1427 1742 praefertur
1468 1701 1662 1739 nominato,
1695 1709 1756 1742 pro
1788 1699 1987 1732 auctoranda

459 1752 564 1792 teriti,
591 1753 668 1786 lieet
693 1753 749 1786 illa
773 1764 838 1786 non
865 1759 952 1786 esset
978 1753 1046 1786 dies
1078 1754 1202 1796 capitu-
1221 1761 1224 1798 ζ
1246 1753 1439 1796 quantocius
1479 1753 1603 1796 patriae
1643 1752 1759 1785 militia
1799 1752 1985 1795 consignari

459 1804 546 1845 laris,
561 1806 752 1845 secluso,ut
769 1811 989 1846 asseruerunt,
1009 1811 1200 1849 contemptu
1221 1847 1223 1851 ι
1245 1805 1548 1846 demandabantur3
1577 1811 1609 1839 et
1643 1816 1716 1838 cum
1751 1805 1891 1838 subinde
1923 1805 1984 1848 ipsi

459 1858 607 1899 clavium,
634 1870 670 1892 ac
695 1860 858 1892 declarata
881 1859 990 1892 verbis
1014 1870 1091 1902 erga
1117 1860 1201 1892 hanc
1221 1859 1223 1906 J
1244 1859 1388 1901 gravium
1408 1859 1570 1892 malorum
1589 1858 1895 1891 comminationibus
1912 1867 1984 1900 per-

458 1910 606 1945 Sanctam
629 1912 746 1946 Sedem
771 1912 959 1946 obedientia
991 1913 1069 1952 illa,
1104 1923 1200 1956 quam
1221 1907 1222 1913 ¹
1246 1911 1349 1944 territi
1375 1912 1535 1951 fuissent,
1561 1911 1621 1944 nisi
1647 1911 1687 1944 ad
1712 1910 1983 1944 administratoris

458 1964 565 2007 reipsa
595 1965 781 2008 negabant,
814 1965 1034 1998 venerabilem
1068 1965 1199 1998 fratrem
1220 1955 1222 1973 ³
1244 1964 1431 2017 huiusmodi
1457 1964 1651 1997 electionem
1684 1957 1927 2006 devenissent),
1950 1968 1984 1995 ut

458 2017 612 2051 loannem
634 2018 807 2051 Dluzeuski
825 2019 1017 2062 episcopum
1035 2018 1200 2051 Gratiano·
1220 1999 1222 2035 ¹
1242 2011 1366 2050 ma‘iora
1395 2017 1547 2050 scandala
1580 2021 1613 2050 et
1644 2016 1822 2050 infortunia
1857 2017 1922 2050 imo
1953 2021 1984 2048 et

459 2071 639 2114 politanum
665 2072 906 2116 suffraganeum
943 2072 1173 2106 Chelmensem
1192 2098 1199 2111 ,
1220 2057 1222 2122 ξ
1243 2072 1403 2105 bonorum
1427 2070 1573 2104 omnium
1610 2071 1765 2103 iacturam
1799 2070 1983 2109 evitarent,

459 2133 495 2156 ac
520 2123 622 2158 dictae
646 2126 920 2169 metropolitanae
947 2125 1102 2158 ecclesiae
1121 2124 1199 2157 Gne-
1220 2129 1221 2151 l
1244 2124 1396 2157 dilectum
1435 2123 1538 2156 fllium
1578 2123 1787 2156 Adalbertum
1824 2122 1982 2165 Ignatium

458 2177 586 2209 snensis
611 2178 799 2219 custodem,
826 2179 859 2210 in
884 2179 972 2211 illius
998 2177 1199 2210 administra·
1219 2219 1221 2222 .
1242 2177 1432 2216 Bardzinki,
1458 2177 1510 2220 qui
1536 2176 1628 2219 prius
1654 2175 1800 2209 eiusdem
1825 2176 1981 2210 ecclesiae

458 2234 563 2262 torem
588 2232 775 2272 generalem
795 2258 802 2271 ,
828 2241 894 2264 non
921 2237 1028 2264 tamen
1055 2231 1123 2264 sine
1145 2231 1199 2263 ali-
1243 2229 1503 2264 Vladislaviensis
1528 2229 1674 2262 officialis
1701 2239 1718 2260 a
1737 2228 1883 2272 praefato
1903 2228 1981 2262 Con-

458 2291 596 2325 quorum
623 2283 773 2316 dissensu
795 2311 802 2324 ,
830 2285 1023 2326 elegerunt,
1064 2294 1100 2316 ac
1135 2284 1197 2326 ipsi
1218 2304 1220 2340 Ι
1241 2284 1382 2317 stantino
1408 2283 1561 2326 episcopo
1597 2283 1769 2325 deputatus
1807 2282 1922 2323 suerat,
1948 2282 1981 2315 in

457 2336 638 2378 plenariam
663 2336 921 2369 iurisdictionem
947 2336 1199 2369 administratio·
1218 2370 1220 2382 k
1242 2337 1538 2369 administratorem
1570 2334 1776 2375 huiusmodi,
1803 2335 1982 2376 itaut,‚ti-

458 2387 576 2421 nibus¹
600 2388 787 2422 huiusmodi
809 2389 847 2422 de
873 2390 941 2421 iure
968 2395 1000 2421 et
1024 2394 1198 2422 consuetu·
1218 2388 1219 2409 ¹
1242 2390 1310 2422 tulo
1335 2388 1484 2422 officialis
1507 2387 1540 2420 in
1575 2388 1672 2420 alium
1709 2388 1979 2422 administratoris

459 2441 534 2474 dine
559 2446 799 2485 competentem
826 2448 889 2475 tam
914 2442 946 2474 in
975 2441 1198 2485 spiritualibus
1217 2415 1220 2483 i
1241 2446 1449 2481 commutato,
1464 2440 1635 2483 ceteroqui
1653 2450 1753 2483 penes
1770 2441 1875 2485 ipsum
1892 2452 1979 2480 cura,

458 2505 553 2538 quarn
585 2495 822 2538 temporalibus
857 2501 1114 2535 concesserunt,
1151 2501 1198 2528 to·
1241 2495 1390 2537 regimen
1433 2499 1465 2526 et
1501 2493 1696 2536 gubernium
1733 2493 1836 2527 dictae
1874 2495 1980 2527 eccle-

459 2552 592 2592 tumque
610 2548 639 2581 ei
653 2548 801 2592 regimen
819 2548 1035 2582 tradiderunt.
1052 2548 1196 2581 Subinde
1241 2547 1306 2580 siae
1332 2546 1614 2586 Yladislaviensis,
1640 2551 1675 2578 ut
1698 2547 1803 2590 prius,
1830 2556 1978 2580 remane-

497 2612 507 2638 t
530 2607 632 2637 Forsan
651 2610 938 2640 administratoribus
957 2610 995 2646 (a.
1016 2611 1066 2643 τ.).
1241 2606 1313 2634 rent
1332 2627 1339 2641 ,
1364 2600 1486 2644 eligere
1513 2600 1614 2633 coacti
1641 2600 1783 2634 fuerunt.

2263 2177 2269 2202 i

2263 2207 2269 2228 l

2263 2233 2269 2253 t
