2269 3203
131 195 181 224 An.
205 196 235 222 (Σ.
261 195 327 222 1709

139 1205 261 1226 fluctuatio
270 1205 314 1225 nul-

129 1233 194 1253 litatis
231 1232 313 1258 praedi·
328 1252 332 1256 ,

128 1261 209 1279 ctutum
223 1264 313 1279 emnium

129 1291 175 1305 cuni
192 1285 313 1306 eorumdem

128 1312 265 1332 revocatione
294 1313 315 1331 et

129 1338 228 1358 tii-:nitate
241 1344 314 1358 censu-

129 1370 199 1385 rarum
223 1367 243 1384 et
265 1370 314 1391 peie-

128 1397 210 1412 uarum.

327 248 358 276 et
376 243 562 288 episcopos,
580 243 766 287 quominus,
783 247 893 275 contra
907 251 987 284 quos
1004 252 1073 284 pro-

326 302 401 341 pter
433 298 617 332 huiusmodi
650 296 792 330 edietum
827 294 1069 338 procedendum

328 362 395 385 csse
414 350 652 393 cognovissent,
670 349 841 393 pastoralis
860 348 907 382 sni
926 348 1070 380 muueris

327 410 437 447 partes
470 404 612 437 libenter
639 407 891 445 exequerentur,
918 401 1071 444 queniad-

327 457 462 490 modum
489 466 639 499 expresse
666 455 729 488 illis
747 460 779 488 et
803 454 920 487 iterato
940 454 1070 486 manda—

328 520 500 550 veramus,
524 509 642 542 iustum
671 507 802 540 interim
830 518 865 540 ae
888 506 1070 539 misericor-

327 564 399 596 dem
427 562 596 596 Domintun
624 560 791 594 humiliter
816 560 1069 598 benedicentes,

325 617 410 659 quod
430 616 587 659 plurimos
608 626 644 648 ex
664 613 920 657 archiepiscopis
946 620 972 645 et
1001 614 1069 655 epi-

325 669 432 712 scopis
467 667 662 711 supradictis
700 677 844 710 superno
870 665 1069 698 christianae

326 721 524 755 fortitudinis
551 720 668 763 spiritu
696 721 777 752 adeo
805 719 1003 755 roborasset,
1022 723 1068 758 ut,

325 773 512 818 propositas
538 773 599 806 sihi
628 773 730 806 minas
757 773 943 805 nullatenus
969 771 1068 813 pcrti-

325 832 517 866 mescentes,
543 825 738 860 sacrificium
771 824 912 857 iustitiae
937 834 997 867 pro
1023 824 1069 856 os-

324 878 388 912 sicii
406 878 455 911 sui
475 878 584 912 debito
606 878 787 911 sacrificare
806 876 911 920 parati
938 881 1067 915 essent,

326 942 466 975 eumque
494 931 628 974 insuper
653 929 786 963 assiduo
820 935 1004 967 exorantes,
1035 934 1070 960 ut

326 990 388 1016 tam
415 984 509 1017 nobis
535 995 631 1027 quam
660 983 723 1016 illis
754 981 884 1015 caelesti
919 982 974 1013 sua
1005 991 1068 1024 ope

325 1037 505 1070 clementer
530 1036 679 1076 adesset,
708 1034 891 1068 errantibus
917 1043 990 1066 vero
1005 1059 1012 1071 ,
1034 1038 1069 1064 ut

326 1090 357 1123 in
377 1090 458 1122 riam
477 1094 611 1133 possent
629 1088 736 1122 redire
756 1088 907 1127 iustitiae,
925 1086 1068 1119 veritatis

326 1154 402 1177 suae
420 1144 528 1176 lumen
547 1143 721 1176 ostendere
739 1152 803 1174 non
822 1141 1068 1182 dedignaretur.

370 1198 384 1240 ἓ
409 1197 441 1230 4.
469 1197 546 1230 Cum
572 1201 690 1235 autem,
717 1196 798 1228 sieut
835 1195 928 1227 nobis
965 1205 1070 1237 nuper

326 1250 478 1290 innotuit,
509 1251 548 1283 ab
576 1250 689 1283 eadem
715 1249 872 1282 saeculari
900 1254 1067 1291 potestate,

326 1304 414 1337 cuius
440 1303 573 1337 nomine
599 1303 775 1347 praemissa
803 1308 916 1335 contra
944 1303 1012 1334 iura
1039 1308 1070 1334 et

325 1356 469 1390 rationes
502 1355 713 1389 ecelesiastici
743 1355 886 1395 Ordinis,
913 1360 947 1386 ut
976 1366 1070 1398 prae-

325 1410 437 1450 fertur,
463 1414 554 1453 gesta
580 1410 718 1449 suerunt,
753 1409 827 1442 talia
854 1409 984 1441 tandem
1010 1419 1068 1451 pro

324 1462 456 1496 illorum
486 1467 583 1505 atque
605 1461 681 1495 inde
707 1466 893 1495 secutorum
919 1472 1069 1505 quorum-

325 1526 463 1559 cumque
488 1515 708 1554 revocatione,
736 1514 928 1548 rescissione
956 1526 990 1547 ac
1018 1525 1068 1547 re-

326 1568 517 1601 tractatione
539 1568 690 1601 mandata
708 1568 900 1611 prodierint,
921 1572 955 1600 ut.
972 1568 1069 1601 meri-

327 1625 358 1653 to
375 1629 507 1663 sperare
525 1619 697 1662 possimus,
716 1619 803 1652 unde
822 1619 915 1652 nobis
934 1621 1047 1652 oborta
1063 1620 1070 1636 ¹

325 1674 384 1706 suit
397 1673 479 1706 iusta
498 1683 534 1706 ac
552 1673 705 1706 diuturna
720 1673 944 1706 amaritudinis
963 1684 1067 1713 eausa,

324 1727 413 1761 brevi
451 1726 588 1760 dandam
620 1737 691 1759 esse
723 1726 864 1769 amplam
901 1727 1068 1760 materiem

325 1779 443 1823 gratias
481 1779 597 1822 agendi
631 1779 932 1812 misericordiarum
958 1779 1067 1819 Patri,

325 1832 413 1877 quod
446 1832 570 1875 antiqui
599 1832 700 1865 hostis
733 1838 867 1864 conatus
904 1832 1069 1865 deteriora

325 1885 461 1918 consilia
487 1885 651 1918 mentibus
678 1885 848 1917 hominum
877 1885 1068 1918 insinuantis

325 1937 452 1972 irritos⁹
467 1938 589 1978 fecerit,
607 1938 829 1982 inclytumque
845 1937 923 1970 illud
940 1948 1067 1978 nomen,

325 1992 359 2025 in
377 2002 441 2035 quo
458 1996 567 2024 saneta
582 1991 636 2024 Dei
658 1990 800 2024 Ecclesia
820 1991 954 2023 tutelam
972 1996 1067 2034 atque

325 2045 473 2085 salutem,
495 2054 622 2077 necnon
651 2043 790 2076 validum
819 2044 904 2076 inter
924 2044 1068 2087 pericula

326 2098 524 2142 praesidium
542 2097 638 2131 toties
657 2103 703 2131 est
721 2103 824 2139 nacta,
843 2108 860 2130 a
884 2098 985 2130 veteri
1012 2100 1068 2130 sna

326 2162 363 2185 ae
388 2152 555 2195 praeclara
580 2152 676 2185 laude
703 2151 875 2184 deflectere
903 2162 968 2184 non
995 2162 1069 2195 per-

325 2206 469 2239 miserit:
494 2205 570 2238 hine
595 2211 643 2238 est
668 2205 757 2248 quod
777 2215 850 2245 nos,
870 2205 924 2248 qui
951 2205 1067 2237 iuriam

326 2259 623 2293 ecelesiasticorum
657 2263 835 2291 assertores
868 2258 899 2290 in
933 2259 1027 2291 terris
1052 2268 1069 2290 a

326 2312 464 2345 Domino
500 2311 669 2344 constituti
701 2321 822 2351 sumus,
847 2311 1007 2354 sirmilque
1034 2321 1068 2344 o-

326 2364 448 2397 mnium
470 2363 733 2397 christifidelium
759 2374 868 2396 euram
895 2369 927 2396 et
950 2364 1070 2396 sollici-

329 2416 471 2448 tudinem
491 2417 649 2458 gerimus,
674 2415 836 2449 Ecclesiae
863 2416 1068 2449 indemnitati

329 2469 427 2510 (ultra
453 2469 480 2500 ei
515 2468 796 2511 praeimlieialium
825 2469 1069 2512 praedit-torum

366 2540 376 2565 1
400 2537 471 2564 Edit.
492 2538 576 2565 Main.
597 2539 662 2574 legit
681 2539 784 2567 aborta
804 2540 842 2575 (a.
865 2542 913 2570 Τ.)-

364 2583 380 2610 2
401 2581 472 2610 Edit.
492 2582 574 2609 Maia.
596 2582 662 2617 legit
683 2584 785 2612 irritas
804 2585 842 2618 (a.
859 2585 909 2614 τ.).

435 2637 515 2667 Bull.
532 2637 613 2669 Rom.
630 2652 665 2659 —·
683 2639 744 2667 Vol.
760 2638 836 2666 XXI.
982 2639 1015 2667 46

957 194 1096 217 tjlAEllliNi*
1124 194 1152 216 xl
1179 195 1225 218 1¹1¹.

1750 184 1809 218 361

1116 241 1356 274 revocationem
1383 252 1417 273 ae
1443 242 1716 279 retractationem,
1744 243 1854 275 eadem

1115 294 1317 332 aiu-tortian,
1337 305 1399 336 qua
1426 294 1481 327 illa
1503 300 1632 337 peracta
1660 296 1797 335 fuerant,
1817 296 1856 328 si-

1115 352 1164 379 cut
1200 346 1433 389 limeiniitimr,
1464 347 1656 389 facienti-ain)
1686 349 1854 390 apostolici

1115 399 1210 432 etiam
1238 399 1346 431 iudicii
1367 400 1469 432 nostri
1489 399 1672 433 accessione
1697 400 1856 433 efficacius

1114 463 1149 484 ac
1170 453 1299 484 uberius
1319 453 1500 492 consulere,
1518 463 1553 485 ac
1571 453 1649 485 alias
1675 453 1855 486 animartmi

1114 506 1219 545 saluti,
1235 511 1390 548 quantum
1411 505 1504 538 nohis
1523 517 1558 537 cx
1579 506 1643 538 alto
1658 506 1857 545 conceditur,

1115 559 1301 602 prospicere
1339 558 1520 602 cupientes,
1554 570 1680 592 necnon
1714 560 1855 592 omnium

1115 616 1146 644 et
1171 611 1309 653 singulm
1322 622 1387 649 um,
1415 622 1495 654 quae
1522 611 1553 643 iii
1580 612 1767 655 praemissis
1800 623 1855 645 scu

1114 664 1243 697 illorum
1270 663 1441 697 occasione
1468 664 1579 707 quovis
1612 665 1706 698 modo
1734 670 1801 697 acta
1826 671 1855 698 et

1114 724 1204 761 gesta
1230 718 1374 757 suerunt,
1395 718 1523 754 seriem,
1541 729 1653 750 causas
1679 723 1710 751 et
1728 718 1856 751 circum-

1114 770 1259 809 stantias,
1277 770 1372 803 etiam
1393 775 1618 813 aggravantes,
1638 771 1738 803 aliave
1761 782 1856 813 quae-

1113 834 1249 866 cumque
1276 823 1372 856 etiam
1399 823 1582 866 specificam
1610 829 1641 855 et
1659 823 1856 856 individuam

1113 875 1313 908 mentionem
1332 881 1363 908 et
1382 874 1625 918 expressionem
1645 875 1854 919 requirentia,

1114 928 1341 971 praesentibus
1373 939 1433 971 pro
1473 929 1570 971 plene
1604 933 1635 961 et
1660 928 1858 962 sufficienter

1114 980 1279 1024 expressis
1296 986 1327 1013 ct
1344 985 1456 1013 exacte
1474 980 1668 1024 specificans
1684 980 1854 1021 hahentes,

1114 1039 1201 1067 motu
1228 1033 1376 1077 proprio,
1404 1043 1440 1066 ac
1477 1044 1513 1065 ex
1541 1035 1627 1066 certa
1664 1033 1800 1067 seientia
1826 1039 1857 1066 et

1114 1088 1239 1119 matura
1258 1086 1494 1119 deliberatione
1513 1087 1643 1126 nostris
1660 1087 1764 1129 deque
1783 1097 1845 1129 apo

1114 1139 1247 1172 stolicae
1265 1139 1434 1182 potestatis
1452 1139 1667 1181 plenitudine,
1683 1139 1787 1172 edicta
1801 1150 1855 1172 seu

1114 1194 1266 1225 mandata
1291 1193 1476 1235 supradicta
1504 1193 1633 1236 aliaque
1658 1192 1853 1236 praeniissa,

1115 1258 1185 1280 eum
1205 1247 1357 1279 omnibus
1376 1251 1408 1279 ct
1433 1246 1571 1289 singulis
1597 1246 1628 1279 in
1656 1247 1701 1279 eis
1727 1257 1857 1279 eorum-

1114 1296 1177 1343 que
1203 1300 1351 1343 quolibet
1376 1299 1539 1332 contentis
1574 1310 1609 1332 ac
1636 1300 1711 1333 inde
1737 1300 1856 1333 secutis

1114 1358 1145 1385 et
1176 1352 1449 1395 quandoeumspie
1482 1352 1648 1392 secuturis,
1683 1352 1755 1395 ipso
1789 1352 1856 1385 iure

1114 1407 1211 1446 nulla,
1237 1405 1340 1445 irrita,
1361 1405 1512 1445 invalida,
1529 1405 1648 1445 inania,
1668 1405 1855 1448 viriliusque

1114 1465 1144 1493 et
1171 1459 1285 1492 etl'ectu
1310 1459 1439 1502 penitus
1466 1464 1493 1491 et
1522 1459 1655 1492 omnino
1684 1470 1785 1492 vacua
1818 1459 1856 1492 ab

1115 1513 1184 1556 ipso
1222 1512 1313 1545 initio
1346 1513 1442 1545 fnisse
1470 1518 1502 1545 et
1526 1523 1595 1545 esse
1634 1522 1670 1545 ac
1696 1517 1856 1556 perpetuo

1114 1567 1195 1605 sore,
1228 1566 1456 1608 neminemque
1482 1565 1521 1597 ad
1548 1565 1719 1598 cuiuslibet
1746 1575 1855 1598 eornm

1113 1620 1352 1652 observantiam
1374 1619 1486 1659 teneri,
1506 1619 1568 1652 inio
1588 1629 1647 1652 nec
1667 1630 1683 1651 a
1702 1619 1854 1662 quopiam

1113 1673 1280 1706 observari
1305 1673 1450 1716 potuisse
1477 1674 1526 1705 vel
1554 1672 1722 1712 debuisse,
1750 1684 1856 1716 neque

1112 1727 1211 1758 ullum
1232 1730 1348 1759 statum
1372 1726 1475 1758 faeere
1492 1726 1540 1757 vel
1558 1725 1681 1765 secisse,
1698 1725 1763 1767 sed,
1782 1736 1857 1769 per-

1114 1779 1187 1812 inde
1225 1790 1259 1811 ac
1296 1779 1321 1810 si
1361 1789 1535 1821 numquam
1568 1784 1774 1810 emanassent
1806 1778 1854 1810 vel

1116 1834 1194 1864 tacta
1221 1842 1285 1864 non
1312 1832 1459 1871 fuissent,
1487 1842 1545 1874 pro
1570 1842 1634 1863 non
1672 1830 1856 1863 extantibus

1114 1891 1143 1918 et
1170 1896 1233 1918 non
1269 1884 1357 1917 sactis
1383 1890 1541 1928 perpetuo
1576 1883 1686 1916 haberi
1715 1883 1855 1923 dehere,

1115 1945 1227 1972 tenore
1258 1938 1477 1981 praesentium
1505 1938 1720 1971 declaramus.
1747 1937 1785 1969 Et,
1810 1936 1857 1969 ni-

1114 1992 1291 2024 hilominus
1317 1991 1354 2023 ad
1382 1991 1654 2023 abundantiorem
1684 1990 1857 2030 cautelam,

1114 2051 1161 2085 et,
1179 2050 1337 2088 qnatenus
1365 2054 1446 2087 opus
1474 2043 1528 2083 sit,
1549 2044 1602 2076 illa
1621 2043 1728 2075 onmia
1744 2049 1775 2076 et
1793 2043 1857 2076 sin-

1113 2098 1199 2140 gula,
1228 2102 1337 2136 metu,
1370 2097 1527 2137 scientia,
1555 2096 1793 2129 deliberatione
1820 2107 1856 2129 ae

1113 2150 1281 2194 potestatis
1296 2149 1502 2193 plenitudine
1522 2150 1664 2193 paribus,
1680 2159 1854 2187 cassamus,

1114 2203 1275 2235 irritamus
1303 2208 1334 2235 et
1359 2203 1588 2240 annullamus,
1609 2201 1796 2245 viribusque
1823 2208 1854 2234 et

1113 2255 1227 2289 etl'ectu
1267 2256 1395 2299 penitus
1433 2261 1460 2287 et
1489 2255 1621 2287 omnino
1655 2265 1854 2287 vacuamus:

1113 2309 1211 2341 firmis
1240 2314 1344 2341 tamen
1376 2309 1620 2341 remanentibus
1653 2308 1798 2340 censuris
1826 2313 1857 2340 et

1113 2363 1229 2406 poenis
1247 2362 1478 2396 ecclesiasticis
1497 2361 1765 2404 quibuscumque,
1779 2370 1855 2402 quas

1113 2416 1133 2448 ii
1161 2426 1292 2454 omnes,
1318 2415 1372 2458 qui
1399 2414 1573 2457 praemissa
1599 2418 1852 2457 perpetrarunt,

1114 2470 1179 2501 sire
1207 2469 1285 2501 alias
1312 2469 1342 2500 in
1372 2468 1446 2506 illis,
1472 2473 1507 2498 ut
1532 2468 1725 2509 praefertur,
1744 2467 1856 2508 eulpa—

1114 2522 1194 2554 hiles
1221 2521 1360 2560 suerunt,
1379 2525 1513 2564 propter
1539 2519 1650 2552 eadem
1677 2517 1856 2561 praemissa

1113 2574 1342 2616 incurrerunt,
1369 2584 1385 2606 a
1419 2573 1537 2617 quibus
1562 2570 1692 2606 nonnisi
1718 2581 1735 2603 a
1759 2568 1856 2603 nobis

1862 193 1910 220 An.
1927 193 1955 220 C.
1984 191 2052 220 ¹709
