2269 3203
274 240 321 266 Αη.
339 238 367 265 C.
393 237 457 264 1712

332 458 458 478 Eva-utore-

270 486 410 511 deputantur.

502 228 567 262 473

469 298 530 330 que
556 291 587 320 et
611 286 707 319 inane
737 285 761 318 si
788 295 880 318 secus
906 294 1004 328 super
1028 283 1079 317 liis
1097 294 1112 315 a
1131 294 1207 327 quo-

469 350 564 382 quam
583 367 590 379 ,
618 339 729 382 quavis
756 337 965 377 auctoritate,
993 337 1133 370 scienter
1158 337 1206 368 vel

469 392 667 434 ignoranter,
693 391 868 433 contigerit
892 389 1054 422 attentari.
1172 382 1177 389 ’

514 445 528 488 ἓ
553 444 584 477 6.
612 443 765 482 Quocirca
791 442 1034 475 venerabilibus
1057 441 1208 474 fratribus

469 498 589 530 nostris
614 495 783 529 Portuensi
802 500 833 527 et
853 494 1062 527 Praenestino
1088 493 1209 536 episco-

468 550 532 593 pis,
560 559 646 582 nunc
671 554 701 582 et
726 559 784 591 pro
810 553 956 591 tempore
984 546 1207 586 existentibus,

469 613 528 646 per
541 603 673 635 easdem
692 606 881 645 praesentes
898 606 987 633 motu
1007 600 1102 632 simili
1124 610 1210 632 man-

470 657 591 694 damus,
618 660 776 699 quatenus
802 654 873 698 ipsi,
894 655 943 687 vel
963 654 1036 693 duo,
1056 659 1109 686 aut
1126 663 1207 685 unus

470 719 596 749 eorum,
615 718 676 752 per
693 718 735 748 se,
753 708 803 740 vel
822 707 930 748 alium,
950 717 1005 739 seu
1027 707 1118 747 alios,
1138 716 1209 738 eas-

471 762 542 794 dem
561 767 750 805 praesentes
769 766 799 793 et
815 761 847 793 in
869 761 914 793 eis
940 765 1091 793 contenta
1115 769 1210 803 quac-

471 825 620 858 cumque,
637 815 691 847 ubi
716 820 745 847 et
772 814 902 858 quando
927 824 1009 856 opus
1035 813 1146 853 suerit,
1173 823 1209 845 ac

470 867 598 911 quoties
617 878 675 911 pro
693 873 784 910 parte
804 866 1075 910 Congregationis
1093 877 1128 899 ac
1149 877 1208 909 pro

471 926 618 964 tempore
655 921 860 953 existentium
894 921 980 953 illius
1005 919 1211 963 presbytero-

471 985 541 1007 rum
560 985 685 1008 necnon
705 974 879 1007 cardinalis
899 983 983 1006 nunc
1002 979 1033 1006 et
1050 983 1111 1016 pro
1131 978 1210 1005 tem-

471 1038 549 1071 pore
583 1028 749 1061 existentis
778 1027 1041 1071 praedictorum,
1067 1036 1122 1058 seu
1157 1025 1211 1058 ali-

473 1081 564 1114 cuius
591 1091 715 1121 eorum,
743 1081 886 1123 desuper
905 1080 1023 1112 suerint
1048 1078 1207 1122 requisiti,

473 1134 665 1167 solemniter
690 1134 907 1177 publicantes,
925 1133 1039 1176 eisque
1065 1132 1096 1164 in
1122 1141 1210 1174 prae-

472 1187 577 1220 missis
598 1187 735 1220 esficacis
761 1186 959 1219 defensionis
986 1184 1150 1229 praesidio
1168 1194 1212 1217 as-

473 1241 635 1281 sistentes,
651 1240 767 1273 saciant
785 1239 978 1272 auctoritate
996 1239 1106 1271 nostra
1118 1247 1212 1281 prae-

473 1298 584 1326 sentes
609 1298 640 1326 et
665 1293 696 1325 in
722 1293 768 1325 eis
802 1297 956 1325 contenta
989 1300 1211 1335 quaecumque

473 1347 512 1378 ab
538 1346 711 1386 omnibus,
737 1346 775 1379 ad
813 1356 893 1389 quos
929 1349 1053 1388 spectat
1090 1348 1121 1376 et
1151 1353 1212 1386 pro

475 1405 621 1444 tempore
647 1400 818 1444 spectabit,
847 1398 1076 1432 inviolabiliter
1101 1398 1213 1430 obser-

473 1453 548 1494 vari,
576 1464 611 1486 ac
636 1454 797 1495 singulos,
823 1463 902 1497 quos
928 1452 996 1495 ipse
1021 1455 1212 1495 praesentes

476 1513 686 1547 concernunt,
714 1506 776 1539 illis
810 1505 944 1549 pacifice
979 1504 1036 1536 frui
1071 1509 1102 1536 et
1131 1513 1210 1546 gau-

475 1559 572 1600 dere;
594 1570 660 1592 non
679 1559 902 1603 permittentes
921 1558 1017 1601 ipsos,
1036 1557 1084 1590 vel
1100 1566 1212 1589 eorum

476 1613 680 1656 quempiam,
709 1613 847 1655 desuper
872 1611 1121 1655 quomodolibet
1146 1620 1214 1641 mo-

475 1666 609 1707 lestari3
636 1666 891 1699 contradictores
921 1664 1084 1708 quoslibet
1111 1668 1141 1695 et
1168 1672 1215 1698 re-

476 1720 578 1753 belles
602 1730 662 1763 per
689 1729 842 1751 censuras
861 1723 889 1750 et
916 1727 1037 1761 poenas
1062 1715 1215 1749 ecclesia-

477 1772 571 1805 sticas
597 1782 633 1805 ac
658 1772 753 1804 etiam
779 1770 991 1815 pecuniarias
1018 1770 1143 1813 aliaque
1163 1780 1216 1812 op-

476 1830 617 1869 portuna
640 1825 786 1857 remedia
811 1824 888 1857 iuris
910 1829 941 1857 et
967 1824 1053 1863 sacti,
1073 1823 1215 1866 appella-

478 1879 564 1912 tione
585 1878 775 1922 postposita,
795 1877 1050 1921 compescendo;
1076 1886 1215 1917 necnon,

477 1931 631 1974 legitimis
667 1941 765 1974 super
801 1932 851 1964 his
889 1930 1049 1963 habendis
1081 1929 1216 1962 servatis

477 1985 699 2029 processibus,
729 1995 883 2018 censuras
916 1990 947 2017 et
978 1993 1098 2027 poenas
1130 1982 1215 2026 ipsas

479 2041 574 2073 etiam
595 2039 718 2073 iteratis
741 2038 863 2071 vicibus
890 2037 1106 2080 aggravando,
1127 2036 1217 2069 invo-

480 2100 552 2127 cato
579 2087 672 2127 etiam
694 2093 732 2125 ad
759 2093 831 2133 hoc,
852 2092 878 2124 si
900 2101 983 2134 opus
1009 2090 1112 2130 suerit,
1133 2090 1217 2122 auxi-

355 2148 524 2180 ttorosnuolio
548 2147 673 2180 brachii
699 2145 884 2179 saecularis.
911 2144 980 2178 Non
1012 2143 1217 2176 obstantibus

286 2186 400 2204 contrartoi
408 2188 447 2202 uin.

480 2200 582 2241 Pauli,
601 2199 748 2242 Gregorii
768 2205 799 2232 et
818 2197 939 2231 Urbani
966 2197 1216 2240 praedictorum,

481 2263 608 2286 necnon
626 2252 715 2285 Pauli
732 2251 946 2294 ll,'quatenus
963 2260 1043 2293 opus
1064 2249 1111 2288 sit,
1131 2260 1219 2293 prae-

481 2307 688 2339 decessorum
715 2309 914 2344 nostrorum,
935 2304 973 2336 de
999 2303 1097 2336 rebus
1115 2302 1220 2335 Eccle-

482 2359 547 2392 siae
572 2369 636 2392 non
665 2357 854 2397 alienandis,
873 2357 1010 2399 aliisque
1035 2355 1220 2398 apostolicis

483 2411 769 2446 constitutionibus
796 2416 826 2443 et
847 2409 1123 2448 ordinationibus,
1148 2418 1222 2441 nec-

483 2473 548 2499 non
573 2467 683 2498 nostra
716 2470 747 2497 et
777 2463 996 2497 Cancellariae
1022 2462 1219 2505 apostolicae

483 2520 598 2562 regula
622 2519 660 2552 de
686 2518 757 2551 iure
784 2517 929 2561 quaesito
962 2526 1025 2550 non
1053 2514 1199 2548 tollendo

484 2581 612 2605 necnon
656 2570 809 2604 ecclesiae
848 2569 993 2603 eiusdem
1032 2569 1066 2601 B.
1106 2567 1220 2600 Mariae

486 2626 516 2658 in
540 2624 698 2659 Montibus
733 2634 768 2657 ac
800 2622 928 2664 collegii
955 2621 1220 2666 praedictorum,

1215 2541 1222 2554 ι.

1041 232 1219 261 nrtmnttur
1243 231 1398 258 ROMAN’UM

1251 282 1347 315 etiam
1372 282 1563 324 iuramento,
1589 279 1836 314 confirmatione
1861 283 1989 322 aposto-

1250 335 1321 374 lica,
1345 336 1394 369 vel
1421 334 1531 379 quavis
1556 333 1709 366 firmitate
1731 332 1792 366 alia
1817 331 1988 372 roboratis,

1251 389 1378 421 statutis
1416 393 1447 421 et
1477 386 1788 427 consuetudinibus,
1813 384 1989 429 privilegiis

1251 453 1401 486 quoque,
1427 442 1559 475 indultis
1593 447 1622 474 et
1648 440 1767 474 litteris
1793 438 1989 482 apostolicis,

1252 495 1315 528 illis
1333 506 1507 538 corumque
1530 494 1734 538 superiobus,
1752 492 1991 525 administrato—

1252 548 1359 589 ribus,
1386 549 1548 592 deputatis
1584 547 1720 591 aliisque
1751 545 1900 590 personis
1930 544 1989 577 sub

1252 602 1513 645 ‹piibuscumque
1546 601 1714 634 tenoribus
1749 605 1781 632 et
1813 597 1924 632 formis
1955 597 1988 629 in

1252 655 1449 688 contrarium
1475 655 1728 699 praemissorum
1749 650 1992 696 quomodolibet

1252 709 1426 749 concessis,
1452 707 1638 752 approbatis
1660 712 1691 740 et
1715 705 1895 746 innovatis;
1923 704 1993 749 qui-

1252 762 1312 795 bus
1331 762 1481 796 omnibus
1504 767 1536 795 et
1560 761 1708 804 singulis,
1727 759 1853 794 etiamsi
1872 759 1910 792 de
1929 758 1991 791 illis

1254 826 1429 859 eorumque
1452 815 1527 848 totis
1553 814 1721 848 tenoribus
1746 813 1905 858 specialis,
1925 822 1993 856 spe-

1253 867 1354 908 cifica,
1374 878 1526 911 expressa
1552 873 1585 900 et
1609 867 1785 907 individua,
1806 877 1843 899 ac
1864 866 1903 899 de
1925 875 1993 898 ver-

1253 922 1294 954 bo
1320 922 1358 954 ad
1378 921 1524 961 verbum,
1543 931 1606 954 non
1625 926 1730 953 autem
1754 931 1811 964 per
1835 918 1991 952 clausulas

1253 975 1422 1015 generales
1446 974 1529 1006 idem
1556 974 1779 1016 importanteS,
1797 972 1918 1005 mentio
1936 981 1993 1004 sen

1254 1026 1364 1069 quavis
1391 1027 1453 1060 alia
1480 1026 1648 1070 expressio
1675 1025 1838 1064 habenda,
1863 1030 1916 1057 aut
1941 1023 1995 1056 ali-

1254 1090 1316 1122 qua
1342 1079 1403 1112 alia
1430 1079 1589 1123 exquisita
1627 1079 1730 1111 forma
1763 1078 1801 1110 ad
1840 1077 1901 1110 hoc
1926 1086 1994 1109 ser-

1254 1133 1357 1166 vanda
1381 1138 1487 1172 esset,
1516 1133 1581 1165 illis
1614 1131 1692 1165 alias
1726 1131 1758 1163 in
1786 1141 1844 1164 suo
1874 1130 1993 1163 robore

1254 1186 1494 1229 permansuris,
1514 1186 1575 1218 bac
1593 1185 1661 1218 vice
1681 1185 1852 1223 dumtaxat,
1870 1183 1995 1227 specia-

1255 1239 1329 1271 liter
1354 1244 1386 1271 et
1418 1248 1596 1281 expresse,
1623 1248 1659 1270 ac
1691 1237 1847 1270 latissime
1873 1241 1903 1269 et
1926 1236 1996 1280 ple-

1256 1292 1398 1331 nissime,
1419 1297 1506 1324 motu
1527 1291 1594 1334 pari
1620 1291 1816 1333 derogamus
1834 1302 1841 1331 ;
1862 1289 1995 1323 ceteris-

1256 1356 1317 1388 que
1343 1345 1516 1378 contrariis
1544 1343 1815 1388 quibuscumque.

1301 1398 1314 1441 ἓ
1341 1397 1370 1430 7.
1397 1397 1481 1431 Nulli
1504 1408 1580 1440 ergo
1607 1396 1739 1430 omnino
1764 1395 1933 1429 bominum
1958 1394 1994 1428 li·
2031 1401 2118 1422 Sanctio
2138 1406 2190 1427 1²0⁰-

1994 230 2043 256 An.
2059 229 2086 256 C.
2111 230 2178 257 ¹712

1960 1447 1966 1453 ,
2005 1429 2067 1449 natis.

1257 1456 1328 1483 ceat
1353 1450 1436 1483 lianc
1450 1450 1601 1494 paginam
1619 1454 1752 1482 nostrae
1770 1448 1994 1488 absolufionm,

1257 1503 1528 1543 confirmationis,
1566 1501 1830 1546 approbationis,
1868 1500 1994 1534 roboris

1258 1556 1465 1597 adiectionis,
1492 1556 1677 1589 defectuum
1703 1555 1933 1599 suppletionis,
1960 1564 1996 1587 ac

1259 1620 1361 1642 novae
1387 1608 1609 1642 concessionis
1635 1613 1666 1641 et
1691 1607 1933 1649 assignationis,
1951 1607 1999 1641 in-

1259 1663 1360 1702 dulti,
1387 1662 1634 1702 declarationis,
1666 1660 1824 1701 mandati,
1852 1660 1995 1701 decreti,

1260 1715 1483 1758 derogationis
1521 1726 1555 1748 ac
1587 1715 1763 1748 voluntatis
1801 1714 1998 1756 infringere,

1258 1770 1306 1802 rel
1334 1769 1360 1802 ei
1384 1779 1462 1801 ausu
1485 1768 1662 1801 temerario
1681 1767 1863 1808 contraire;
1883 1767 1909 1799 si
1927 1766 1998 1810 quis

1259 1828 1367 1855 autem
1394 1823 1455 1855 boc
1481 1826 1643 1854 attentare
1663 1820 1929 1864 praesumpserit,
1948 1820 1996 1852 in-

1260 1875 1482 1918 dignationem
1519 1873 1751 1917 omnipotentis
1786 1873 1841 1906 Dei
1869 1878 1900 1905 et
1923 1872 1999 1905 bea-

1262 1936 1366 1963 torum
1393 1930 1477 1962 Petri
1505 1934 1535 1962 et
1558 1928 1649 1961 Pauli
1675 1927 1906 1971 Apostolorum
1932 1925 1999 1959 eius

1261 1993 1293 2016 se
1319 1982 1445 2016 noverit
1470 1983 1686 2015 incursurtun.

1304 2036 1417 2069 Datum
1443 2036 1572 2076 Romae,
1588 2035 1672 2078 apud
1699 2034 1730 2067 S.
1757 2034 1897 2073 Petrum,
1914 2042 1999 2066 anno

1261 2090 1495 2123 lncarnationis
1521 2088 1710 2122 Dominicae
1735 2097 1879 2127 iunccxu,
1897 2094 1926 2119 iv
1946 2095 2001 2118 no-

1261 2154 1317 2177 nas
1333 2143 1480 2184 ianuarii,
1494 2141 1702 2187 pontificatus
1723 2140 1824 2174 nostri
1846 2149 1931 2173 anno
1943 2149 1997 2172 ΧΠ.

1298 2205 1352 2232 Dat.
1375 2204 1417 2231 die
1438 2204 1452 2233 2
1473 2204 1587 2232 ianuarii
1610 2202 1686 2237 1712,
1704 2201 1799 2238 pontis.
1816 2209 1884 2228 anno
1901 2206 1947 2226 xu.

1568 2406 1693 2440 CLXIV.

1267 2512 1458 2548 Conceditur
1482 2512 1623 2545 extensio
1653 2511 1784 2545 numeri
1808 2510 2004 2544 duodenarii

1308 2567 1545 2609 maqistrorum
1586 2564 1629 2597 ad
1667 2563 1907 2598 octodenarium
1943 2573 2004 2607 pro

1307 2619 1480 2663 provincis?
1512 2618 1653 2651 Limam}
1688 2617 1823 2651 Ordinis
1849 2618 2004 2651 eremita-
