2269 3203
80 216 128 243 An.
145 214 173 241 c.
197 212 266 241 ¹719
916 210 1060 234 CLEMENS
1086 210 1117 234 xi
1142 210 1190 234 1¹1³.
1699 201 1757 234 821

272 262 304 295 iu
322 260 556 295 visitationibus
574 260 682 294 debita
701 259 888 294 obedientia
911 270 928 292 a
944 270 1011 292 me-

272 315 405 348 moratis
431 314 593 357 religiosis
622 313 707 356 exigi
736 317 897 356 nequeat3
919 322 1012 355 prae-

271 374 359 401 tcrea
380 367 672 400 conventualitates
691 372 868 410 perpetuae
886 365 918 398 in
937 375 1014 398 con-

271 422 422 455 ventibus
467 428 499 454 ct
539 421 689 454 licentiae
733 419 875 462 degendi
923 424 1013 451 extra

270 476 413 508 claustra
445 475 693 515 conceduntur,
727 484 864 516 quarum
901 472 1012 515 rigore

271 529 500 572 superioribus
526 527 730 570 regularibus
748 527 807 560 sub
830 537 1014 560 excommu-

271 581 445 614 nicationis
470 583 576 624 poena
607 580 787 620 inhibetur,
814 590 854 612 ne
889 590 905 612 a
938 589 1015 612 con-

273 635 421 668 ventibus
447 633 593 677 religiosi
620 633 740 666 ibidem
759 632 913 675 assignati
932 643 1016 665 anio-

273 694 411 721 veantur
437 687 529 721 etad
559 688 697 720 claustra
734 685 944 728 redigantur,
979 696 1015 718 ac

275 742 404 774 demum
436 740 596 774 eiusmodi
633 738 778 782 religiosi
815 738 939 772 indulta
972 738 1015 771 se-

274 794 368 827 rendi
393 799 502 827 votum
521 793 585 826 sive
605 791 793 835 suffragium
815 792 846 824 in
865 791 1015 835 capitulis

273 847 537 892 provincialibus,
561 846 686 880 etiamsi
704 845 764 889 ipsi
791 845 958 889 requisitis
976 844 1015 877 ad

274 901 306 934 id
331 911 389 944 per
421 899 673 934 constitutiones
704 898 861 932 Ordinuin
896 898 1016 930 liuius-

273 955 361 988 modi
387 954 583 988 auctoritate
609 952 788 996 apostolica
813 951 1016 986 confirmatas

274 1007 488 1051 praescriptis
524 1006 665 1051 praediti
700 1005 833 1038 minime
859 1005 934 1045 sint,
959 1005 1017 1038 im-

275 1062 483 1104 pertiuutur3
511 1071 546 1093 ex
587 1060 651 1093 hoc
683 1065 790 1092 autem
828 1058 1017 1101 gravissima

275 1113 542 1147 inconvenientia
568 1119 600 1145 et
624 1112 777 1145 scandala
804 1112 834 1143 in
861 1121 924 1144 non
953 1122 1018 1143 nio-

278 1166 384 1199 dicum
410 1165 570 1208 regularis
605 1165 831 1198 observantiae
858 1169 889 1197 et
923 1163 1019 1196 disci-

278 1220 388 1263 plinae
415 1219 645 1252 detrimentum
671 1218 880 1252 exoriantur:

84 1280 269 1303 Reisss‘a‘ivrm·
323 1274 338 1316 ξ
363 1273 395 1306 ⁶2.
423 1273 508 1312 Nos,
537 1272 740 1315 praemissis,
766 1276 924 1315 quantum
949 1281 1019 1303 cum

83 1307 172 1326 latorum
180 1304 268 1325 indultov

83 1325 415 1359 run·eumi=r·=¹=·-Domino
440 1335 622 1369 possumus,
650 1335 823 1358 occurrere
857 1325 1017 1363 volentes,

83 1360 163 1380 hutone
190 1363 267 1377 nuncio

81 1386 200 1413 2902101100
214 1384 368 1415 sammon,
395 1379 538 1422 proprio,
555 1383 586 1411 et
605 1389 639 1411 ex
659 1381 743 1411 certa
762 1377 898 1411 scientia
912 1382 942 1410 et
960 1388 1020 1409 ma·

81 1415 217 1441 imposterum
233 1412 268 1432 illa

82 1435 351 1465 nuneoncedends.tura
376 1432 615 1465 deliberatione
648 1431 785 1471 nostris,
813 1431 918 1474 deque
944 1441 1020 1473 apo-

278 1485 410 1519 stolicae
437 1485 604 1529 potestatis
630 1484 844 1528 plenitudine,
863 1483 972 1516 omnia
990 1489 1021 1516 et

279 1540 407 1582 singula
432 1550 467 1572 ac
493 1549 717 1582 quaecumque
744 1537 931 1571 huiusmodi
961 1537 1023 1580 pri-

282 1593 421 1635 vilegia,
448 1592 706 1635 praerogativas,
732 1591 955 1624 in‘imunitates
992 1596 1022 1623 et

280 1646 506 1689 exemptiones
533 1655 813 1688 quorumcumque
839 1644 1019 1683 Ordinum,

281 1699 574 1742 congregationum
594 1709 628 1731 ac
651 1698 871 1730 institutorum
894 1697 1023 1740 religio-

282 1753 326 1785 sis
362 1763 419 1795 per
455 1757 668 1785 memoratum
710 1751 742 1784 in
779 1752 870 1784 dictis
911 1751 1021 1794 regnis

281 1805 437 1838 nuncium
464 1816 501 1838 ex
532 1815 736 1847 quacumque
769 1806 861 1836 causa
895 1814 931 1836 ac
962 1804 1021 1836 sub

282 1858 543 1902 quibuscumque
576 1858 751 1890 verborum
778 1856 888 1890 formis
914 1862 946 1889 et
971 1867 1023 1889 ex-

280 1911 504 1955 pressionibus
529 1910 777 1954 quomodolibet
794 1920 958 1950 concessa,
978 1915 1022 1942 te-

281 1975 362 1998 nore
387 1965 611 2008 praesentium
636 1974 833 2003 revocamus,
857 1973 1022 1996 cassamus

281 2019 499 2059 annullamus,
526 2019 723 2061 abrogamus
741 2023 773 2051 et
792 2017 971 2057 abolemus,
991 2017 1025 2050 il-

281 2072 379 2115 iaque
402 2076 560 2111 revocata,
579 2077 713 2110 cassata,
727 2072 883 2113 abrogata
902 2075 933 2103 et
950 2071 1024 2104 abo-

282 2125 358 2166 lita,
395 2125 582 2167 viribusque
615 2130 646 2158 et
675 2124 791 2158 effectu
823 2133 923 2157 vacua
955 2124 1024 2158 sore

282 2177 473 2221 neminique
497 2178 658 2210 ullatenus
684 2176 854 2220 suffragari
880 2177 1026 2210 decerni-

283 2239 377 2270 mus;
415 2241 451 2263 ac
486 2230 592 2263 eidem
628 2230 749 2263 nuncio
786 2231 903 2262 harum
941 2231 1025 2264 serie

284 2282 506 2327 praecipimus
531 2288 567 2315 ut
591 2283 630 2316 de
648 2288 756 2316 cetero
773 2293 789 2315 a
814 2283 1025 2316 concessione

286 2336 440 2369 similium
464 2337 668 2370 indultorum
688 2336 823 2370 omnino
841 2336 1023 2376 abstineat3

286 2388 395 2431 sicque
420 2389 453 2421 in
479 2390 671 2432 praemissis
708 2400 767 2433 per
803 2400 1025 2433 quoscumque

286 2440 411 2474 iudices
447 2442 630 2476 ordinarios
663 2447 694 2475 et
723 2443 901 2485 delegatos,
929 2443 1025 2475 etiam

287 2504 460 2527 causarum
491 2495 604 2537 palatii
641 2495 813 2538 apostolici
850 2495 1024 2534 auditores,

287 2547 423 2579 iudicari
455 2552 485 2580 et
514 2547 642 2580 definiri
669 2549 803 2589 debere,
831 2559 867 2581 ac
897 2549 1025 2580 irritum

1058 270 1164 302 quam,
1201 258 1311 302 quavis
1345 258 1550 298 auctoritate,
1581 259 1723 292 scienter
1750 260 1799 292 vel

1058 311 1251 354 ignoranter
1276 311 1452 354 contigerit
1478 311 1643 344 attentari.

1102 366 1116 408 ἓ
1140 365 1172 398 3.
1203 364 1274 398 Non
1303 364 1506 397 obstantibus
1536 364 1736 408 praemissis,
1764 376 1801 398 ac

1058 418 1351 451 constitutionibus
1376 424 1407 451 et
1434 417 1696 451 ordinationibus
1725 428 1803 460 apo-

1058 471 1192 511 stolicis,
1218 481 1358 512 necnon,
1386 476 1544 514 quatenus
1570 481 1650 514 opus
1675 470 1728 511 sit,
1748 469 1803 503 Or-

1059 525 1189 564 dinum,
1207 525 1496 568 congregationum
1523 529 1555 557 et
1580 523 1802 556 institutorum

1060 578 1268 618 huiusmodi,
1295 578 1391 611 etiam
1417 577 1608 617 iuramento,
1633 577 1804 610 confirma-

1061 631 1149 664 tione
1170 632 1360 674 apostolica,
1381 633 1428 665 vel
1449 632 1562 675 quavis
1576 631 1724 664 firmitate
1741 631 1804 663 alia

1060 685 1240 725 roboratis,
1266 685 1394 717 statutis
1420 690 1451 718 et
1484 683 1801 723 consuetudinibus,

1060 737 1242 781 privilegiis
1269 748 1418 781 quoque,
1446 737 1582 771 indultis
1621 742 1653 770 et
1683 736 1803 770 litteris

1060 791 1259 834 apostolicis,
1271 791 1395 824 eisdem
1412 791 1582 833 religiosis,
1599 791 1656 823 sub
1672 790 1805 834 quibus-

1060 856 1197 888 cumque
1233 845 1406 878 verborum
1441 844 1631 884 tenoribus,
1659 855 1695 877 ac
1731 854 1803 876 cum

1061 897 1228 941 quibusvis
1269 897 1364 931 etiam
1399 897 1682 940 derogatoriarum
1710 897 1804 930 dero-

1061 950 1212 993 gatoriis,
1237 950 1373 994 aliisque
1399 950 1635 984 efficacioribus
1663 956 1694 982 ct
1719 950 1805 982 inso-

1061 1004 1126 1037 litis
1163 1004 1338 1044 clausulis,
1373 1014 1501 1037 necnon
1534 1003 1739 1036 irritantibus
1772 1008 1805 1035 et

1062 1058 1132 1090 aliis
1157 1057 1309 1097 decretis,
1328 1057 1358 1090 in
1380 1057 1580 1090 contrarium
1608 1056 1805 1100 praemisso-

1064 1121 1134 1143 rum
1150 1110 1401 1153 quomodolibet
1419 1110 1592 1149 concessis,
1607 1109 1806 1142 confirmatis

1063 1168 1094 1195 et
1119 1163 1298 1202 innovatis;
1326 1163 1445 1206 quibus
1471 1163 1623 1195 omnibus
1647 1167 1679 1195 et
1696 1162 1807 1204 singu-

1064 1216 1117 1256 lis,
1144 1216 1269 1248 etiamsi
1297 1216 1335 1249 de
1362 1216 1426 1248 illis
1445 1216 1612 1259 specialiS,
1639 1215 1804 1258 specifica.

1064 1280 1220 1313 expressa
1251 1275 1282 1302 et
1310 1268 1476 1302 individua
1505 1268 1627 1302 mentio
1656 1268 1807 1301 habenda

1065 1328 1164 1363 esset,
1191 1323 1323 1356 illorum
1348 1328 1476 1356 tenores
1500 1322 1730 1366 praesentibus
1747 1332 1806 1365 pro

1065 1378 1162 1420 plene
1196 1383 1228 1410 et
1268 1377 1468 1410 sufficienter
1504 1376 1668 1420 expressis
1701 1387 1737 1409 ac
1767 1376 1806 1409 de

1065 1432 1164 1464 verbo
1185 1431 1222 1463 ad
1250 1431 1387 1464 verbum
1413 1430 1546 1463 insertis
1573 1429 1744 1470 habentes,
1770 1429 1808 1462 il-

1065 1485 1103 1518 lis
1130 1485 1210 1518 alias
1237 1485 1268 1517 in
1288 1488 1347 1517 suo
1367 1485 1486 1517 robore
1507 1482 1744 1526 permansuris,
1767 1482 1807 1515 ad

1065 1538 1321 1581 praemissorum
1340 1536 1499 1577 effectum,
1523 1537 1583 1570 hac
1600 1537 1666 1569 vice
1685 1537 1808 1569 dumta-

1066 1597 1133 1632 xat,
1151 1591 1339 1635 specialiter
1363 1596 1395 1624 et
1419 1601 1572 1634 expresse
1596 1590 1806 1632 derogamus,

1066 1645 1250 1687 ceterisque
1267 1643 1439 1677 contrariis
1456 1643 1726 1687 quibuscumque.

1110 1698 1125 1740 ξ
1151 1697 1183 1730 4.
1211 1697 1365 1730 volumus
1393 1702 1500 1729 autem
1529 1702 1563 1728 ut
1584 1695 1806 1739 praesentium

1068 1750 1291 1793 transumptis,
1312 1750 1408 1782 etiam
1434 1749 1613 1792 impressis,
1632 1754 1695 1781 etc.
1712 1747 1732 1781 ¹.

1110 1803 1224 1836 Datum
1251 1803 1383 1841 Romae,
1414 1803 1501 1846 apud
1526 1802 1558 1835 S.
1587 1802 1718 1834 Mariam
1745 1801 1807 1835 Ma-

1066 1857 1181 1896 iorem,
1205 1856 1265 1889 sub
1296 1857 1418 1889 annulo
1444 1855 1629 1895 PiscatoriS,
1652 1855 1704 1888 die
1729 1865 1807 1888 xvlu

1066 1909 1263 1952 septembris
1286 1918 1439 1949 noccxnt,
1467 1907 1675 1952 pontificatus
1701 1908 1807 1940 nostri

1067 1973 1153 1996 anno
1179 1973 1244 1996 xxx.

1105 2025 1162 2051 Dat.
1177 2025 1220 2051 die
1233 2024 1264 2052 18
1276 2024 1443 2060 septembris
1458 2024 1536 2056 1719,
1553 2024 1649 2059 pontis.
1668 2032 1739 2051 anno
1751 2029 1806 2050 xix.

1371 2156 1507 2193 CCLXV.

1070 2230 1294 2273 Confirmatur
1325 2231 1513 2264 constitutio
1547 2230 1698 2273 Greyoriz'
1721 2228 1813 2263 XIII

1113 2283 1150 2316 de
1187 2284 1329 2316 transitu
1358 2288 1494 2327 patrum
1526 2283 1697 2317 Societalis
1737 2283 1811 2316 Iesu

1110 2342 1181 2380 post
1205 2337 1410 2370 emissionem
1434 2341 1581 2370 votorum
1606 2336 1648 2369 ad
1665 2336 1747 2368 alios
1765 2346 1811 2367 re-

1115 2390 1246 2434 liyiosos
1273 2388 1440 2424 07·d1'nes⁹.

1105 2480 1114 2504 1
1140 2478 1253 2513 Reliqua
1268 2482 1297 2505 ut
1316 2486 1377 2514 pag.
1400 2478 1451 2504 704
1471 2487 1488 2504 a
1510 2479 1546 2513 (R.
1567 2479 1617 2511 Τ.).

1103 2522 1119 2548 2
1140 2522 1261 2549 Laudata
1280 2522 1434 2549 constitutio
1459 2522 1530 2548 infra
1549 2522 1657 2554 citatur,
1678 2523 1706 2547 in
1722 2522 1808 2555 eaque

1069 2567 1186 2593 citantur
1206 2567 1344 2593 constitut.
1369 2566 1448 2593 Pauli
1467 2566 1500 2592 lll
1518 2565 1559 2592 ed.
1580 2571 1690 2599 iunxmx,
1711 2564 1755 2591 die
1777 2565 1808 2590 18

289 2605 320 2632 et
352 2600 448 2633 inane
488 2599 512 2632 si
554 2610 648 2634 secus
682 2612 779 2644 super
810 2601 861 2634 liis
894 2612 910 2634 a
946 2611 1026 2644 quo·
1069 2608 1198 2642 octobris,
1219 2608 1316 2643 pontif.
1337 2615 1385 2642 xv,
1407 2612 1432 2635 ei
1452 2609 1493 2635 Pii
1513 2608 1545 2635 lv
1566 2607 1609 2635 ed.
1635 2613 1743 2641 norm,
1767 2606 1810 2634 die

1810 211 1858 236 An.
1874 210 1902 237 C.
1929 211 1995 238 1719

1839 377 1996 398 Contrariorum

1813 403 1931 429 derogatio.

1858 1704 1920 1724 Feles
1948 1708 2002 1726 uan-

1816 1734 1954 1756 sumptorum,
