2269 3203
238 193 288 220 An.
309 193 337 221 c.
361 193 426 221 1718
473 184 537 218 8002

435 243 574 286 scriptis,
603 244 753 278 videlicet
777 244 810 277 in
831 245 996 278 Pasehatis
1022 245 1173 278 Resurre-

436 296 553 330 ctionis
578 302 610 330 et
634 298 844 331 Pentecostes
864 308 901 331 ae
922 298 1004 331 infra
1028 302 1173 331 octavam

435 350 507 383 sesti
545 350 598 383 SS.
626 351 779 394 Corporis
815 351 931 383 Christi
975 351 1172 391 don‘iinicis,

435 413 563 436 necnon
589 403 667 436 seria
689 414 706 436 v
731 403 862 436 maioris
885 404 1117 443 hebdomadae,
1140 414 1176 436 ac

435 456 628 497 Nativitatis‚
656 456 872 499 Epiphaniae,
898 467 934 489 ac
966 457 1175 489 Ascensionis

436 509 575 549 Domini,
600 520 730 542 necnon
769 509 1040 542 Annunciationis
1065 515 1095 542 et
1121 510 1177 542 As-

438 562 632 605 sumptionis
666 563 780 594 beatae
814 562 931 595 Mariae
965 562 1116 604 Virginis,
1142 573 1177 595 ac

437 615 585 647 Omnium
611 615 801 647 Sanctorum
820 620 850 647 et
867 614 898 647 S,
919 614 1068 658 Gregorii
1087 615 1177 648 sestis

438 668 571 707 diebus,
599 668 673 700 item
700 668 730 700 in
756 668 861 711 prima
887 669 1020 711 capella,
1046 678 1107 712 per
1131 668 1178 701 di-

437 726 523 754 ctum
561 731 712 763 magnum
751 721 939 764 magistrum
978 732 1034 754 seu
1061 732 1178 764 perpe-

439 781 530 807 tuum
557 775 856 808 administratorem
892 774 971 807 inibi
1002 775 1176 815 habenda,

437 834 469 862 et
493 829 524 862 in
564 829 706 862 eiusdem
733 828 864 862 Militiae
890 829 1048 870 comitiis,
1083 829 1179 861 mitra

437 883 581 926 pretiosa
616 883 764 916 similiter
800 884 854 924 uti,
892 893 1020 916 necnon
1057 884 1178 927 populo

441 941 490 969 ter
515 941 588 978 post
612 936 819 976 solemnium,
846 947 911 969 non
937 942 1046 970 autern
1072 938 1177 981 priva-

438 996 550 1030 tarum,
578 990 751 1022 missarum
778 990 1044 1030 celebrationem,
1066 1002 1103 1023 ae
1117 991 1179 1023 eis-

438 1044 510 1076 dem
552 1043 793 1085 pontificalibus
815 1043 1015 1076 indumentis
1037 1049 1069 1075 ut
1086 1055 1178 1086 prae-

438 1097 539 1129 fertur
564 1096 668 1129 induti
689 1096 853 1135 ecclesias,
870 1097 1021 1139 capellas,
1049 1097 1177 1140 aliaque

436 1159 527 1182 sacra
552 1149 699 1181 aedilicia
727 1154 788 1181 tam
815 1149 974 1182 hactenus
994 1155 1179 1182 constructa

437 1214 532 1246 quam
560 1203 598 1235 de
625 1208 733 1235 cetero
759 1203 977 1236 construenda
1002 1204 1107 1237 dictae
1128 1203 1200 1236 Mi-·

437 1256 527 1289 litiae
554 1256 718 1289 dumtaxat
742 1255 950 1297 benedicere,
982 1268 1085 1300 eaque
1112 1258 1178 1301 pol-

437 1311 503 1342 luta
541 1309 771 1349 reconciliare,
807 1320 842 1342 ac
874 1310 1009 1354 insuper
1044 1321 1103 1354 pro
1129 1322 1179 1344 ea-

437 1363 584 1396 rumdem
625 1363 837 1396 ecclesiarum
878 1368 1002 1396 tantum
1043 1375 1101 1397 usu
1147 1371 1178 1398 et

438 1416 568 1449 servitio
591 1422 781 1460 paramenta
796 1422 825 1449 et
843 1417 1060 1460 supellectilia
1077 1428 1177 1457 sacra,

438 1470 582 1513 exceptis
609 1476 718 1503 tamen
744 1470 781 1502 iis
807 1471 956 1503 omnibus
988 1470 1020 1502 in
1058 1471 1176 1514 quibus

438 1523 519 1556 sacri
546 1523 610 1556 olei
632 1524 681 1556 vcl
707 1524 893 1556 chrismatis
914 1524 1022 1557 unctio
1044 1524 1179 1557 adhibe-

441 1583 500 1617 tur,
527 1577 623 1610 etiam
656 1577 864 1617 benedicere,
897 1588 1025 1610 necnon
1052 1578 1178 1610 litteras

438 1630 533 1663 officii
562 1630 834 1663 poenitentiariae
860 1634 987 1664 nostrae
1027 1632 1179 1674 apostoli-

438 1694 506 1723 cae,
543 1683 587 1715 eis
620 1694 679 1725 pro
717 1682 907 1715 executione
946 1682 1111 1721 directas,
1139 1684 1178 1716 ad

438 1736 708 1779 supplicationem
728 1736 872 1768 eiusdem
889 1736 1020 1769 Militiae
1041 1736 1178 1769 militum

438 1800 494 1822 seu
522 1790 658 1821 aliarum
686 1799 902 1832 personarum
936 1789 1022 1822 illius
1048 1790 1178 1822 servitio

439 1843 638 1876 addictarum
666 1843 852 1885 expeditas,
889 1843 1021 1886 exequi3
1049 1853 1179 1876 necnon

438 1897 613 1941 praedictis
640 1896 819 1940 capellanis
844 1907 937 1930 cruce
959 1897 1126 1940 praedicta
1147 1903 1180 1929 ut

439 1952 621 1994 praefertur
646 1950 806 1983 decoratis
834 1955 866 1983 et
898 1950 1103 1991 decorandis,
1131 1956 1177 1991 ut,

439 2009 569 2047 praeter
594 2008 786 2037 consuetum
808 2003 954 2036 eiusdem
973 2003 1104 2036 Militiae
1127 2003 1180 2035 lia-

439 2057 552 2097 bitum,
588 2057 790 2090 rocchettum
825 2062 856 2090 et
885 2061 1075 2090 mozzettam
1108 2067 1180 2089 cum

440 2120 496 2142 suo
523 2110 676 2153 capuccio
702 2110 836 2143 violacei
862 2110 993 2151 coloris,
1025 2115 1058 2143 et
1081 2120 1181 2153 super

442 2165 479 2195 ca
512 2174 643 2196 crucem
680 2163 827 2196 eiusdem
866 2163 1007 2204 Militiae,
1046 2167 1108 2197 tam
1148 2163 1181 2196 in

441 2216 607 2258 praedicta
631 2216 666 2248 B.
693 2215 808 2249 Mariae
833 2215 921 2249 della
944 2216 1087 2249 Steccata
1104 2226 1182 2249 nun-

441 2273 575 2312 cupatae
601 2269 633 2301 iu
660 2269 866 2311 collegialem
897 2280 953 2302 seu
984 2275 1181 2303 conventua-

442 2322 504 2354 lem
526 2322 672 2354 eiusdem
694 2321 825 2354 Militiae
843 2322 1014 2355 ecclcsmm
1033 2327 1068 2354 ut
1088 2333 1181 2365 prae-

442 2375 542 2406 fertur
567 2376 676 2406 erecta
701 2374 846 2413 ecelesia,
870 2385 966 2417 quam
991 2379 1080 2406 extra
1099 2385 1179 2414 eam,

442 2437 570 2460 necnon
607 2431 696 2461 extra
733 2426 894 2459 civitatem
933 2431 964 2459 et
1003 2427 1180 2460 dioecesim

438 2480 659 2517 parmensem,
687 2484 718 2511 et
743 2479 864 2522 ubique
890 2480 1056 2519 locorum,
1084 2480 1181 2512 etiam

443 2532 475 2572 in
501 2531 766 2575 processionibus
792 2536 822 2564 et
847 2531 1069 2573 funeralibus,
1097 2532 1182 2565 aliis·

445 2596 506 2631 que
532 2585 656 2621 actibus
683 2591 715 2621 et
738 2585 957 2622 functionibus
985 2586 1180 2623 eeclesiasti-

1014 197 1194 221 BULLAmUM
1220 198 1375 222 nosmNUM

1200 2603 1207 2628 l

1216 245 1261 278 cis
1281 246 1419 288 publicis
1443 252 1473 279 et
1498 246 1647 290 privatis,
1674 258 1710 280 ac
1733 247 1829 281 etiam
1854 247 1886 281 in
1906 259 1957 282 οο-

1216 298 1314 331 mitiis
1333 300 1590 342 provincialibus
1608 305 1638 334 et
1656 301 1861 344 generalibus
1878 302 1958 335 eius-

1219 352 1290 384 dem
1317 352 1457 393 Militiae,
1479 364 1515 385 ac
1536 353 1631 387 etiam
1655 354 1687 386 in
1706 354 1736 387 S.
1756 355 1793 388 R.
1810 355 1845 388 E.
1868 366 1958 398 prae-

1219 405 1323 438 dictae
1342 406 1567 448 cardinalium,
1583 407 1679 440 etiam
1698 408 1737 441 de
1756 410 1857 441 latere
1875 410 1959 451 lega-

1222 462 1338 497 torum,
1375 459 1589 499 nunciorum,
1620 460 1959 505 archiepiscoporum,

1220 511 1448 554 episcoporum
1473 518 1504 545 et
1521 513 1658 545 aliorum
1679 524 1959 558 quorumcumque

1221 564 1415 606 praesentia,
1441 565 1609 608 quibusvis
1643 567 1718 599 anni
1756 567 1960 610 temporibus

1222 621 1253 649 et
1278 617 1403 656 diebus,
1433 618 1584 652 similiter
1611 620 1740 652 deferre
1766 625 1797 652 et
1821 625 1961 662 gestare,

1221 669 1350 713 illisque
1376 672 1498 713 pariter
1522 671 1585 713 uti,
1612 672 1714 705 libere
1741 677 1774 705 et
1798 672 1887 706 licite
1914 684 1961 706 re-

1222 723 1363 767 spective
1390 725 1518 768 possint
1548 732 1580 758 et
1605 727 1743 767 valeant,
1761 732 1849 760 motu
1876 726 1960 770 pari,

1223 782 1254 809 et
1279 788 1316 810 ex
1341 779 1429 811 certa
1454 779 1600 820 scientia,
1629 780 1736 823 deque
1762 780 1962 823 apostolieae

1222 830 1389 872 potcstatis
1403 830 1618 874 plenitudine,
1632 832 1783 865 similiter
1800 838 1961 876 perpetuo

1222 883 1430 916 concedimus
1457 889 1488 916 ct
1512 883 1734 927 indulgemus.

1265 937 1279 979 ἓ
1305 936 1335 969 9.
1363 936 1495 970 Necnon
1521 937 1629 970 omnia
1661 943 1693 971 et
1718 938 1844 981 singula
1870 949 1962 982 prae-
1999 949 2157 978 Clausutaege-

1223 990 1327 1030 missa,
1354 1002 1388 1023 ac
1414 991 1542 1023 eas‘dem
1568 997 1770 1034 praesentes,
1786 993 1877 1025 nullo
1904 975 2157 1028 ιιη-ῗιῗζῗῖῗιῗζῐεῗῖιῖεῗι

1222 1054 1318 1086 quam
1338 1049 1481 1087 tempore
1502 1044 1540 1076 de
1562 1045 1783 1087 subreptionis
1803 1046 1851 1078 vel
1866 1046 1962 1078 obre-

1222 1096 1340 1139 ptionis
1366 1101 1419 1129 aut
1443 1096 1602 1129 nullitatis
1628 1097 1728 1138 vitio,
1767 1108 1824 1131 seu
1858 1098 1963 1131 inten-

1223 1149 1318 1181 tionis
1345 1155 1475 1182 nostrae
1501 1151 1550 1182 vel
1570 1150 1724 1193 quopiam
1742 1150 1805 1185 alio
1833 1151 1963 1185 defectu

1222 1203 1339 1242 notari,
1367 1203 1551 1246 impugnari
1576 1205 1624 1236 vel
1643 1204 1734 1247 argui
1753 1215 1861 1248 posse,
1880 1205 1964 1249 ipsa-

1222 1267 1282 1299 que
1308 1256 1416 1289 omnia
1452 1262 1483 1289 ct
1518 1257 1647 1299 singula
1671 1259 1857 1301 praemissa,
1886 1264 1965 1291 tam-

1222 1319 1316 1352 quam
1353 1319 1471 1351 magno
1511 1310 1667 1352 magistro
1709 1321 1764 1343 seu
1802 1317 1962 1354 perpetuo

1222 1362 1474 1395 administratori
1500 1374 1536 1396 ac
1560 1363 1692 1396 Militiae
1722 1366 1769 1397 vel
1805 1365 1964 1397 militibus

1221 1427 1308 1449 nune
1334 1421 1364 1449 et
1389 1427 1447 1460 pro
1475 1419 1620 1460 tempore
1642 1417 1853 1450 existentibus
1872 1429 1964 1461 prae-

1222 1467 1317 1501 dictis
1343 1480 1379 1501 ex
1414 1472 1510 1502 causa
1546 1469 1683 1503 onerosa
1718 1481 1883 1511 concessa,
1902 1472 1962 1504 sub

1223 1522 1391 1565 quibusvis
1431 1528 1492 1555 tam
1526 1523 1715 1556 earumdem
1745 1523 1966 1566 praesentium

1223 1586 1319 1618 quam
1355 1575 1511 1608 similium
1537 1576 1586 1608 vel
1613 1575 1821 1609 dissimilium
1847 1577 1966 1619 gratia-

1224 1640 1293 1661 rum
1321 1629 1493 1671 in‘genere
1513 1630 1560 1662 vel
1586 1629 1619 1661 in
1641 1629 1747 1672 specie
1778 1630 1965 1673 suspensio-

1223 1683 1328 1722 nibus,
1366 1682 1649 1725 derogationibus,
1685 1683 1961 1723 revocationibus,

1223 1735 1495 1774 limitationibus,
1529 1736 1793 1777 alterationibus,
1828 1737 1965 1780 aliisque

1224 1789 1395 1822 contrariis
1436 1789 1706 1832 dispositionibus
1741 1799 1757 1822 a
1797 1790 1892 1822 nobis
1935 1796 1966 1824 et

1224 1842 1464 1875 successoribus
1490 1842 1609 1875 nostris
1635 1842 1786 1876 Romanis
1806 1843 1967 1876 Pontifici-

1223 1896 1282 1928 bus
1308 1906 1367 1939 pro
1396 1900 1544 1939 tempore
1566 1896 1778 1929 existentibus
1798 1901 1829 1929 et
1846 1907 1862 1929 a
1882 1896 1965 1929 Sede

1224 1949 1389 1991 praedicta
1411 1949 1522 1992 quavis
1545 1949 1583 1982 de
1606 1951 1699 1982 causa
1724 1949 1966 1992 quantumlibet

1224 2002 1365 2044 legitima
1390 2008 1421 2035 et
1452 2002 1630 2035 iustissima
1661 2012 1719 2045 pro
1754 2007 1899 2046 tempore
1933 2014 1966 2036 e-

1224 2055 1442 2088 manatarum¹
1469 2056 1601 2088 minime
1627 2055 1880 2098 comprehendi,
1908 2057 1965 2089 sed

1225 2119 1355 2151 semper
1380 2109 1418 2141 ab
1444 2109 1508 2142 illis
1529 2108 1645 2152 excipi,
1671 2114 1712 2148 et,
1737 2109 1864 2151 quoties
1890 2109 1966 2142 illae

1225 2161 1434 2202 emanabant,
1461 2161 1556 2194 toties
1582 2161 1614 2193 in
1645 2162 1821 2204 pristinum
1845 2166 1967 2195 statum

1226 2215 1382 2255 restituta,
1399 2219 1430 2247 et
1448 2215 1486 2247 de
1508 2224 1591 2247 novo
1619 2214 1713 2247 etiam
1740 2214 1797 2247 sub
1816 2225 1966 2257 quacum-

1226 2278 1288 2311 que
1314 2267 1489 2311 posteriori
1523 2267 1595 2300 data
1625 2277 1685 2309 per
1716 2278 1867 2310 magnum
1901 2279 1967 2301 ma-

1217 2321 1359 2363 gistrum
1382 2331 1436 2353 seu
1456 2325 1647 2364 perpetuum
1667 2320 1965 2354 administratorem

1226 2385 1261 2406 ac
1286 2374 1405 2406 milites
1424 2384 1509 2406 nunc
1530 2378 1560 2406 et
1580 2384 1639 2416 pro
1658 2379 1801 2417 tempore
1827 2374 1967 2408 existen-

1227 2432 1273 2460 tes
1299 2426 1482 2469 praedictos
1513 2427 1787 2470 quandocumque
1814 2428 1967 2471 eligenda

1225 2490 1380 2512 concessa
1398 2489 1468 2512 esse
1488 2484 1519 2512 et
1536 2480 1675 2520 censeri,
1691 2491 1820 2513 necnon
1841 2481 1964 2514 eisdem

1225 2531 1438 2575 praemissis,
1480 2531 1667 2575 eisdemque
1713 2533 1965 2576 praesentibus,

1261 2596 1272 2623 1
1295 2594 1388 2624 Potius
1408 2596 1552 2624 emanans
1572 2595 1609 2630 (n.
1626 2594 1674 2631 r.).

1959 201 2008 226 An.
2030 201 2058 227 C.
2083 200 2149 228 1718
