2269 3203
60 218 108 246 An.
125 217 154 246 C.
177 219 245 246 1714

122 754 246 776 amri-aua

62 781 154 802 san-tw
196 782 246 802 Sedu

63 809 118 828 {zeta
149 814 246 828 ‹onsura-

63 841 122 857 ιίιιιὶ,
142 840 194 860 quas
217 840 247 854 tn-

63 864 170 881 eor-*erunt
181 862 246 881 nat-te-

61 888 160 907 ‘usurae
184 887 248 908 tiber-

62 917 112 934 taus
126 914 247 935 notatores.

873 217 1015 242 cccnnss

256 268 432 303 innodatos
458 270 556 302 fuisse
582 274 613 302 et
645 279 715 302 esse
749 278 786 300 ac
822 268 901 306 fore,
936 270 1018 324 nec]

256 332 312 354 cos
344 332 361 354 a
394 332 557 365 quoquam
583 321 644 354 nisi
677 332 694 353 a
723 319 816 353 nobis
847 329 900 351 seu
933 318 1019 357 Pto-t

257 385 352 407 mano
383 374 537 407 pontifice
576 384 633 417 pro
667 379 812 416 tempore
839 372 1019 405 existente*

257 433 502 470 (praeterquam
522 427 553 460 in
572 427 686 459 mortis
701 425 849 464 articulo,
869 431 899 458 ct
921 430 997 457 tunc
1017 429 1019 437 ⁴

257 491 329 512 cum
357 479 573 513 reincidentia
610 479 641 511 in
679 478 809 511 easdem
844 474 1020 525 censuras}

257 538 285 565 ct
312 543 445 576 poenas,
472 543 510 566 eo
535 533 607 576 ipso
633 543 696 575 quo
721 531 958 573 convaluerim)
981 527 1020 581 a}

256 586 401 619 censuris
436 591 466 618 et
498 585 614 629 poenis
651 584 834 617 huiusmodi
873 584 1020 617 absolvi*

257 645 288 672 et
313 639 443 673 liberari
470 650 577 683 posse,
605 639 719 672 harum
739 638 820 672 serie
847 638 998 671 similiter
1019 625 1021 677 i

259 693 440 726 statuimus.
1019 683 1021 689 ¹

303 748 318 791 ,ξ
343 747 374 780 5.
403 746 565 786 Ceterum,
598 757 670 780 cum
699 745 816 779 notorii
844 745 920 777 iuris
946 745 997 784 sit,

258 811 323 834 non
349 806 413 833 tam
438 811 505 840 eos,
544 811 624 843 quos
662 800 824 843 praefatus
860 799 1022 844 Didacus¹

258 853 395 886 vicarius
422 853 585 896 generalis
624 853 655 885 in
681 859 751 885 actu
787 863 862 886 suae
889 853 999 895 cvpul-

258 905 360 940 sionis
385 906 682 939 excommunicatos
701 905 884 944 declaravit,
904 915 1000 948 quam

257 958 482 1002 supradictum
513 959 704 992 canonicum
740 959 911 1001 loseplium
938 957 999 990 Ma-

257 1017 351 1053 roua,
378 1023 504 1046 necnon
533 1012 739 1046 Franciscum
766 1012 873 1044 Bruno
900 1011 998 1054 magi-

258 1070 356 1098 strum
383 1066 558 1104 notarium,
585 1065 639 1108 qui
666 1064 867 1108 praeinserto
893 1064 999 1097 edicto

259 1118 470 1161 subscripsit,
489 1117 684 1152 Corradum¹
703 1118 819 1151 Chirco
839 1118 998 1156 fiscalem,

258 1171 433 1214 loseplmm
470 1171 573 1204 Russo
604 1173 840 1211 consultorem,
872 1170 1000 1208 Franci-

260 1235 346 1257 scum
388 1224 535 1267 Zaraglio
578 1231 803 1264 executorem,
844 1225 1023 1257 Alonsuur

260 1277 449 1310 Met-corella
473 1277 688 1320 istigatorem,
711 1277 861 1320 aliosque
887 1286 999 1309 omnes

260 1335 290 1362 et
306 1329 462 1373 singulos,
481 1330 717 1374 cuiuscumque
736 1335 847 1369 status,
870 1330 1000 1372 gradus,

259 1383 400 1424 ordinis,
443 1383 721 1427 praeeminentiae
762 1389 793 1416 ct
833 1383 1000 1425 dignitatis

260 1443 558 1481 quantumcumque
595 1438 742 1470 excelsae
779 1447 815 1470 ac
851 1436 1001 1469 sublimis

260 1489 388 1530 fuerint,
413 1490 469 1534 qui
499 1490 565 1523 sive
589 1490 737 1524 eiusdem
754 1489 865 1523 llidaci
892 1489 1000 1522 vicarii

261 1543 424 1586 generalis
451 1544 690 1588 expulsionem,
717 1544 783 1577 sive
809 1542 1002 1587 publicatio-

261 1607 336 1631 nem
370 1602 401 1631 et
431 1597 615 1631 affixionem
651 1597 845 1641 praeinserti
884 1596 999 1637 edicti,

261 1651 327 1684 sive
352 1649 575 1684 detrusionem
610 1650 642 1683 in
672 1661 801 1684 carcere
833 1650 1002 1694 presbyte-

262 1715 375 1737 rorum
401 1714 437 1737 ac
462 1704 571 1737 clerici
597 1704 922 1748 praefatorum„sive
941 1704 1002 1737 alia

263 1762 353 1800 gesta
377 1767 436 1800 per
461 1756 581 1790 dictum
608 1756 800 1791 canonicum
826 1757 1002 1801 Iosephum

263 1811 398 1844 Marotta
430 1810 623 1843 mandarunt
649 1821 684 1843 ac
710 1810 912 1850 ordinarunt,
945 1821 1003 1843 seu

263 1864 328 1898 illis
355 1863 547 1903 eonsilium,
574 1864 752 1906 auxilium,
779 1864 923 1897 savorem
955 1864 1003 1897 vel

264 1916 411 1961 quamvis
427 1916 522 1950 aliam
538 1916 756 1950 damnabilem
768 1927 899 1960 operam
913 1927 1005 1960 prae-

265 1968 440 2009 stiterunt,
482 1975 535 2002 aut
569 1969 601 2002 in
635 1980 748 2002 eorum
782 1970 947 2013 sequelam
974 1974 1005 2002 et

264 2022 488 2056 executionem
507 2022 656 2056 similiter
673 2029 764 2066 gesta
782 2024 1006 2066 approbarunt

265 2069 303 2110 et*
321 2082 388 2109 rata
412 2076 611 2116 habuerunt,
638 2087 695 2109 seu
711 2076 789 2109 alias
810 2076 842 2109 in
861 2076 907 2110 eis
927 2087 1005 2120 quo-

265 2129 443 2164 modolibet
468 2129 650 2173 culpabiles
683 2129 826 2171 suerunt,
853 2140 1005 2163 censuras

267 2193 379 2216 omnes
403 2188 434 2216 et
459 2193 580 2226 poenas
599 2182 846 2224 ecclesiasticas,
864 2194 881 2216 a
902 2183 1004 2216 sacris
1027 2207 1028 2210 ,

268 2236 456 2277 canonibus,
483 2236 686 2279 generalium
711 2236 924 2270 conciliorum
953 2236 1007 2269 de-

269 2289 364 2322 cretis
389 2295 421 2322 et
445 2290 635 2333 apostolicis
653 2290 948 2330 constitutionibus,
970 2300 1006 2324 ac

270 2342 462 2383 praesertim
494 2343 609 2376 litteris
643 2343 695 2377 die
725 2343 853 2377 Coenae
879 2343 1006 2376 Domini

270 2393 407 2436 singulis
433 2396 524 2428 annis
556 2396 619 2439 legi
647 2402 678 2430 et
702 2396 905 2440 promulgari
932 2407 1008 2430 con-

270 2446 371 2479 suetis
396 2446 544 2488 inflictas,
566 2459 604 2481 eo
625 2449 697 2492 ipso
724 2449 923 2489 incurrisse;
950 2460 1008 2483 no-

271 2499 377 2532 verint
402 2499 521 2532 idcirco
548 2501 594 2533 itti
621 2512 745 2543 omncs,
771 2503 867 2535 etiam
886 2502 1009 2545 specia-

271 2552 392 2586 lissima
424 2553 588 2587 mentione
622 2555 732 2597 digni,
758 2567 775 2588 a
806 2557 952 2589 censuris
978 2561 1009 2589 et

308 2617 315 2642 t
342 2614 412 2642 Edit.
439 2614 518 2642 atain.
542 2615 604 2650 legit
625 2616 753 2644 Coi-rado
771 2620 813 2652 (u.
834 2619 885 2652 r).

1680 206 1743 240 623

1039 264 1154 308 poenis
1180 263 1376 304 huiusmodi,
1395 270 1468 308 post
1487 266 1629 298 debitam
1649 275 1685 298 ac
1705 276 1778 299 con-

1040 317 1169 360 dignam
1195 317 1360 351 Ecclesiae
1387 317 1518 350 realiter
1549 323 1579 350 et
1604 329 1676 350 cum
1704 318 1779 351 etle-

1040 376 1091 402 ctu
1125 370 1313 414 praestitam
1346 370 1616 411 satisfactionem,
1647 371 1777 404 nonnisi

1041 435 1056 456 a
1081 423 1175 456 nobis
1200 434 1255 457 seu
1283 424 1429 457 Romano
1449 424 1603 458 Pontifice
1625 435 1684 468 pro
1704 430 1781 458 tem-

1040 488 1120 520 pore
1148 476 1305 510 existente
1332 478 1581 521 (praeterquam
1609 477 1641 509 in
1668 478 1781 510 mortis

1041 529 1188 570 articulo,
1215 535 1249 562 ut
1274 531 1466 574 praefertur,
1486 536 1518 563 ct
1544 536 1619 563 tunc
1645 540 1716 563 eum
1738 540 1782 563 re—

1043 583 1219 616 incidentia
1244 583 1397 626 praefata,
1417 595 1456 616 eo
1482 584 1553 626 ipso
1576 594 1640 627 quo
1666 594 1782 616 conva-

1042 636 1187 679 luerint)
1214 636 1335 669 absolvi
1354 641 1384 668 ct
1402 635 1533 670 liberari
1561 646 1663 679 posse,
1686 642 1783 679 prout

1042 688 1230 721 earumdem
1258 694 1370 721 tenore
1395 689 1616 732 praesentium
1638 688 1783 722 decerni-

1043 751 1112 773 mus
1138 741 1261 784 pariter
1287 746 1319 774 et
1344 741 1568 781 declaramus;
1597 741 1781 775 facultatem

1043 793 1177 837 insuper
1203 794 1241 826 ad
1271 794 1332 827 alia
1349 794 1516 827 severiora
1535 794 1688 835 remedia,
1708 806 1781 838 qua-

1041 217 1073 239 Xl
1099 216 1147 240 ΓΡ.

1020 845 1134 896 :tenus
1160 848 1318 891 praedicti
1354 848 1592 881 ecclesiasticae
1624 847 1782 881 libertatis

1043 901 1216 934 violatores
1235 901 1266 934 in
1285 904 1340 934 sua
1355 901 1555 934 contuu'iacia
1570 901 1782 944 persistentes

1043 965 1196 988 censuras
1222 960 1253 988 et
1278 965 1401 998 poenas
1439 954 1626 988 huiusmodi
1659 955 1779 995 animo,

1044 1009 1128 1052 quod
1145 1009 1238 1049 absit,
1255 1009 1491 1042 substinuerint
1512 1009 1673 1048 indurato,
1689 1009 1783 1042 nobis

1043 1066 1075 1093 et
1099 1062 1204 1094 eidem
1227 1061 1432 1104 Apostolicae
1457 1062 1529 1095 Sedi
1564 1067 1779 1095 reservantes.

1087 1114 1101 1157 ἓ
1125 1114 1156 1147 6.
1184 1115 1331 1155 Demum,
1356 1126 1426 1148 cum
1454 1115 1548 1148 ctiam
1585 1115 1783 1148 intellexeri-

1790 216 1837 243 An.
1855 216 1882 243 C.
1904 216 1972 243 ΠΗ

1805 1123 1922 1153 Pwlubitto
1932 1122 1979 1143 obe-

1758 1167 1763 1172 .
1793 1150 1886 1171 dranum
1901 1155 1979 1170 ucat-to

1044 1178 1124 1207 mus,
1150 1168 1250 1211 quod,
1268 1173 1438 1211 postquam
1465 1168 1549 1201 idem
1575 1168 1711 1200 Didacus
1738 1174 1781 1199 vt'-

1044 1220 1149 1253 carius
1191 1220 1376 1264 generalis,
1417 1221 1499 1254 sicut
1537 1220 1883 1264 praemittitur,tuma-e.

1044 1274 1173 1306 exulare
1200 1279 1328 1306 coactus
1350 1274 1420 1316 fuit¹
1443 1274 1549 1307 ditet-ti
1579 1274 1633 1306 tilii
1661 1274 1786 1318 capitu-

1045 1327 1109 1359 lum
1139 1333 1170 1360 ct
1195 1327 1342 1360 canonici
1377 1327 1480 1360 dictae
1506 1328 1663 1361 ecclesiae
1691 1328 1783 1371 Lipa-

1044 1379 1147 1413 rensis
1173 1380 1203 1412 in
1218 1380 1371 1413 vicarium
1390 1381 1578 1422 generalem
1597 1381 1784 1414 huiusmodi

1045 1433 1199 1467 dilectum
1233 1445 1364 1478 quoque
1401 1434 1504 1467 silium
1538 1435 1784 1468 Emmanuelem

1045 1486 1222 1520 Carucvale
1247 1488 1413 1531 praefatae
1440 1488 1599 1521 eeclesiae
1625 1487 1786 1520 archidia-

1045 1551 1161 1573 conum
1188 1541 1357 1583 elegerint,
1385 1541 1504 1574 notorii
1538 1547 1645 1574 autem
1671 1547 1702 1574 et
1734 1553 1786 1574 cx-

1045 1594 1163 1637 plorati
1190 1594 1270 1627 iuris
1303 1594 1354 1634 sit,
1380 1595 1486 1638 quod,
1513 1595 1785 1638 quemadmodum

1046 1647 1218 1690 pastoralis
1245 1658 1320 1681 cura
1345 1648 1491 1681 ciusdem
1510 1648 1667 1681 ecclesiae
1686 1658 1787 1691 penes

1046 1700 1250 1743 praedictum
1265 1699 1431 1734 Nicolaum
1444 1701 1573 1734 Mariam
1586 1701 1787 1744 episcopum,

1049 1754 1176 1787 tametsi
1202 1754 1241 1786 ab
1268 1754 1339 1797 ipsa
1365 1755 1505 1788 ecclesia
1535 1755 1725 1796 absentem,
1753 1768 1787 1788 o-

1047 1806 1159 1839 mnino
1185 1812 1281 1850 atque
1309 1807 1435 1850 integre
1463 1807 1628 1847 remansit,
1647 1807 1688 1840 ita
1709 1817 1788 1840 sane

1049 1859 1086 1892 ad
1113 1860 1220 1903 ipsum
1246 1871 1374 1904 quoque
1400 1860 1448 1892 ius
1481 1860 1659 1904 deputandi
1693 1871 1787 1894 suum

1049 1914 1203 1946 vicarium
1222 1915 1410 1957 generalem
1428 1913 1696 1957 irrefragabiliter
1716 1925 1788 1957 spe-

1048 1968 1153 2001 ctabat
1191 1974 1222 2001 et
1259 1973 1405 2011 spectat·,
1443 1967 1589 2007 idcirco,
1615 1967 1646 2000 in
1673 1967 1788 2001 virtute

1049 2027 1180 2054 sanctae
1206 2021 1426 2060 obedientiae,
1453 2031 1489 2053 ac
1514 2021 1575 2053 sub
1601 2031 1789 2054 excommu-

1049 2074 1224 2107 nicationis
1258 2075 1339 2108 latae
1373 2073 1554 2107 sententiae
1592 2071 1697 2117 poena
1733 2084 1790 2118 per

1049 2127 1320 2161 contrafacientes
1354 2138 1391 2161 eo
1425 2127 1496 2171 ipso
1533 2127 1749 2168 incurrenda,
1774 2138 1790 2160 a

1051 2192 1112 2225 qua
1144 2192 1240 2215 nemo
1274 2181 1335 2215 nisi
1373 2192 1390 2214 a
1428 2181 1522 2215 nobis
1560 2181 1611 2215 vel
1647 2181 1790 2214 Romano

1050 2234 1206 2269 Pontissce
1233 2246 1292 2278 pro
1319 2241 1464 2278 tempore
1491 2235 1646 2268 existente
1680 2235 1792 2278 (prae—

1052 2295 1196 2333 terquam
1224 2289 1255 2321 in
1283 2289 1395 2322 mortis
1421 2289 1556 2322 articulo
1582 2288 1790 2331 constitutus)

1052 2342 1176 2375 absolvi
1203 2341 1318 2385 possit,
1343 2341 1485 2385 capitulo
1513 2346 1544 2374 et
1561 2339 1725 2374 canonicis
1744 2351 1792 2372 su·

1052 2394 1216 2439 pradicsss,
1241 2405 1367 2427 necnon
1386 2394 1514 2438 reliquo
1536 2394 1623 2428 clero
1643 2398 1705 2426 tam
1723 2404 1793 2426 sae-

1052 2449 1152 2483 culari
1179 2460 1275 2493 quam
1310 2448 1452 2492 regulari
1485 2447 1619 2481 civitatis
1645 2453 1677 2481 et
1707 2447 1793 2481 dioe-

1053 2501 1136 2536 cesis
1168 2501 1354 2545 Liparensis
1381 2501 1622 2545 praefatarum,
1647 2499 1791 2534 districte

1053 2554 1270 2598 prohibemus
1299 2560 1330 2587 et
1362 2553 1602 2593 interdicimus,
1625 2564 1674 2593 ne,
1705 2558 1793 2596 post-

1054 2618 1149 2651 quam
1187 2608 1370 2640 earumdem
1408 2607 1626 2652 praesentium
1664 2615 1791 2639 necnon

1795 1178 1885 1200 geum-al·
1897 1183 1908 1195 a
1921 1177 1979 1201 rapi-

1795 1204 1838 1223 tutu
1862 1204 1930 1223 «tecto
1946 1209 1979 1223 ox·
