2269 3203
83 185 134 214 An.
155 186 183 213 C.
207 186 274 213 ¹716

900 184 1041 209 CLEMENS
1068 184 1097 207 xl
1123 185 1169 208 rr.

278 246 349 268 rum
373 236 632 279 magistratuum,
659 245 830 279 procerum
856 239 885 267 et
912 243 1016 276 popu·
1036 231 1038 265 ¹,
1060 232 1110 265 die
1136 244 1198 275 quo
1226 234 1358 266 eaedem
1392 233 1520 266 litterae
1551 234 1627 266 illuc
1653 245 1803 277 pervene-

1036 298 1038 312 ι
1059 286 1132 326 rint,
1148 285 1346 325 inclinando,
1363 285 1393 318 in
1412 285 1559 319 ecelesiis
1578 286 1700 328 oppidi,
1716 286 1800 329 pagi,

1036 357 1038 381 t
1060 339 1197 372 civitatis
1224 344 1255 372 et
1279 338 1449 373 Societatis
1476 338 1661 371 huiusmodi
1695 349 1801 382 respe-

276 290 383 322 lorum
408 290 594 333 provinciae
628 288 829 327 huiusmodi,
854 298 890 320 ac
916 286 1014 320 totius

277 343 412 386 insuper
435 342 603 376 Societatis
629 342 696 376 Iesu
715 341 921 384 supradictae
940 350 1016 383 sup-

276 395 507 439 plicationibus
534 400 627 438 (quas
654 394 774 427 dudum
794 393 892 426 etiarn
909 393 1015 426 clarae

276 447 452 481 memoriae
478 448 656 481 Ludoricus
683 447 756 486 xlv,
783 447 859 479 dum
885 445 1015 485 viveret,
1036 479 1038 490 Ι

1036 491 1038 499 ⁴
1060 499 1179 542 duplici
1206 498 1332 539 maiori,
1357 499 1407 532 die
1435 498 1475 531 ab
1494 497 1672 531 Ordinnriis
1691 508 1803 541 respe-

278 501 472 534 Francorum
497 511 552 533 rex
577 498 864 532 christianissimus
891 499 1016 531 devota-

277 564 347 586 rum
374 563 502 585 suarum
529 563 661 596 precum
680 551 867 585 accessione
885 552 1016 584 robora—

279 605 378 647 verat)
404 605 498 638 nobis
531 615 631 648 super
657 605 718 638 boc
750 604 916 637 humiliter
940 614 1014 647 por-

275 658 371 691 rectis
391 660 524 701 paterna
541 658 741 700 benignitate
763 662 955 697 annuentes,
976 656 1014 689 de

276 717 528 745 memoratorum
557 711 772 745 cardinalium
798 710 934 744 consilio
960 720 1015 753 pa—

274 764 352 797 riter
378 769 410 798 et
434 775 582 805 assensu,
609 764 800 798 auctoritate
826 762 1014 806 apostolica,

275 823 388 851 tenore
406 817 640 860 praesentium,
657 817 863 860 indulgemus
881 821 915 849 ut
928 815 1013 848 idem

273 870 329 904 Dei
366 881 476 904 servus
513 870 651 904 loannes
688 870 878 903 Franciscus
918 868 1014 911 Regis

273 923 303 956 in
330 928 497 967 posterum
523 923 610 957 Beati
643 923 774 956 nomine
807 928 1015 965 nuncupetur

272 975 405 1020 eiusque
430 987 549 1020 corpus
576 982 608 1010 et
632 976 789 1020 reliquiae
813 974 1012 1008 venerationi

272 1028 416 1062 fidelium
443 1029 522 1071 (non
549 1035 653 1062 tamen
680 1029 711 1061 in
744 1027 1014 1072 processionibus

273 1080 552 1124 circumferenda)
593 1086 820 1124 exponantur,
857 1079 1013 1122 imagines

273 1144 401 1178 quoque
417 1134 516 1167 radiis
534 1145 589 1168 seu
609 1133 837 1178 splendoribus
856 1143 1014 1166 exornen-

274 1193 335 1227 tur,
361 1198 397 1220 ac
421 1188 461 1220 de
483 1198 521 1221 eo
539 1188 692 1221 recitetur
709 1186 848 1220 officium
865 1192 896 1219 et.
913 1186 1012 1218 missa

272 1241 457 1274 celebretur
478 1240 516 1273 de
535 1240 731 1274 Confessore
757 1250 821 1272 non
847 1239 1010 1279 Pontifice,

271 1293 406 1337 singulis
425 1294 530 1334 annis,
547 1294 633 1326 iuxta
652 1293 797 1326 rubricas
818 1293 966 1326 breviarii
983 1297 1013 1327 et

270 1347 407 1381 missalis
426 1347 562 1387 romani,
581 1346 631 1380 dic
650 1357 722 1380 xxiv
742 1347 827 1387 maii,
850 1358 921 1380 cum
941 1347 1011 1380 dies

270 1411 340 1434 xxm
355 1400 546 1439 decembris,
572 1411 634 1444 qua
654 1400 720 1443 ipsc
748 1411 857 1433 servus
876 1401 931 1433 Dei
950 1401 1011 1444 spi-

271 1454 371 1487 ritum
396 1453 541 1487 Creatori
566 1453 715 1493 reddidit,
743 1459 775 1485 et
800 1453 881 1486 aliae
900 1454 1010 1496 plures

270 1508 360 1542 illam
385 1508 636 1551 subsequentes,
664 1513 697 1539 ut
723 1512 835 1540 notum
867 1512 925 1546 est,
951 1507 1009 1539 im-
1031 1536 1033 1545 χ

268 1561 398 1605 peditae
415 1561 630 1604 reperiantur.
659 1561 759 1594 Porro
786 1560 1010 1594 recitationem

270 1614 383 1654 officii,
410 1620 440 1647 et
465 1614 582 1646 missae
608 1613 863 1646 celebrationem
892 1614 1006 1646 liuius-
1030 1637 1032 1641 -

268 1667 367 1708 modi,
392 1666 464 1700 fieri
491 1667 702 1700 concedimus
727 1666 757 1698 in
784 1666 865 1700 loeis
885 1667 1010 1700 dumta-

270 1727 322 1754 xat
357 1720 590 1762 infrascriptis,
616 1719 788 1751 videlicet:
820 1719 851 1751 in
886 1721 1008 1763 oppido

269 1774 309 1807 de
334 1773 561 1813 Foncouverte,
587 1772 808 1805 Narbonensis
835 1773 1007 1814 dioecesis,

268 1827 300 1860 in
326 1838 389 1870 quo
415 1827 519 1860 dictus
544 1836 657 1858 servus
683 1825 737 1858 Dei
764 1830 856 1858 natus
882 1831 949 1867 est,
976 1827 1007 1859 iu

268 1890 351 1924 pago
375 1879 542 1913 Lalovescz‘
566 1879 758 1911 Viennensis
791 1878 950 1912 dioecesis
975 1880 1007 1912 in
1029 1893 1030 1897 ¹

268 1933 478 1977 Delpliinatu,
502 1932 588 1965 unde
614 1932 654 1965 ad
680 1932 787 1965 caelos
807 1933 956 1973 evolavit,
977 1938 1004 1966 ct
1029 1956 1030 1959 η

268 1987 322 2020 ubi
348 1986 534 2020 venerabile
560 1986 629 2019 eius
668 1996 786 2029 corpus
814 1986 1006 2029 requiescit,

268 2051 303 2074 ae
328 2041 361 2074 in
386 2040 510 2073 civitate
536 2039 713 2079 Aniciensi,
734 2039 764 2071 in
784 2049 844 2082 qua
866 2040 1006 2082 plurium

268 2105 426 2128 annorum
452 2093 557 2137 spatio
580 2098 611 2126 et
635 2102 720 2136 pene
738 2103 839 2136 usque
858 2093 896 2126 ad
916 2104 1007 2126 suum

269 2148 391 2181 obitum
416 2147 562 2180 habitare
588 2146 765 2185 consuevit,
791 2146 830 2178 ab
856 2146 1006 2179 omnibus

267 2201 434 2244 utriusque
459 2210 552 2233 sexus
570 2199 845 2239 christifidelibus,
861 2204 923 2232 tam
937 2210 1006 2232 sae-

269 2254 431 2287 cularibus
456 2264 550 2296 quam
577 2252 791 2296 regularibus,
813 2252 867 2296 qui
886 2253 924 2285 ad
951 2253 1007 2287 ho-

269 2315 320 2338 ras
345 2305 514 2339 canonicas
541 2310 702 2345 tenentur,
728 2315 857 2338 necnon
879 2305 911 2338 in
936 2307 1006 2339 imi-
1027 2318 1029 2324 ·

270 2360 360 2391 versa
379 2358 537 2392 Societate
560 2358 714 2402 praefata,
734 2364 774 2399 et,
794 2364 949 2403 quantum
967 2360 1005 2394 ad

269 2409 399 2443 missam
419 2411 543 2451 attinet,
568 2412 664 2445 etiam
689 2423 706 2444 a
724 2412 949 2446 sacerdotibus
966 2413 1005 2446 ad

270 2463 423 2496 ecclesias
449 2463 592 2497 eiusdem
618 2464 788 2504 Societatis
815 2466 1004 2499 confluenti-

268 2517 342 2549 bus.
370 2516 536 2549 Praeterea
560 2517 663 2559 primo
690 2519 854 2551 dumtaxat
878 2529 962 2552 anno
989 2530 1005 2552 a

270 2570 350 2604 datis
376 2569 465 2603 hisce
500 2569 637 2611 litteris,
666 2576 697 2603 et
721 2573 829 2615 quoad
855 2572 962 2606 indias
987 2583 1004 2607 a

374 2632 453 2662 Ball.
470 2632 551 2665 Rom.
570 2648 603 2654 —
622 2633 682 2662 Vol,
701 2634 774 2663 XXI.
920 2636 953 2665 89

1696 176 1758 209 705

1059 393 1141 426 ctive
1182 392 1340 425 solemnia
1376 391 1625 425 beatificationis
1656 390 1800 424 eiusdem

1059 445 1140 478 servi
1166 445 1233 485 Dei,
1261 456 1332 478 cum
1357 445 1463 479 officio
1489 451 1521 478 et
1543 445 1642 478 missa
1660 445 1718 477 sub
1737 444 1800 477 ritu

1059 551 1140 584 etivc
1158 551 1340 591 constituta,
1361 556 1392 584 et
1409 551 1490 584 intra
1511 561 1564 583 sex
1583 560 1712 584 menses
1727 560 1801 593 pro-

1059 604 1243 647 mulganda,
1269 609 1442 647 postquam
1472 609 1577 636 tamen
1610 603 1642 636 in
1668 602 1801 636 basilica

1060 656 1216 700 Principis
1232 656 1464 697 Apostolorum
1479 656 1518 689 de
1535 656 1618 689 Urbe
1633 656 1798 689 celebrata

1059 709 1180 742 suerint
1205 709 1318 742 eadem
1337 709 1514 748 solemnia,
1541 719 1599 752 pro
1618 719 1680 752 qua
1699 719 1732 742 re
1752 718 1800 740 su-

1058 762 1238 806 pradictam
1272 761 1355 794 diem
1389 772 1458 795 xxiv
1493 762 1652 795 currentis
1680 761 1801 795 mensis

1058 815 1133 848 maii
1160 815 1375 858 assignamus,
1403 815 1525 858 pariter
1550 815 1737 848 celebrandi
1757 815 1800 846 ta-

1058 870 1160 902 cimus
1187 874 1392 912 potestatem.
1412 868 1482 902 Non
1502 868 1707 901 obstantibus
1725 879 1801 901 con-

1058 921 1279 955 stitutionibus
1305 927 1336 954 et
1360 921 1622 954 ordinationibus
1648 921 1800 964 apostoli-

1035 967 1037 972 ’
1058 975 1113 1014 cis,
1132 985 1168 1008 ac
1189 975 1330 1008 decretis
1354 975 1392 1008 de
1412 985 1478 1008 non
1504 975 1591 1008 cultu
1619 974 1723 1015 editis,
1749 985 1799 1008 ce-

1058 1027 1200 1071 terisque
1226 1028 1397 1061 contrariis
1422 1027 1693 1071 quibuscumque.

1097 1080 1157 1123 §3
1170 1080 1322 1114 Volumus
1336 1086 1442 1114 autem
1458 1085 1493 1113 ut
1507 1080 1694 1113 earumdem
1709 1090 1798 1124 prae·

1058 1133 1197 1167 sentium
1222 1133 1404 1167 litterarum
1431 1135 1653 1177 transumptis,
1672 1144 1726 1167 seu
1746 1144 1798 1167 ex·

1058 1188 1180 1231 emplis.
1197 1188 1292 1221 etiam
1311 1188 1486 1231 impressis,
1508 1197 1603 1220 manu
1630 1187 1796 1220 secretarii

1837 1089 1959 1113 Clausulae.

1033 1241 1241 1292 4p1'itcdictae
1279 1241 1549 1284 Congregationis
1581 1241 1797 1274 cardinalium

1033 1295 1035 1302 ⁴
1056 1296 1258 1339 subscriptis,
1285 1300 1317 1327 et
1342 1294 1447 1338 sigillo
1474 1294 1627 1338 praetecti
1650 1294 1796 1327 eiusdem

1055 1348 1322 1392 Congregationis
1348 1347 1501 1386 munitiS,
1527 1347 1640 1380 eadem
1666 1357 1797 1390 prorsus

1055 1401 1134 1435 sstlcs
1160 1402 1199 1434 ab
1225 1400 1374 1434 omnibus
1401 1405 1432 1432 et
1458 1400 1579 1444 ubique
1598 1405 1661 1433 tam
1688 1399 1718 1432 in
1746 1399 1795 1432 iu-

1032 1464 1033 1472 *
1055 1456 1139 1489 dicio
1166 1465 1261 1498 quam
1288 1459 1378 1486 extra
1405 1453 1484 1486 illud
1507 1453 1686 1491 habeatur,
1713 1464 1796 1496 quae

1053 1510 1132 1553 ipsis
1165 1508 1390 1552 praesentibus
1424 1508 1602 1541 haberetur
1635 1507 1661 1539 si
1692 1507 1797 1540 forent

1054 1562 1217 1595 exhibitae
1236 1561 1284 1593 vel
1302 1566 1463 1594 ostensae.

1099 1615 1211 1648 Datum
1229 1614 1361 1653 Romae,
1388 1613 1473 1656 apud
1495 1613 1525 1646 S.
1546 1612 1678 1646 Mariam
1701 1612 1797 1645 Maio-

1054 1680 1137 1710 rem,
1153 1669 1212 1702 sub
1230 1669 1351 1701 annulo
1372 1667 1559 1707 piscatoris,
1579 1667 1631 1700 die
1646 1676 1702 1700 viu
1720 1665 1794 1698 maii

1051 1733 1212 1762 nnccxvi,
1247 1721 1460 1765 pontificatus
1487 1720 1590 1753 nostri
1618 1730 1704 1753 anno
1729 1730 1792 1753 xv1.

1087 1784 1147 1811 Dat.
1169 1783 1213 1811 die
1234 1783 1249 1810 8
1270 1782 1334 1810 maii
1356 1782 1434 1814 1716,
1454 1781 1552 1816 pontif.
1571 1790 1643 1809 anno
1658 1788 1713 1809 ΧΠ.

1328 1899 1508 1933 ccxxviii.

1052 1971 1272 2013 Confirmatio*
1297 1970 1457 2003 decretum
1475 1970 1744 2014 Conqreyationis
1763 1983 1793 2003 o-

1092 2024 1298 2066 piscoporum
1324 2027 1352 2055 et
1382 2022 1587 2066 reyutarium
1619 2033 1716 2066 super
1741 2034 1792 2056 as-

1094 2077 1269 2109 sociatione
1294 2075 1487 2108 cadaverum
1505 2076 1548 2108 ad
1576 2076 1722 2109 ecclesias
1745 2087 1793 2109 re-

1093 2129 1265 2172 yularium
1294 2139 1353 2171 pro
1384 2129 1555 2172 provincid
1586 2129 1619 2162 S.
1654 2129 1792 2162 Ioannis

1096 2182 1264 2225 Baptistae
1290 2180 1426 2215 Ordinis
1450 2181 1592 2224 fratrum
1614 2182 1792 2215 Praedica-

1095 2239 1200 2267 torum
1225 2235 1261 2266 in
1281 2244 1376 2277 reqno
1398 2234 1590 2273 Peruviarzo,
1610 2239 1723 2268 contra
1736 2246 1792 2278 pa-

1093 2289 1205 2321 rochos
1229 2292 1257 2320 et
1282 2288 1405 2320 clerum
1429 2288 1662 2321 samtarein&

1089 2361 1095 2386 l
1133 2359 1206 2386 idem
1228 2366 1386 2386 concessum
1404 2358 1453 2385 suit
1473 2358 1598 2386 Societati
1620 2358 1678 2385 Iesu
1699 2367 1712 2386 a
1733 2359 1790 2386 Cle-

1050 2408 1138 2431 mente
1160 2403 1198 2435 X,
1220 2407 1305 2430 const.
1328 2403 1371 2429 ed.
1399 2409 1542 2437 iincmxii,
1564 2403 1606 2430 die
1629 2403 1645 2430 3
1665 2404 1788 2438 augusti,

1049 2448 1145 2484 pontis.
1169 2454 1212 2480 1113
1236 2448 1386 2474 lnnocentii
1415 2448 1457 2474 Xll
1481 2450 1568 2474 const.
1590 2449 1633 2474 ed.
1655 2454 1766 2474 MDexctx
1781 2469 1787 2479 ,

1048 2492 1091 2519 die
1110 2494 1125 2519 9
1145 2492 1274 2526 octobris,
1295 2491 1390 2527 pontif.
1412 2498 1446 2523 ix,
1468 2491 1593 2519 mandata
1621 2491 1671 2518 fuit
1690 2491 1786 2518 obser-

1048 2536 1137 2564 vantia
1164 2537 1385 2564 constitutionum
1413 2536 1485 2563 circa
1512 2536 1609 2563 fratres
1630 2535 1787 2562 coniunctos

1047 2581 1134 2609 dictae
1160 2580 1334 2617 provinciae3
1357 2584 1382 2610 et
1402 2580 1538 2609 Benedicti
1560 2579 1617 2607 Xlll
1637 2582 1724 2607 const.
1740 2579 1785 2608 ed.

1808 186 1859 213 An.
1876 185 1904 212 C.
1931 184 1998 213 ¹716
