2269 3203
94 201 143 229 An.
159 199 188 227 C.
211 198 275 227 1701

146 579 280 601 Consti-matio

97 608 177 628 diwrdi
210 606 281 626 candi-

87 635 151 664 ·nalxs
173 635 280 660 protecto-

95 667 131 682 m.

127 2018 251 2040 clausulae.

917 192 1058 217 CLEMENS
1083 193 1114 216 XI
1138 193 1186 216 PP-

291 257 307 277 a
330 245 415 277 nobis
438 244 609 276 confirmata
631 247 660 273 et
683 241 859 282 approbata,
883 240 1034 281 perpetuis

291 294 472 335 temporibus
487 292 637 323 observari
654 290 788 321 volumus
804 294 833 320 et
850 290 1033 326 mandamus3

292 354 349 375 non
364 341 547 374 obstantibus
566 340 813 381 quibuscumque.
833 339 890 377 Sic,
908 343 964 369 etc.
982 339 1035 369 Da-

295 397 355 423 tum
385 392 492 422 Romae
523 399 556 420 ex
591 388 713 419 aedibus
745 388 875 424 nostris,
904 388 958 418 hae
987 387 1035 417 die

295 450 384 472 xxvni
406 439 547 470 februarii
570 439 686 469 MDCC11.
713 456 747 460 —
771 437 793 468 1.
818 438 853 468 P..
878 437 1034 468 cardinalis

292 490 462 521 liirssnmms
483 498 513 518 s.

336 562 351 606 5
376 561 408 595 2.
435 561 512 595 Cum
538 565 657 601 autem,
677 560 760 593 sicut
778 560 880 593 dictus
898 559 1035 593 Ioannes

293 615 452 649 Antonius
485 614 580 648 nobis
618 613 758 647 subinde
791 612 909 656 exponi
936 613 1033 653 fecit,

293 669 365 713 ipse
389 669 558 702 decretum
584 667 794 707 huiusmodi,
821 677 885 710 quo
912 665 1034 699 firmius

291 722 458 763 subsistat,
478 721 678 765 apostolieae
700 720 962 754 confirmationis
981 729 1035 752 no-

291 781 376 809 strae
400 775 585 819 patrocinio
606 773 802 807 communiri
827 783 1035 816 summopere

291 829 476 862 desideret:
490 838 563 868 nos,
578 827 680 871 ipsius
695 826 825 860 loannis
838 826 970 859 Antonii
986 836 1038 859 vo-

291 882 332 915 tis
349 881 458 915 bacin
474 892 520 923 re,
542 886 699 925 quantum
719 891 791 913 cum
809 879 949 913 Domino
967 890 1038 923 pos-

291 945 412 976 sumus,
440 934 664 968 favorabiliter
695 944 842 967 annuere
868 934 1035 973 volentes,

292 999 433 1033 eumque
451 999 468 1021 a
483 988 649 1031 quibusvis
676 986 1037 1028 excommunicationis,

291 1041 569 1086 suspensionissset
586 1041 762 1081 interdicti,
778 1041 918 1084 aliisque
936 1041 1039 1073 eccle-

292 1095 432 1129 siasticis
457 1094 642 1136 sententiis,
671 1095 817 1128 censuris
843 1100 876 1127 et
908 1094 1037 1138 poenis,

293 1161 311 1183 a
335 1149 404 1182 iure
431 1149 480 1182 vel
507 1149 546 1182 ab
564 1149 708 1189 homine,
725 1148 836 1192 quavis
862 1148 1038 1181 occasione

295 1204 344 1236 vel
371 1205 468 1236 causa
486 1202 570 1243 latis,
596 1202 622 1235 si
643 1203 762 1246 quibus
789 1202 1040 1246 quomodolibet

294 1256 471 1290 innodatus
489 1255 621 1296 existit,
645 1256 685 1289 ad
711 1255 861 1289 effectum
882 1266 1039 1299 praesen-

295 1311 374 1344 tium
406 1310 574 1343 dumtaxat
606 1310 896 1353 consequendum,
923 1310 1039 1342 harum

295 1364 382 1398 serie
400 1364 608 1398 absolventes
628 1368 660 1396 et
678 1364 861 1397 absolutum
878 1364 946 1396 sore
965 1373 1040 1396 cen-

294 1423 415 1458 sentes,
430 1417 731 1461 supplicationibus
750 1417 819 1450 eius
838 1417 972 1451 nomine
987 1428 1040 1451 no·

295 1472 346 1504 bis
371 1481 472 1515 super
491 1471 555 1504 hoe
579 1470 751 1504 humiliter
771 1471 930 1515 porrectis
948 1472 1041 1505 incli-

297 1524 378 1566 nati,
404 1525 575 1558 decretum
602 1525 854 1569 praeinsertum,
877 1536 894 1558 a
918 1537 1041 1560 memo-

297 1584 368 1612 rato
394 1579 537 1622 Iosepho
563 1578 689 1612 Renato
722 1578 881 1612 cardinali
908 1585 939 1613 et
963 1591 1041 1624 pro-

298 1636 420 1665 tectore
442 1631 572 1672 editum‚
589 1637 625 1665 ut
642 1632 835 1675 praefertur,
849 1634 1041 1667 auctoritate

299 1684 492 1728 apostolica,
521 1690 635 1718 tenore
660 1686 898 1729 praesentium,
926 1687 1042 1720 confir-

299 1748 424 1771 mamus
451 1743 484 1772 et
508 1740 741 1782 approbamus,
769 1740 881 1784 illique
906 1740 1042 1774 inviola-

297 1791 373 1825 bilis
399 1792 599 1836 apostolieae
618 1791 778 1826 firmitatis
803 1795 906 1827 robur
930 1795 1042 1828 adiici-

298 1855 376 1885 mus,
396 1855 432 1878 ac
457 1856 570 1879 omnes
589 1851 620 1878 et
645 1846 789 1889 singulos
814 1847 892 1880 iuris
911 1853 943 1880 et
967 1848 1040 1882 sacti

299 1898 458 1940 desectus,
485 1899 509 1932 si
543 1893 598 1943 qui
626 1900 768 1943 desuper
793 1901 1041 1944 quomodolibet

298 1951 543 1993 intervenerint,
563 1954 764 1997 supplemus.

341 2006 356 2049 §
381 2004 413 2039 3.
440 2005 674 2045 Demi-nentes,
694 2007 825 2040 easdem
852 2014 1042 2051 praesentes

298 2059 427 2093 litteras
453 2070 585 2103 semper
610 2059 728 2101 firmas,
748 2060 870 2094 validas
889 2067 919 2094 et
938 2062 1042 2096 effica-

298 2123 352 2146 ces
371 2112 512 2147 existere
542 2117 575 2146 et
600 2113 679 2153 sore,
704 2124 846 2158 suosque
873 2116 1040 2158 plenarios

298 2172 331 2199 et
353 2166 499 2209 integros
526 2165 657 2200 effectus
683 2168 793 2200 sortiri
820 2173 852 2201 et
877 2169 1040 2210 obtinere,

298 2231 335 2254 ac
360 2220 438 2262 illis,
458 2221 497 2254 ad
523 2231 606 2264 quos
631 2228 757 2265 spectat
783 2227 815 2255 et
841 2222 872 2255 in
899 2223 1042 2257 futurum

299 2274 572 2319 quandocumque
599 2276 770 2319 spectabit,
789 2277 820 2309 in
841 2277 992 2310 omnibus
1011 2282 1043 2310 et

299 2339 358 2372 per
383 2328 492 2362 omnia
517 2329 708 2372 plenissime
735 2330 922 2374 suffragari,
948 2337 979 2364 et
1003 2332 1042 2364 ab

300 2383 345 2417 eis
370 2383 549 2427 respective
583 2383 817 2418 inviolabiliter
850 2385 1040 2426 observari,

299 2437 412 2479 sieque
440 2437 475 2470 in
507 2437 696 2480 praemissis
729 2448 787 2480 per
819 2448 1042 2482 quoscumque

300 2491 425 2525 iudices
450 2492 635 2525 ordinarios
665 2496 698 2524 et
726 2491 918 2534 delegatos,
945 2493 1043 2526 etiam

302 2553 472 2576 causarum
501 2544 612 2588 palatii
648 2545 821 2588 apostolici
852 2545 1017 2580 auditores
1035 2573 1042 2587 ,

339 2606 351 2631 1
373 2604 445 2632 Edit.
467 2605 549 2633 Maia.
572 2605 638 2641 legit
658 2607 727 2634 1704
745 2608 784 2641 (n.
801 2607 852 2642 τ.).

420 2658 498 2688 Bull.
513 2659 596 2688 Rom.
609 2675 642 2680 -
662 2660 722 2689 Vol.
740 2660 814 2689 XXI.
964 2662 982 2690 4

1730 181 1773 215 ⁶25

1077 240 1213 274 iudicari
1234 245 1265 273 et
1279 239 1408 273 definiri
1429 239 1572 279 debere,
1591 250 1628 272 ac
1643 239 1770 272 irritum
1790 244 1823 272 et

1076 294 1175 327 inane
1207 294 1233 327 si
1259 304 1352 328 secus
1377 304 1478 337 super
1510 293 1562 326 bis
1587 304 1605 326 a
1630 303 1818 336 quoquam,

1077 347 1188 391 quavis
1225 347 1442 387 auctoritate,
1469 347 1613 380 scienter
1644 347 1695 380 vel
1728 345 1822 389 igno-

1076 405 1197 440 ranter,
1224 401 1402 443 contigerit
1426 400 1594 433 attentari.

1121 454 1136 497 g
1160 454 1192 487 4.
1220 453 1289 487 Non
1310 453 1518 487 obstantibus
1546 453 1736 497 praemissis
1752 481 1759 494 ‚
1786 464 1823 487 ac

1077 507 1368 541 constitutionibus
1396 512 1428 540 et
1451 507 1717 540 ordinationibus
1747 517 1824 550 apo-

1078 561 1222 601 stolicis,
1238 570 1379 599 necnon,
1398 565 1559 603 quatenus
1577 570 1659 603 opus
1678 559 1727 600 sit,
1748 560 1825 593 dua-

1079 625 1150 647 rum
1166 614 1412 658 provineiarum
1433 619 1464 645 ct
1477 612 1608 646 Ordinis
1624 613 1823 653 huiusmodi,

1079 667 1175 701 etiam
1202 667 1396 706 iuramento,
1422 666 1673 699 confirmatione
1699 672 1827 709 aposto-

1079 721 1151 761 liea,
1176 721 1224 753 vel
1247 720 1361 764 quavis
1387 719 1540 752 firmitate
1565 720 1627 753 alia
1652 719 1825 760 roboratis,

1079 775 1208 808 statutis
1235 780 1267 808 ct
1292 773 1591 807 consuetudinibus
1612 801 1619 814 ,
1645 773 1827 817 privilegiis

1080 838 1238 871 qnoque,
1265 827 1400 860 indultis
1434 832 1466 860 et
1490 826 1610 860 litteris
1636 826 1828 870 apostolicis

1080 881 1113 913 in
1139 880 1338 914 eontrarium
1364 880 1623 924 praemissorum
1649 878 1830 922 quomodo-

1081 934 1163 967 libet
1187 934 1363 973 concessis,
1383 930 1582 967 conli'rmatis
1598 932 1826 972 etinnovatis;

1081 988 1199 1034 quibus
1233 987 1384 1021 omnibus
1410 992 1441 1020 et
1462 987 1608 1029 singulis,
1630 986 1764 1019 illorum
1783 990 1829 1018 te-

1081 1053 1178 1076 nores
1210 1042 1443 1086 praesentibus
1475 1051 1535 1084 pro
1561 1041 1659 1084 plene
1686 1045 1719 1073 et
1743 1040 1830 1073 suffi-

1082 1096 1206 1129 cienter
1232 1095 1397 1139 expressis
1417 1105 1453 1127 ac
1477 1095 1516 1128 ad
1535 1094 1670 1127 verbum
1696 1093 1829 1127 insertis

1083 1150 1254 1189 habentes,
1273 1149 1338 1182 illis
1361 1148 1440 1182 alias
1470 1148 1502 1181 in
1535 1159 1592 1181 suo
1614 1148 1732 1181 robore
1755 1158 1830 1190 per-

1084 1203 1254 1242 mansuris,
1270 1203 1307 1236 ad
1322 1201 1578 1246 praemissorum
1594 1200 1754 1241 effectum,
1768 1201 1830 1233 hae

1083 1257 1153 1289 viee
1179 1257 1365 1295 dumtaxat,
1397 1255 1587 1299 specialiter
1615 1260 1647 1287 et
1676 1264 1830 1297 expresse

1083 1311 1305 1351 derogamus,
1333 1309 1520 1352 ceterisque
1551 1307 1727 1341 contrariis
1752 1307 1827 1351 qui-

1083 1365 1301 1407 buscumquc.

1128 1418 1242 1450 Datum
1269 1417 1402 1456 Romae,
1432 1416 1519 1460 apud
1548 1415 1578 1449 S.
1603 1415 1744 1455 Petrum,
1769 1414 1829 1447 sub

1084 1472 1205 1506 annulo
1231 1471 1417 1512 Piscatoris,
1443 1471 1495 1504 die
1521 1480 1561 1503 xv
1579 1469 1691 1513 aprilis
1715 1477 1827 1509 MDCCI,

1084 1525 1294 1571 pontificatus
1315 1524 1419 1558 nostri
1438 1534 1524 1558 anno
1544 1534 1563 1557 1.

1121 1589 1180 1616 Dat.
1198 1588 1241 1615 die
1261 1588 1292 1616 15
1313 1586 1406 1624 aprilis
1428 1586 1507 1619 170¹,
1529 1585 1630 1621 pontis.
1653 1593 1724 1613 anno
1744 1592 1763 1612 1.

1415 1729 1505 1764 XVII.

1087 1813 1309 1856 Confirmatio·
1333 1811 1495 1845 decretum
1519 1809 1703 1843 cardinalis
1727 1813 1833 1853 prote-

1129 1867 1227 1900 ctoris
1258 1866 1295 1899 de
1319 1865 1506 1910 privilcqz'is
1530 1864 1833 1897 commissariorum

1129 1921 1274 1953 duarum
1298 1919 1545 1962 provinciarum
1563 1918 1598 1949 in
1615 1917 1734 1949 insulis
1751 1916 1833 1949 Plzi-

1120 1973 1273 2017 lippim's
1316 1972 1530 2005 eremitarum
1570 1969 1603 2002 S.
1648 1969 1833 2012 Auquslim'

1129 2027 1411 2060 Discalceatormn
1430 2023 1699 2067 Conpreqationis
1716 2023 1833 2066 Hispa-

1129 2080 1207 2113 niae
1221 2079 1242 2112 ¹.

1301 2160 1437 2187 Clemens
1460 2159 1540 2193 Papa
1564 2159 1612 2190 xl.

1224 2208 1260 2234 ad
1282 2206 1420 2233 futuram
1440 2205 1485 2232 rei
1506 2204 1694 2233 memoriam.

1131 2278 1189 2322 gi.
1210 2277 1327 2321 Nuper,
1346 2288 1406 2321 pro
1425 2283 1518 2320 parte
1538 2276 1647 2310 dilecti
1669 2276 1725 2310 filii
1745 2277 1835 2310 Ioan-

1086 2332 1135 2365 nis
1162 2331 1295 2364 Antonii
1323 2342 1339 2363 a
1369 2330 1401 2363 S.
1431 2329 1613 2372 Augustino
1639 2335 1832 2373 procurato-

1087 2387 1132 2419 ris
1160 2385 1324 2428 generalis
1358 2384 1549 2427 provinciae
1582 2384 1613 2416 S.
1642 2383 1766 2417 Nicolai
1793 2383 1832 2416 de

1086 2439 1262 2473 Tolentino
1300 2438 1332 2470 in
1367 2437 1482 2470 insulis
1520 2437 1720 2481 Philippinis
1752 2437 1833 2471 Con-

1125 2522 1134 2546 1
1158 2520 1197 2546 De
1210 2518 1432 2554 procuratoribus
1449 2521 1475 2544 et
1490 2517 1678 2544 definitoribus
1698 2517 1833 2543 dictarum

1087 2563 1288 2599 provinciarum
1309 2562 1368 2589 vide
1384 2562 1491 2590 constit.
1512 2569 1615 2597 praec.;
1633 2561 1698 2588 item
1715 2569 1832 2596 sequen-

1086 2613 1142 2638 tem
1164 2608 1211 2637 ubi
1230 2609 1321 2644 agitur
1341 2607 1375 2635 de
1391 2606 1530 2636 vocalibus
1543 2606 1572 2634 in
1589 2605 1721 2643 capitulis.

1819 190 1868 218 An.
1891 189 1918 216 C.
1945 189 2009 217 ¹701

1858 463 2018 483 Cutinam-vrum

1835 491 1955 514 ‹li—rogatio.

1885 2282 1913 2302 Et
1943 2281 2029 2302 «terreto

1845 2309 1959 2328 delinitorii
1995 2315 2030 2333 ge-

1845 2336 1922 2355 neunt-s
1943 2340 2029 2354 conces-

1845 2368 1880 2381 sus
1896 2362 1933 2381 suit
1952 2361 2030 2381 suffra-

1846 2394 1914 2413 gium„
1927 2394 1951 2407 av
1965 2388 2030 2407 eti-un

1845 2417 1988 2439 exrtnplwnes
1997 2420 2030 2434 (⁸¹-

1851 2441 2014 2466 provimwaliutn
2025 2457 2030 2464 ,

1845 2467 2030 2488 cnxuiiussarnsdt·
