2269 3203
75 211 125 240 Au.
139 209 170 238 C.
193 208 261 238 ¹704

120 2616 240 2642 clausulae.

908 205 1050 231 CLEMENS
1074 206 1107 230 XI
1131 207 1180 232 1³1³.

271 258 512 299 manicationis,
539 257 764 301 suspensionis
784 262 815 289 et
836 256 1012 295 interdicti,

272 312 409 355 aliisque
437 310 666 345 ecclesiasticis
694 310 875 349 sententiis,
903 320 1015 341 censu-

272 366 316 399 ris
342 373 373 398 et
397 365 523 408 poenis
550 375 567 397 a
603 365 672 397 iure
705 365 755 397 vel
790 363 829 396 ab
866 363 1013 402 bomine,

272 419 384 462 quavis
404 419 576 451 occasione
600 419 649 451 vel
676 420 770 450 cansa
796 416 881 456 tatis,
901 416 924 448 si
945 416 1015 459 qui-

272 474 331 505 bns
356 472 608 516 quomodolibet
631 471 808 504 innodatus
835 470 957 510 existit,
976 470 1014 502 ad

273 525 421 559 ellectum
447 525 667 570 praesentium
699 524 865 557 dumtaxat
896 534 1012 557 conse->

273 580 451 623 quendum,
486 579 599 612 barum
624 579 708 612 serie
744 579 951 611 absolventes
985 582 1016 610 et

273 633 462 667 absolutum
496 633 563 666 sore
604 637 792 672 censentes,
826 631 1014 664 huiusmodi

274 687 568 732 supplicationibus
595 687 754 726 inclinati,
782 686 821 719 de
848 685 1017 718 venerabi-

275 741 354 774 lium
381 742 517 775 fratrum
544 746 732 773 nostrorum
752 740 783 773 S.
805 740 840 772 R.
861 739 895 773 E.
915 739 1017 772 cardi-

274 794 396 827 nalium
415 794 556 837 negotiis
584 799 615 827 et
640 793 934 827 consultationilms
952 793 1016 836 epi-

275 857 448 891 scoporum
468 853 499 881 et
517 848 715 891 regularium
742 847 1016 891 praepositorum,

275 903 329 945 qui
354 902 548 936 relationem
571 902 767 935 venerabilis
787 901 894 933 fratris
913 900 1015 933 nostri

277 954 398 988 Nicolai
424 955 570 999 episcopi
598 955 785 988 Portuensis
810 954 925 987 SRE.
949 964 1017 986 car-

277 1008 394 1042 dinalis
415 1009 568 1042 Acciaioli
589 1009 775 1052 nuncupati,
792 1009 866 1041 dicti
885 1008 1016 1041 Ordinis

277 1063 361 1106 apud
388 1073 447 1096 nos
474 1069 505 1096 et
536 1062 652 1096 Sedent
690 1062 907 1106 Apostolicam
945 1072 1018 1105 pro-

279 1117 418 1156 tectoris,
454 1127 554 1160 snper
586 1116 776 1160 praemissis
812 1116 1016 1154 amlirerunt,

277 1180 313 1202 ac
327 1171 548 1213 praeinsertos
566 1169 721 1203 articulos
741 1170 891 1202 viderunt
919 1173 1017 1211 atque

278 1229 402 1257 mature
422 1224 680 1267 perpenderunt,
695 1223 842 1263 consilio,
858 1223 942 1255 dicto
955 1223 1018 1254 An-

277 1277 382 1319 gelico
408 1277 590 1315 exricario‚
616 1276 779 1310 definitori
817 1281 848 1308 et
869 1275 1018 1308 commis-

278 1331 363 1364 sario
389 1331 534 1374 generali
560 1331 766 1374 supradictos
792 1330 905 1362 decem
933 1339 1013 1361 con-

279 1390 392 1418 ventus
413 1384 452 1416 ab
467 1384 538 1417 aliis
558 1394 674 1417 norem
692 1383 905 1416 conventibus
922 1392 1017 1429 prae-

279 1437 386 1478 dictis,
429 1438 511 1470 sicut
547 1437 788 1481 praemittitur,
825 1435 1017 1469 auctoritate

279 1494 390 1525 nostra
422 1491 599 1536 apostolica
633 1495 793 1535 perpetuo
824 1488 1018 1533 segregandi

279 1551 311 1578 et
335 1546 529 1590 separandi,
561 1555 596 1578 ac
625 1556 661 1578 ex
699 1545 737 1577 iis
771 1545 883 1577 decem
922 1554 1017 1576 unam

281 1600 458 1640 Vallonam,
475 1610 511 1632 ex
531 1599 706 1643 praedictis
723 1609 799 1631 rere
813 1608 930 1630 novem
945 1608 1020 1630 eon-

281 1653 438 1693 ventibus,
454 1653 499 1686 sic
522 1653 700 1696 segregatis
727 1658 759 1685 et
783 1652 954 1695 separatis,
975 1652 1020 1684 al-

283 1712 384 1740 teram
421 1706 635 1739 Leodiensem
671 1706 850 1749 respective
888 1716 1016 1738 nuncu-

281 1760 404 1803 pandas
428 1759 613 1803 provincias
640 1760 724 1792 dicta
750 1759 943 1792 auctoritate
968 1759 1020 1791 iti-

281 1813 353 1845 dem
379 1818 540 1856 perpetuo
566 1812 712 1855 erigendi
746 1818 777 1844 et
812 1812 1017 1853 instituendi,

281 1865 425 1909 ipsisque
451 1865 542 1898 novis
561 1865 739 1909 provinciis
758 1869 789 1898 et
803 1865 929 1898 illarum
947 1877 1021 1898 con-

283 1919 432 1952 ventibus
450 1919 625 1963 praedictis
643 1919 771 1959 limites,
790 1919 939 1959 confinia,
960 1919 1021 1952 dis-

283 1972 392 2005 trictus
413 1978 444 2007 et
469 1973 734 2017 quaestuationes
759 1973 845 2006 iuxta
866 1972 1021 2005 articulos

281 2027 505 2070 praeinsertos
530 2027 721 2060 auctoritate
752 2027 917 2070 praedicta
944 2027 1022 2060 assi-

282 2080 423 2123 gnandi,
450 2081 624 2124 omniaque
661 2087 692 2113 et
727 2081 854 2123 singula
891 2081 952 2113 alia
989 2081 1020 2113 in

283 2135 408 2168 eisdem
441 2135 586 2168 articulis
619 2139 771 2168 contenta
807 2139 839 2167 et
869 2145 1022 2177 expressa

281 2188 447 2232 praedicta
459 2189 649 2222 auctoritate
660 2188 845 2228 ordinandi,
859 2188 1020 2221 statuendi

283 2247 316 2274 et
329 2242 512 2275 executioni
531 2241 720 2275 demandari
739 2241 889 2283 l'aciendi,
909 2252 1022 2285 quam-

284 2305 420 2338 cumque
435 2295 651 2328 necessariam
678 2301 709 2327 et
734 2300 952 2339 opportunam
978 2295 1022 2328 sa-

284 2349 437 2382 cultatem
463 2355 494 2382 et
518 2349 696 2389 licentiam,
730 2349 843 2382 eadem
880 2349 1021 2382 auetori-

286 2406 361 2442 tate,
389 2407 501 2435 tenore
526 2403 767 2446 praesentium,
794 2402 964 2435 tribuimus
992 2408 1023 2435 et

287 2453 504 2497 impertimur·‚
519 2457 604 2488 salva
619 2461 725 2489 tamen
740 2466 869 2499 semper
884 2456 914 2488 in
933 2467 1022 2499 prae-

287 2506 393 2539 missis
418 2509 610 2542 anctoritate
644 2509 915 2552 Congregationis
948 2519 1021 2542 me-

287 2565 487 2593 moratorum
512 2562 737 2595 cardinalium.

331 2613 345 2658 ἓ
370 2612 401 2647 3.
428 2613 659 2658 Decernentes‚
682 2616 813 2650 easdem
831 2621 1022 2659 praesentes

1059 257 1183 289 litteras
1208 266 1336 300 semper
1361 257 1480 296 firmas,
1497 257 1618 290 validas
1644 263 1676 290 et
1701 258 1806 291 effica-

1059 321 1113 342 ces
1138 310 1277 343 existere
1304 316 1335 342 et
1363 310 1451 350 sore,
1478 321 1620 354 suosque
1641 312 1806 354 plenarios

1060 369 1091 395 et
1120 363 1267 406 integros
1288 363 1422 396 effectus
1447 364 1554 397 sortiri
1589 369 1620 396 et
1644 364 1804 404 obtinere,

1060 428 1096 450 ac
1114 417 1191 456 illis,
1211 418 1249 450 ad
1276 428 1356 460 quos
1381 423 1507 461 spectat
1531 423 1563 450 et
1580 428 1639 461 pro
1659 423 1805 461 tempore

1059 471 1337 515 quandocumque
1378 472 1564 514 spectabit,
1592 472 1623 504 in
1649 472 1804 505 omnibus

1061 530 1091 557 et
1116 535 1174 568 per
1199 525 1308 558 omnia
1338 525 1530 568 plenissime
1564 524 1748 568 suflragari,
1774 531 1805 558 et

1061 579 1101 611 ab
1127 579 1173 611 eis
1206 585 1384 622 respective
1420 578 1654 611 inviolabiliter
1688 579 1806 611 obser-

1062 632 1145 673 vari,
1180 632 1292 676 sicque
1333 633 1363 665 in
1401 632 1590 676 praemissis
1626 642 1688 675 per
1712 642 1806 675 quos·

1061 698 1200 731 cumque
1219 687 1346 720 indices
1365 687 1554 720 ordinarios
1573 693 1605 720 et
1625 688 1805 730 delegatos,

1062 741 1156 775 ctiam
1187 751 1355 774 causarum
1382 740 1493 784 palatii
1516 741 1684 784 apostolici
1711 741 1804 774 audi-

1062 801 1160 835 tores,
1175 795 1310 828 iudicari
1329 801 1360 828 et
1377 795 1504 828 deliniri
1525 796 1646 828 debere
1659 823 1666 835 ,
1687 806 1722 828 ac
1741 795 1808 828 irri-

1063 854 1128 881 tum
1158 854 1190 882 et
1209 849 1306 882 inane
1329 850 1354 881 si
1378 859 1474 882 secus
1500 860 1599 892 super
1623 849 1672 881 liis
1698 860 1714 881 a
1733 858 1809 892 quo-

1062 914 1166 947 quam,
1200 902 1311 946 quavis
1344 903 1545 943 auctoritate,
1578 902 1723 935 scienter
1757 902 1807 935 vel

1062 958 1262 1000 ignoranter,
1291 956 1470 1000 contigerit
1490 957 1656 989 attentari.

1106 1011 1120 1054 ἓ
1145 1011 1175 1043 [ι.
1204 1011 1273 1044 Non
1303 1010 1510 1044 obstantibus
1543 1009 1742 1053 praemissis,
1771 1020 1807 1042 ac

1063 1064 1354 1097 constitutionibus
1380 1068 1411 1098 et
1443 1064 1711 1097 ordinationibus
1732 1075 1807 1108 apo-

1063 1118 1198 1158 stolicis,
1222 1129 1353 1152 necnon
1383 1118 1514 1151 Ordinis
1552 1123 1584 1151 et
1619 1117 1805 1162 provinciae

1064 1172 1258 1212 Yallonicae,
1272 1182 1308 1205 ac
1330 1172 1416 1204 illius
1438 1170 1675 1205 conventuum¹
1695 1170 1808 1204 huius-

1063 1225 1161 1264 modi,
1178 1225 1289 1258 aliisve
1309 1225 1486 1269 quibusvis,
1502 1225 1598 1258 etiam
1614 1225 1807 1265 iuramentO,

1063 1278 1311 1311 confirmatione
1338 1278 1523 1322 apostolica,
1546 1279 1593 1311 rel
1621 1278 1734 1322 quavis
1757 1277 1808 1310 [ir-

1064 1331 1172 1364 mitate
1194 1331 1255 1364 alia
1273 1331 1450 1372 roboratis,
1474 1331 1600 1364 statutis
1619 1336 1651 1363 et
1669 1341 1808 1364 consuc-

1064 1385 1243 1425 tudinibus,
1275 1384 1456 1428 privilegiis
1490 1395 1633 1428 quoque,
1672 1384 1807 1417 indultis

1064 1444 1094 1472 et
1107 1438 1224 1472 litteris
1240 1437 1431 1482 apostolicis·
1450 1438 1480 1470 in
1497 1438 1696 1471 contrarium
1716 1448 1809 1481 prae-

1063 1493 1235 1526 missorum
1261 1491 1511 1536 quomodolibet
1536 1491 1713 1531 concessis,
1736 1501 1809 1524 eon-

1064 1546 1198 1579 tirmatis
1216 1552 1248 1580 et
1265 1546 1448 1586 innovatis3
1473 1545 1590 1589 quibus
1607 1545 1758 1579 omnibus
1778 1550 1809 1578 et

1064 1600 1211 1644 singulis,
1251 1601 1382 1633 illorum
1408 1605 1542 1632 tenores
1576 1598 1807 1643 praesentibus

1064 1665 1123 1697 pro
1157 1654 1253 1697 plene
1286 1659 1318 1686 et
1348 1653 1547 1686 sufficienter
1583 1652 1747 1696 expressis
1773 1662 1809 1685 ac

1064 1708 1101 1740 ad
1122 1708 1257 1740 verbum
1282 1707 1412 1740 insertis
1438 1706 1609 1746 habentes,
1636 1706 1702 1739 illis
1728 1706 1808 1738 alias

1064 1761 1096 1793 in
1122 1771 1181 1793 suo
1207 1761 1326 1793 robore
1343 1760 1574 1804 permansuris,
1594 1759 1632 1792 ad
1651 1759 1810 1802 praemis-

1064 1826 1173 1847 sorum
1195 1814 1356 1854 effectum,
1373 1815 1433 1847 bac
1451 1814 1517 1846 rice
1540 1814 1716 1853 dumtaxat,
1740 1823 1810 1856 spe-

1064 1869 1190 1902 cialiter
1209 1874 1240 1902 et
1260 1879 1415 1912 expresse
1440 1867 1650 1910 derogamus;
1678 1867 1811 1900 ceteris-

1065 1933 1127 1965 que
1153 1921 1326 1955 contrariis
1352 1921 1626 1964 quibuscumque.

1108 1975 1222 2008 Datum
1249 1975 1384 2014 Romae,
1413 1975 1500 2018 apud
1519 1974 1551 2007 S.
1579 1974 1722 2014 Petrum,
1747 1973 1808 2006 sub

1065 2031 1187 2062 annulo
1212 2028 1397 2068 Piscatoris‚
1427 2027 1479 2060 dic
1505 2038 1514 2061 1
1543 2027 1648 2060 martii
1675 2037 1805 2067 muceiv,

1065 2083 1272 2126 pontificatus
1290 2082 1392 2116 nostri
1409 2092 1495 2115 anno
1516 2092 1558 2115 1v.

1101 2146 1158 2173 Dat.
1182 2146 1226 2174 die
1248 2148 1257 2173 l
1283 2146 1373 2173 martii
1395 2146 1473 2180 1704,
1495 2144 1591 2181 pontis.
1609 2153 1680 2172 anno
1701 2152 1736 2171 lv.

1391 2270 1467 2304 LXI.

1068 2349 1290 2392 Confirmatur
1329 2353 1358 2382 et
1397 2348 1582 2392 ampliatur
1620 2348 1809 2382 constitutio

1110 2402 1214 2436 Pauli
1233 2402 1290 2435 III
1314 2401 1352 2434 cle
1363 2402 1552 2446 privileyiis
1572 2402 1809 2445 neophytorum

1110 2454 1218 2498 quoad
1244 2455 1326 2488 bona
1352 2455 1559 2498 temporalia,
1587 2465 1660 2487 cum
1678 2454 1810 2498 quibus-

1111 2509 1187 2542 dam
1212 2507 1507 2542 ordimctiom'buffl.

1103 2581 1113 2606 1
1137 2579 1208 2608 Edit.
1228 2580 1306 2608 Μαίη.
1329 2580 1394 2616 legit
1409 2582 1576 2608 conventum
1598 2580 1634 2612 (n.
1652 2580 1700 2611 au).

1100 2625 1117 2651 2
1137 2624 1173 2654 De
1194 2625 1242 2654 liae
1263 2634 1292 2653 re
1312 2625 1373 2654 vide
1393 2625 1515 2660 Gregorii
1535 2623 1592 2651 Xlll
1615 2625 1725 2653 constit.
1741 2623 1808 2652 edit.

1701 198 1765 234 107
1811 207 1862 235 An.
1883 207 1911 235 c.
1929 207 1998 236 «τοι

1842 1014 2001 1035 Contrarlorum

1818 1042 1938 1067 derogatum.
