2269 3203
302 257 350 283 Αη.
368 257 397 283 c.
421 256 488 283 1720
534 247 596 280 848

349 1045 483 1065 Confirmatio

299 1072 359 1092 relati
376 1072 463 1092 decreti.

326 2426 445 2446 Clausulam.

494 305 558 344 bus,
576 315 650 345 quae
672 315 686 335 a
710 305 796 335 dictis
818 304 978 335 lectoribus
1000 302 1231 339 adducebantur,

494 359 521 384 et
544 354 572 383 in
596 354 696 384 eadem
716 354 943 393 Congregatione
961 351 1130 391 particulari
1153 350 1234 379 exhi-

494 403 570 432 bitae
593 412 650 432 non
668 403 796 439 suerunt,
814 411 871 432 non
890 410 952 431 esse
969 401 1065 430 locum
1082 398 1233 429 abolitioni

494 451 708 491 praedii-torum
743 451 923 480 indultorum
951 454 979 478 et
1012 447 1233 487 privilegiorum

493 500 655 530 dicebatur.
675 500 747 529 ilinc
770 500 865 529 denuo
887 499 922 528 de
944 497 1080 527 mandato
1103 496 1233 526 eiusdem

494 549 669 578 sanctissimi
693 548 803 578 domini
826 547 927 579 nostri,
945 546 1046 576 eadem
1064 544 1234 584 particulari

494 597 725 635 Congregatione
748 595 849 625 habita
871 595 916 624 die
939 594 1012 624 iovis
1032 603 1098 623 xxlx
1120 592 1234 631 augusti

495 655 633 683 Moccxx,
657 648 685 674 et
708 644 861 684 perpensis
893 643 970 673 dicto
992 643 1109 672 decreto
1136 650 1235 671 sacrae

495 693 735 732 Congregationis
772 693 973 732 episcoporum
1002 696 1030 721 et
1056 690 1234 729 regularium

495 743 621 782 aliisque
644 742 810 781 praetensis
832 740 996 770 rationibus
1019 739 1234 779 praedictorum

495 792 650 828 lectorum,
680 789 905 819 eminentissimi
933 792 1029 828 patres
1059 788 1237 818 unanimiter

494 840 614 869 suerunt
636 839 666 868 in
689 848 792 868 sensu:
810 837 950 868 Standum
973 847 1037 867 esse
1058 838 1088 866 in
1111 836 1236 866 decretis

495 888 548 918 sub
582 888 628 918 die
663 897 730 917 xvni
763 888 826 917 iulii
850 887 981 927 proxime
1010 886 1175 926 praeteriti.
1198 904 1236 909 —

496 937 517 967 1.
535 937 567 968 D.
586 937 666 967 card.
690 937 908 967 Panaeciimus.
932 952 969 958 —
996 935 1016 967 l.
1041 934 1236 974 archiepisco-

495 995 549 1026 pus
572 985 778 1024 Damaseenus,
802 985 989 1016 secretarius.

539 1037 554 1080 ξ
579 1035 610 1068 ⁶2.
638 1035 715 1068 Cum
742 1040 861 1075 autem,
889 1035 972 1068 sicut
1004 1034 1115 1068 dilecti
1141 1033 1235 1067 etiam

496 1089 552 1124 tilii
579 1089 766 1132 superiores
800 1087 929 1121 Ordinis
954 1087 1112 1131 praedicti
1139 1087 1234 1121 nobis

496 1143 634 1176 subinde
661 1142 780 1185 exponi
807 1142 963 1181 fecerunt,
982 1141 1042 1185 ipsi
1068 1141 1235 1175 decretum

495 1196 696 1235 huiusmodi,
717 1206 780 1238 quo
798 1194 921 1227 firmius
940 1195 1095 1227 subsistat
1121 1199 1152 1227 et
1170 1205 1235 1228 ser-

494 1255 586 1283 vetur
612 1249 766 1290 exactius,
793 1248 993 1292 apostolicae
1020 1248 1236 1282 confirmatio-

493 1303 544 1336 nis
570 1308 703 1336 nostrae
736 1302 919 1346 patrocinio
946 1302 1137 1335 communiri
1163 1303 1236 1345 plu-

492 1357 609 1389 rimum
633 1356 843 1389 desiderent:
871 1366 940 1395 nos,
957 1355 1133 1399 specialem
1156 1355 1235 1399 ipsis

494 1410 735 1454 exponentibus
752 1410 888 1453 gratiam
908 1410 1014 1443 facere
1028 1410 1188 1450 volentes,
1207 1416 1238 1443 et

494 1474 608 1497 eorum
633 1464 816 1506 singulares
842 1473 999 1505 personas
1025 1473 1041 1495 a
1067 1463 1236 1506 quibusvis

493 1517 847 1556 excommunicationis,
872 1517 1096 1560 suspensionis
1130 1522 1161 1549 et
1192 1517 1238 1549 in-

494 1571 633 1611 terdicti,
652 1570 790 1613 aliisque
809 1569 1037 1603 ecclesiasticis
1052 1570 1237 1609 sententiis,

493 1625 640 1656 censuris
660 1628 691 1656 et
707 1624 830 1667 poeniS,
848 1634 865 1656 a
883 1623 952 1655 iure
971 1623 1019 1655 vel
1035 1623 1074 1655 ab
1095 1622 1238 1662 bomine,

494 1677 607 1720 quavis
632 1676 804 1709 occasione
830 1677 879 1709 vel
905 1678 1000 1708 causa
1022 1676 1105 1713 latis,
1124 1676 1150 1708 si
1169 1675 1239 1718 qui-

493 1730 553 1762 bus
589 1729 836 1773 quomodolibet
867 1729 1041 1761 innodatae
1078 1728 1237 1769 existunt,

493 1784 532 1816 ad
559 1782 706 1815 effectum
725 1782 949 1825 praesentium
976 1782 1143 1814 dumtaxat
1163 1792 1240 1815 con-

493 1836 707 1879 sequendum,
736 1836 850 1868 harum
875 1835 958 1868 serie
976 1836 1182 1868 absolventes
1208 1840 1240 1868 ct

493 1889 659 1922 absolutas
690 1889 759 1921 fore
787 1893 971 1929 censentes,
994 1888 1240 1932 supplicationi-

492 1944 551 1975 bus
577 1953 689 1975 eorum
709 1942 840 1975 nomine
859 1941 954 1975 nobis
979 1953 1078 1986 super
1103 1942 1165 1975 hoc
1182 1942 1241 1975 hu-

492 1996 612 2030 militer
626 1995 785 2039 porrectis
803 1995 959 2035 inclinati,
972 1996 1138 2028 decretum
1152 2006 1241 2039 prae.

493 2051 666 2090 insertum,
689 2049 885 2082 auctoritate
910 2048 1105 2092 apostolica,
1127 2056 1240 2084 tenore

492 2103 733 2146 praesentium,
763 2103 983 2146 approbamus
1011 2108 1043 2136 et
1069 2103 1240 2137 confirma-

492 2167 573 2196 mus,
599 2157 715 2199 illique
741 2156 944 2189 inviolabilis
965 2157 1166 2200 apostolicae
1187 2158 1240 2190 fir-

492 2209 613 2243 mitatis
649 2210 748 2243 robur
782 2210 973 2249 adiicimus,
1000 2221 1036 2243 ac
1061 2221 1175 2244 omnes
1209 2217 1240 2245 et

495 2263 641 2305 singulos
666 2263 747 2295 iuris
773 2269 804 2296 et
829 2264 902 2296 facti
938 2264 1103 2304 detectus,
1133 2265 1158 2297 si
1184 2265 1238 2308 qui

496 2317 637 2359 desuper
675 2317 927 2360 quomodolibet
970 2317 1237 2359 intervenerint,

496 2370 698 2412 supplemus.

539 2422 553 2465 ᾗ
577 2421 609 2455 3.
638 2421 872 2462 Decernentes,
891 2422 1021 2456 easdem
1046 2428 1237 2466 praesentes

495 2475 620 2509 litteras
642 2485 775 2518 semper
792 2475 912 2515 sirmas,
936 2476 1059 2509 validas
1081 2481 1112 2509 et
1134 2477 1238 2509 effica-

497 2539 550 2562 ces
573 2528 710 2561 existere
734 2533 766 2561 et
790 2528 868 2568 fore,
896 2538 1037 2572 suosque
1070 2529 1237 2572 plenarios

497 2587 528 2615 et
553 2581 699 2624 integros
721 2579 852 2614 effectus
873 2581 982 2614 sortiri
1009 2586 1040 2614 et
1064 2582 1212 2616 obtinere
1226 2610 1233 2623 ‚

497 2645 534 2669 ac
555 2635 593 2668 ab
618 2634 695 2676 illis,
720 2634 759 2668 ad
778 2644 859 2679 quos
885 2639 1009 2680 spectat
1026 2639 1058 2669 et
1076 2645 1135 2680 pro
1161 2641 1236 2670 tem-

1074 253 1254 278 BULLARIUM
1280 250 1435 275 ROMANUM

2023 248 2070 274 An.
2092 247 2121 274 C.
2143 247 2211 274 ¹720

1276 310 1355 342 pore
1376 298 1646 342 quandocumque
1662 297 1834 341 spectabit,
1852 296 2016 330 inviolabi-

1277 352 1351 385 liter
1374 351 1550 390 observari,
1572 351 1695 394 sicque,
1715 356 1776 383 etc.
1792 350 1814 382 ¹.

1320 406 1334 448 ἓ
1369 405 1401 438 4.
1428 404 1498 437 Non
1524 404 1729 437 obstantibus
1755 403 1956 446 praemissis,
1981 413 2016 435 ac
2041 414 2212 437 pemmonem„

1277 458 1564 491 constitutionibus
1591 462 1622 490 et
1647 457 1910 490 ordinationibus
1941 444 2149 499 apo-‘fasmmffl'

1278 511 1407 551 stolicis,
1434 521 1572 549 necnon,
1595 516 1753 554 quatenus
1771 520 1851 552 opus
1869 509 1921 548 sit„
1941 509 2015 542 dicti

1278 564 1416 604 Ordinis,
1437 564 1535 596 etiam
1562 564 1753 602 iuramento,
1781 563 1879 596 etc.‘¹.

1322 618 1336 660 ἓ
1351 617 1381 650 5.
1395 617 1548 650 Volumus
1563 621 1671 649 antem
1685 616 1914 649 utearumdem
1928 626 2017 658 prae·

1279 670 1420 703 sentium
1446 669 1630 703 litterarum
1656 668 1880 712 transumptis,
1896 674 1955 723 etc.
1971 668 1992 700 ³.

1322 723 1438 755 Datum
1476 723 1609 761 Romae,
1637 723 1723 765 apud
1746 722 1777 754 S.
1804 721 1933 754 Mariam
1957 721 2019 754 Ma-

1280 776 1397 816 iorem,
1423 776 1482 808 sub
1508 776 1630 808 annulo
1668 775 1862 814 Piscatori5‚
1888 774 1939 807 die
1976 784 2019 808 vn

1281 829 1477 872 septembris
1502 839 1648 868 mccxx,
1683 828 1891 871 pontificatus
1916 827 2019 861 nostri

1280 893 1367 916 anno
1392 893 1443 916 xx.

1317 944 1375 971 Dat.
1393 944 1436 971 die
1454 945 1466 971 7
1488 944 1654 979 septembris
1673 944 1753 976 1720,
1771 944 1868 979 pontis.
1885 951 1956 971 anno
1977 951 2019 970 xx.

2067 626 2129 647 futen
2157 629 2212 648 tran·

2028 655 2165 680 sumptorum.

1559 1087 1739 1120 CCLxxlx.

1279 1164 1479 1199 Extemlz'tar
1517 1174 1674 1197 numerus
1709 1163 1880 1196 octodecim
1916 1163 2021 1206 Μαρί-

1323 1223 1465 1251 strorum
1481 1228 1540 1261 pro
1555 1217 1725 1261 provincia
1750 1215 1940 1250 Peruvianci
1966 1215 2023 1250 Or-

1324 1271 1414 1304 dinis
1438 1271 1650 1304 eremitarum
1674 1271 1781 1303 sancti
1804 1267 2020 1313 Aaoustbzi‘.

1496 1352 1630 1379 Clemens
1653 1351 1731 1385 Papa
1751 1340 1801 1384 XI,

1403 1396 1439 1423 ad
1459 1399 1636 1430 perpetuam
1655 1395 1699 1422 rei
1719 1395 1901 1423 memoriam.

1325 1468 1339 1509 ᾗ
1358 1467 1388 1499 l.
1405 1466 1527 1510 Exponi
1542 1467 1637 1499 uobis
1654 1477 1759 1510 nuper
1777 1466 1924 1499 fecerunt
1938 1466 2018 1500 dile·
2056 1479 2214 1509 effluimus

1282 1520 1324 1553 cti
1339 1520 1397 1553 filii
1415 1520 1530 1553 fratres
1548 1519 1735 1563 provinciae
1754 1520 1951 1553 Peruvianae
1968 1520 2019 1553 Or·
2030 1508 2216 1557 {dixm‘tlv'msssf

1283 1573 1366 1606 dinis
1381 1573 1589 1606 eremitarum
1609 1572 1710 1605 sancti
1724 1573 1905 1615 Augustini,
1918 1573 2018 1616 quod,
2030 1564 2216 1611 323⁰qllissq32221

1283 1636 1354 1658 cum
1379 1626 1412 1658 in
1439 1626 1552 1658 eadem
1578 1625 1745 1668 provincia
1769 1635 1922 1658 uumerus
1949 1614 2217 1658 1·eli-¹³⁰¹³⁸'⁵“⁰‘¹¹m'
2266 1619 2269 1622 ’

1284 1679 1449 1721 giosorum
1476 1684 1586 1711 auctus
1604 1679 1654 1718 sit,
1673 1678 1826 1722 illiusque
1841 1685 2022 1712 conventus

1284 1732 1317 1763 in
1342 1736 1427 1763 statu
1453 1731 1529 1764 satis
1548 1731 1638 1764 diviti
1656 1731 1875 1775 reperiantur,
1893 1742 2021 1765 necnon

1285 1784 1317 1816 in
1342 1784 1457 1817 ultimo
1481 1785 1627 1818 examine
1645 1790 1780 1828 peracto
1801 1784 1945 1827 religiosi
1964 1785 2023 1817 ha-

1284 1838 1366 1872 biles
1394 1845 1425 1872 et
1449 1849 1584 1882 capaces
1610 1839 1649 1871 ad
1675 1839 1940 1882 consequendum
1958 1849 2024 1872 ma-

1285 1891 1407 1937 gisterii
1433 1892 1465 1924 in
1492 1893 1583 1925 sacra
1613 1891 1779 1934 theologia
1804 1892 1941 1934 gradum
1972 1903 2024 1925 us-

1285 1957 1347 1990 que
1373 1945 1410 1978 ad
1437 1955 1607 1978 numerum
1634 1944 1882 1988 quinquaginta,
1909 1945 1962 1989 qui
1984 1950 2024 1978 ta·
2262 1957 2266 1980 t

1285 2010 1358 2032 men
1385 2000 1495 2032 laurea
1512 1998 1646 2031 emerita
1663 1998 1778 2031 donari
1798 1998 2022 2041 nequiverunt,

1285 2063 1321 2085 ex
1349 2062 1412 2096 quo
1438 2052 1469 2084 in
1495 2051 1661 2095 provincia
1679 2050 1865 2084 huiusmodi
1891 2052 2022 2085 octode-
2261 2055 2264 2087 t

1284 2106 1346 2139 cim
1371 2105 1517 2148 magistri
1543 2105 1575 2137 in
1600 2105 1713 2138 eadem
1745 2106 1834 2138 sacra
1858 2104 2023 2147 theologia

1283 2164 1510 2199 numerantur,
1527 2158 1650 2202 reperti
1677 2158 1812 2198 suerint,
1840 2157 1901 2201 ipsi
1926 2168 2022 2201 expo-

1284 2218 1406 2253 nentes,
1426 2223 1489 2256 qno
1509 2211 1670 2254 religiosis
1695 2211 1870 2255 praedictis
1888 2210 1960 2244 novi
1982 2212 2020 2244 ad

1283 2266 1389 2299 studia
1413 2271 1445 2299 et
1468 2265 1601 2298 virtutes
1626 2264 1748 2297 stimuli
1773 2264 1945 2305 addantur,
1962 2275 2021 2297 nu-

1319 2339 1329 2362 1
1354 2336 1468 2372 Reliqua
1487 2339 1516 2363 ut
1535 2344 1595 2370 pag.
1614 2335 1665 2362 703
1684 2343 1702 2361 a
1721 2335 1759 2368 (a.
1776 2335 1824 2368 τ.).

1317 2381 1332 2406 ⁹2
1354 2380 1386 2407 Ut
1405 2388 1488 2415 supra
1506 2379 1572 2406 ibid.
1593 2385 1632 2411 (a.
1650 2380 1700 2410 τ.).

1317 2424 1332 2450 3
1352 2425 1388 2451 Ut
1407 2432 1469 2458 pag.
1491 2423 1541 2450 704
1560 2432 1578 2449 α
1597 2425 1635 2456 (R.
1656 2424 1704 2456 T.).

1316 2469 1328 2494 A
1352 2467 1441 2495 Const.
1459 2467 1502 2494 ed.
1523 2473 1642 2499 moccxn,
1659 2466 1701 2493 die
1722 2467 1756 2493 ⁶26
1775 2466 1915 2500 februarii,
1935 2467 2022 2503 ponti·
2266 2462 2269 2504 Ι

1281 2512 1374 2539 ticatus
1394 2519 1440 2545 xn,
1454 2514 1550 2538 auctus
1566 2511 1616 2538 fnit
1636 2520 1765 2539 numerus
1785 2511 1975 2546 magistrorum
1994 2513 2020 2538 in
2258 2507 2269 2565 ἶ

1280 2556 1418 2593 provincia
1437 2556 1562 2590 Liuiana5
1583 2559 1609 2582 et
1628 2555 1778 2582 innocentii
1798 2555 1856 2582 >2111
1873 2559 1960 2583 const.
1976 2555 2020 2583 ed·
2264 2586 2269 2595 1

1279 2606 1405 2635 Mbccxxl,
1426 2600 1469 2627 die
1488 2599 1519 2626 18
1537 2599 1704 2634 novembris,
1726 2599 1821 2635 pontif.
1843 2608 1863 2631 1,
1879 2599 2020 2626 reducitur
2266 2600 2269 2646 i

1279 2653 1408 2674 numerus
1427 2645 1619 2682 magistrorum
1638 2645 1667 2673 in
1686 2645 1826 2681 provincia
1840 2644 1983 2673 Castellae.
