2269 3203
104 200 154 228 Au.
170 198 200 227 C.
219 198 290 227 1714

914 200 1056 225 CLEMENS
1081 200 1114 224 Χῖ
1139 201 1188 225 ΙΨ.

299 249 396 291 modi,
413 255 445 284 et
461 249 500 283 ab
527 250 590 284 hoc
614 256 649 284 ut
674 251 747 284 illae
770 250 949 283 sortiantur
969 249 1041 282 ess'e-

300 308 400 344 ctum,
428 304 524 337 etiam
544 304 765 348 praesentium
784 309 976 337 executores
992 303 1043 335 ‹le—

300 357 490 401 putaveris),
516 368 575 400 pcr
599 357 662 397 se',
688 357 737 390 vel
763 367 824 400 per
849 357 958 396 alium,
988 367 1042 389 seu

301 409 393 449 alios,
412 410 572 443 beneficia
587 410 764 453 praedicta,
782 420 852 442 cum
868 410 898 442 in
915 409 1044 453 quibus-

301 462 347 495 vis
364 462 460 495 etiarn
476 463 651 496 ordinariis
670 462 882 495 collatoribus
899 472 957 505 per
971 473 1043 494 con-

301 515 484 549 stitutiones
497 521 621 548 nostras
635 521 689 548 aut
703 515 825 548 litteras
838 515 1043 548 alternativas

301 569 428 612 aliaque
446 569 615 612 privilegia
630 574 662 601 et
677 569 800 602 indulta
817 580 1043 613 quaecumque

302 623 546 665 quomodolibet
581 614 745 655 concessis
772 628 803 655 et
828 622 1042 666 imposterum

301 676 520 709 concedendis
565 681 619 708 aut
662 676 732 709 aliis
778 676 1043 720 quibuscumque

301 728 468 761 mensibus
494 728 690 768 vacaverint,
709 734 741 761 et
766 739 847 772 quae
874 739 1043 772 personae,

301 792 362 825 pro
376 781 492 826 quibus
505 792 619 826 preces
633 788 665 815 et
678 782 920 816 nominationes
938 783 1044 815 huius-

302 835 390 868 modi
409 835 511 868 sactae
530 835 660 874 suerint,
683 841 840 878 quatenus
856 835 1043 869 huiusmodi

302 898 416 931 preces
428 887 493 920 sive
509 887 751 920 nominationes
766 888 803 921 ad
817 887 871 921 illa
887 899 920 921 se
938 893 1046 921 exten-

303 942 390 980 dant,
410 941 491 974 infra
506 952 660 979 mensem,
676 947 848 985 postquam
865 942 942 986 ipsis
956 953 1045 975 vaca-

302 994 346 1027 tio
372 994 562 1027 huiusmodi
588 994 824 1028 beneficiorum
851 995 1042 1034 innotuerit,

303 1047 454 1080 duxerint
476 1048 674 1091 acceptanda
689 1048 828 1090 (etiamsi
841 1048 910 1092 ipsa
924 1047 1046 1081 benefi-

303 1102 352 1134 cia
362 1101 566 1145 dispositioni
579 1101 774 1144 apostolicae
789 1102 868 1135 alias
883 1112 977 1145 quam
989 1112 1046 1144 per

303 1154 574 1187 constitutionem
589 1153 690 1186 felicis
703 1154 936 1187 recordationis
947 1155 1047 1187 Bene-

304 1207 379 1240 dicti
405 1207 462 1240 Pr.
478 1207 531 1239 xll
548 1207 812 1250 praedecessoris
835 1208 939 1240 nostri
965 1218 1046 1251 quae

304 1260 419 1304 incipit
451 1259 504 1293 Act
526 1261 672 1303 reyimen
710 1261 909 1303 generaliter
942 1271 1047 1293 reser-

302 1318 371 1346 vata
397 1313 546 1353 existant,
586 1319 618 1346 ct
653 1324 689 1346 ex
728 1313 866 1346 dirersis
897 1313 1047 1356 personis

303 1367 497 1408 vacaverint,
515 1373 547 1400 et
572 1377 730 1410 personae
748 1367 935 1401 nominatae
953 1378 1047 1411 prae-

304 1420 418 1460 dictae,
437 1425 585 1464 tempore
603 1421 822 1454 assecutionis
840 1420 991 1454 beneficii
1007 1421 1046 1453 ad

303 1474 388 1517 quod
404 1473 588 1506 nominatae
603 1473 734 1512 suerint,
749 1474 835 1507 aliud
850 1473 1046 1507 beneficium

304 1526 337 1559 in
364 1527 476 1560 eadem
501 1528 642 1561 ecclesia
666 1528 845 1568 obtineant,
871 1539 916 1568 ac,
932 1539 1048 1562 secun-

305 1579 380 1613 dum
405 1586 525 1614 statuta
548 1586 580 1614 et
604 1581 859 1615 consuetudines
893 1583 1047 1616 ecelesia-

305 1643 374 1666 rum
400 1633 432 1666 in
452 1633 570 1677 quibus
588 1634 747 1667 beneficia
765 1635 950 1668 huiusmodi
970 1645 1048 1669 con-

305 1687 458 1727 stiterint,
478 1688 528 1720 vel
554 1687 680 1721 indulta
706 1688 851 1721 ecclesiis
878 1699 1045 1729 concessa,

305 1749 447 1783 capaces,
465 1739 617 1772 videlicet
633 1740 666 1773 in
683 1745 786 1773 aetate
811 1741 954 1783 legitima
971 1752 1048 1774 con-

305 1793 433 1826 stitutae
475 1798 530 1825 aut
571 1793 610 1826 de
651 1793 797 1836 legitimo
837 1794 1047 1828 matrimonio

306 1851 494 1889 procreatae
520 1855 584 1879 non
622 1847 699 1886 sint,
725 1847 912 1889 dummodo,
940 1849 1047 1892 quoad

306 1899 495 1932 huiusmodi
520 1899 704 1943 qualitates,
724 1901 802 1933 alias
828 1910 898 1933 cum
926 1901 973 1934 eis
999 1911 1049 1935 ca-

305 1953 423 1985 nonice
449 1953 684 1996 dispensatum,
702 1958 734 1986 et
757 1953 925 1992 beneficia,
943 1954 975 1986 in
997 1956 1049 1987 ea-

307 2006 380 2039 dem
405 2005 542 2040 ecclesia
567 2007 755 2046 obtinenda,
781 2007 856 2040 talia
881 2007 943 2040 sint
968 2018 1048 2051 quae

306 2059 377 2093 sine
419 2060 661 2105 dispensatione
702 2061 880 2105 apostolica
917 2061 1047 2094 insimul

307 2113 447 2147 obtineri
484 2114 611 2157 possint
643 2119 699 2147 aut
731 2114 984 2156 consueverint,
1012 2125 1048 2148 ac

306 2166 453 2209 ipsorum
467 2167 650 2200 vacantium
665 2167 901 2201 beneficiorum
916 2168 1047 2201 collatio
1070 2191 1071 2194 η

309 2229 373 2252 non
392 2220 488 2253 suerit
501 2221 587 2254 iuxta
600 2221 828 2254 Lateranensis
842 2226 963 2254 statuta
977 2231 1049 2255 eon-

309 2272 373 2305 cilii
391 2274 431 2306 ad
447 2273 564 2307 Sedem
584 2274 803 2318 Apostolicam
829 2275 972 2317 legitime
999 2275 1048 2308 de-

309 2325 429 2365 voluta,
457 2337 563 2371 neque
587 2337 688 2371 super
717 2327 780 2361 illis
814 2328 900 2360 inter
925 2328 1048 2371 aliquos

311 2378 350 2410 lis
363 2380 505 2422 pendeat
521 2381 690 2424 indecisa),
709 2391 780 2414 cum
801 2381 952 2414 omnibus
971 2381 1048 2414 inri-

311 2428 369 2463 bus
393 2437 425 2464 et
447 2433 654 2475 pertinentiis
678 2435 757 2475 suis,
785 2435 933 2478 personis
948 2425 1047 2478 ipsis,

348 2514 358 2538 1
377 2511 448 2538 Edit.
464 2511 544 2539 Main.
562 2512 626 2548 legit
639 2522 694 2549 per
710 2518 753 2548 te,
769 2514 817 2543 sed
838 2515 926 2551 aptius
946 2515 974 2542 in
995 2515 1046 2543 loc.

310 2555 446 2591 parallelis
460 2555 558 2591 legitur
569 2565 623 2591 per
637 2566 665 2584 se
678 2559 716 2593 (a.
727 2559 774 2593 r).

346 2600 360 2627 Ξ.)
380 2599 451 2627 Edit.
468 2599 548 2627 nain.
564 2600 629 2636 legit
644 2603 796 2636 qualitatis
815 2604 854 2638 (a.
871 2604 920 2637 Τ.).

1065 462 1067 480 (

1724 193 1788 228 6οῧ

1088 250 1183 283 etiam
1198 250 1262 283 duo
1283 251 1331 283 rel
1352 250 1410 283 tria
1424 261 1479 284 seu
1495 251 1588 294 plura
1603 262 1828 295 ‹piarumcum-

1835 203 1884 230 An.
1902 202 1930 230 C.
1953 203 2021 232 1714
2054 236 2057 237 ,

1065 314 1151 346 ,que
1178 303 1369 346 qualitatum
1409 310 1440 337 et
1473 304 1705 348 cuiuscumque
1729 307 1825 338 antini

1088 356 1206 389 valoris
1233 357 1455 390 ecclesiastica
1472 357 1630 391 beneficia
1655 358 1829 391 obtinenti-

1086 408 1147 441 bus
1174 414 1205 441 et
1241 411 1501 453 expectantibus,
1531 411 1681 444 conferre
1709 410 1759 443 et¹
1782 421 1829 443 as-

1088 463 1229 505 signare,
1254 474 1379 497 necnon
1406 464 1515 497 onmia
1538 470 1569 497 et
1593 464 1731 507 singula,
1749 475 1829 507 quae

1087 516 1125 548 ad
1151 515 1211 548 lioc
1238 521 1271 548 ut
1289 527 1422 560 precum
1442 528 1498 550 seu
1517 518 1775 551 nominationum
1800 523 1830 549 et

1087 570 1350 612 acceptationum
1376 581 1412 603 ac
1430 571 1639 604 collationum
1661 571 1830 604 huiusmo-

1088 622 1118 654 di
1145 623 1324 656 succedunt
1345 623 1477 657 effeetus
1496 629 1679 668 opportuna
1702 625 1830 663 suerint,

1088 675 1192 708 faeere
1225 676 1415 710 auctoritate
1442 679 1550 710 nostra
1574 688 1634 720 per
1659 688 1829 710 censuram

1088 728 1342 762 ecclesiasticam
1361 730 1476 773 exequi
1495 731 1621 774 possint
1641 736 1671 763 et
1702 731 1827 764 valeant

1088 781 1202 825 <super
1228 782 1353 826 quibus,
1380 783 1457 826 ipsis
1481 785 1611 827 plenam
1631 789 1662 817 et
1683 784 1829 825 liberam,

1088 835 1280 869 auctoritate
1313 837 1494 879 praedicta,
1530 842 1645 870 tenore
1679 848 1831 881 praesen-

1089 888 1190 930 tium,
1215 895 1410 933 potestatem
1437 891 1648 924 concedimus
1675 902 1710 924 ac
1736 892 1831 925 etiam

1090 941 1306 979 facultatemlt
1330 953 1364 975 ac
1382 943 1533 985 personis
1559 943 1746 987 praedictis,
1772 955 1831 987 pro

1089 995 1207 1038 quibus
1235 996 1419 1028 huiusmodi
1438 996 1611 1039 primarias
1628 1008 1741 1040 preces
1761 1008 1833 1041 por-

1091 1049 1150 1091 rigi
1171 1058 1226 1082 seu
1264 1049 1506 1083 nominationes
1545 1050 1612 1083 fleri
1639 1051 1832 1093 contigerit,

1090 1102 1176 1144 quod
1196 1101 1284 1145 ipsae
1311 1103 1520 1145 expectativis
1545 1113 1581 1136 ac
1602 1103 1833 1136 nominationi-

1089 1154 1162 1193 bus,
1190 1165 1244 1187 seu
1271 1155 1462 1198 specialium
1498 1156 1755 1189 reservationum
1793 1157 1832 1190 de

1090 1207 1253 1250 quibusvis
1267 1208 1433 1241 beneficiis
1448 1219 1507 1252 pro
1523 1209 1569 1242 eis
1590 1210 1742 1242 factarum
1761 1220 1833 1252 gra-

1092 1261 1154 1300 tiis,
1178 1267 1210 1293 et
1227 1261 1386 1294 mandatis
1406 1262 1444 1294 de
1463 1262 1665 1305 providendo
1691 1263 1768 1305 ipsis
1794 1264 1833 1296 de

1091 1313 1225 1354 eisdem,
1252 1314 1277 1347 si
1305 1314 1391 1357 qua²
1416 1315 1495 1358 ipsis
1520 1326 1677 1349 concessa
1703 1316 1832 1355 suerint,

1090 1369 1152 1400 una
1177 1378 1249 1400 cnm
1275 1369 1380 1411 gratia
1404 1379 1537 1412 precum
1574 1374 1606 1402 et
1639 1369 1834 1402 nominatio-

1091 1432 1166 1454 num
1185 1422 1414 1465 primariorum
1433 1423 1619 1456 earumdem
1634 1423 1678 1455 uti
1697 1423 1833 1467 possint,

1091 1485 1171 1514 nec,
1198 1475 1304 1519 aliqua
1329 1475 1504 1518 gratiarum
1539 1475 1722 1509 huiusmodi
1749 1486 1830 1509 con-

1091 1531 1227 1571 sumpta,
1247 1529 1391 1572 reliquae
1418 1530 1607 1562 carumdem
1626 1540 1733 1563 cassae
1759 1539 1834 1562 ecn-

1089 1587 1222 1614 seantur
1235 1581 1284 1615 vel
1300 1582 1417 1621 irritae,
1435 1582 1652 1626 indulgemus.

1135 1635 1149 1678 g
1167 1634 1198 1668 3.
1220 1635 1417 1675 Praete1·ea³,
1444 1646 1529 1676 cum,
1551 1637 1632 1670 sicut
1650 1637 1832 1680 accepimus
1869 1645 2027 1690 221¹f.⁰}“.‘-'‘¹'''

1091 1698 1127 1721 ac
1142 1699 1177 1721 ex
1197 1689 1394 1722 authenticis
1412 1690 1450 1722 ad
1466 1700 1524 1723 nos
1539 1690 1643 1723 allatis
1658 1690 1832 1723 documen·
1843 1678 2028 1745 §flffilijfgs-J'i'qg'sqj

1093 1742 1131 1774 tis
1149 1741 1272 1785 liquido
1293 1742 1448 1783 constitit,
1468 1743 1564 1776 etiam
1583 1743 1689 1776 clarae
1715 1752 1877 1779 memo-rin
1895 1738 1926 1773 ιζ’
1996 1734 2013 1744 ”

1092 1795 1159 1828 riae
1192 1795 1354 1839 Ioseplio,
1383 1796 1457 1829 dum
1484 1796 1583 1835 vixit,
1614 1796 1832 1829 Romanorum

1069 1866 1071 1878 ›
1092 1847 1160 1891 regi
1178 1848 1209 1881 in
1228 1848 1424 1892 imperarem
1442 1849 1555 1888 electo,
1572 1859 1726 1892 germano
1743 1849 1832 1882 fratri

1093 1906 1158 1941 tuo,
1186 1901 1313 1934 animus
1340 1912 1404 1935 non
1430 1902 1573 1935 desuerit
1597 1902 1636 1935 ad
1662 1913 1699 1936 ea
1725 1902 1833 1935 omnia

1093 1955 1262 1999 explenda,
1289 1966 1383 1999 quae,
1411 1966 1471 1999 pro
1502 1954 1749 1989 confirmatione
1774 1957 1835 1989 ele-

1092 2008 1207 2042 ctionis
1233 2009 1353 2042 dudum
1380 2009 1418 2042 de
1444 2009 1513 2042 eins
1539 2011 1681 2053 persona
1698 2010 1729 2042 in
1747 2020 1835 2042 eum-

1092 2062 1164 2095 dem
1183 2062 1402 2096 Romanorum
1425 2073 1536 2106 regem
1564 2063 1707 2096 futurum
1733 2063 1834 2107 impe-

1092 2120 1232 2148 ratorem
1251 2115 1404 2149 similiter
1422 2116 1522 2149 sactae
1548 2115 1740 2157 obtinenda,
1769 2121 1833 2149 tam

1092 2168 1177 2201 iuxta
1202 2179 1369 2202 sacrorum
1401 2179 1561 2202 canonum
1596 2170 1833 2213 praescriptum

1091 2232 1185 2266 quam
1219 2221 1307 2254 iuxta
1339 2227 1481 2255 veterem
1508 2223 1718 2266 Apostolicae
1743 2223 1834 2256 Sedis

1091 2285 1213 2308 morem
1232 2275 1492 2318 requirebantur,
1510 2275 1570 2308 nisi
1590 2276 1781 2309 immaturus
1797 2276 1835 2309 il-

1091 2327 1152 2360 lius
1168 2328 1278 2361 obitus
1293 2333 1407 2361 cuncta
1422 2328 1599 2369 turbasset;
1616 2329 1762 2372 adeoque
1777 2339 1835 2372 per

1091 2382 1198 2424 ipsum
1212 2391 1277 2414 non
1292 2381 1427 2421 steterit,
1443 2382 1617 2428 quominus
1633 2382 1701 2415 eius
1717 2382 1834 2415 electio

1091 2434 1256 2478 praedicta
1281 2445 1298 2467 a
1322 2434 1416 2468 nobis
1435 2434 1626 2468 confirmata
1645 2436 1761 2468 suerit:
1788 2436 1833 2468 id-

1128 2516 1137 2540 1
1161 2514 1232 2541 Edit.
1253 2515 1336 2541 Maia.
1358 2515 1424 2549 legit
1443 2515 1534 2543 etiam
1556 2517 1592 2550 (a.
1608 2517 1659 2550 T.).

1125 2557 1141 2583 9.
1161 2557 1235 2585 Edit.
1256 2558 1338 2586 Maia.
1360 2559 1426 2594 legit
1445 2560 1471 2587 si
1492 2568 1565 2594 quae
1584 2560 1626 2593 (a.
1647 2561 1695 2592 11).

1124 2602 1140 2629 3
1157 2602 1269 2638 Paragr.
1282 2603 1330 2630 ista
1343 2603 1538 2638 superadditur
1554 2604 1619 2630 locis
1636 2603 1730 2638 parall.
1744 2604 1829 2639 (am).
