2269 3203
246 199 294 225 An.
312 198 339 225 C.
360 198 429 225 1715

474 190 538 223 (56ss
1022 204 1198 228 BULLAinen

442 249 652 282 concedendo
674 248 742 282 sine
761 250 823 282 ulla
843 250 1023 283 differentia
1041 252 1178 284 extendi-

442 311 523 333 mus.
543 301 580 333 Et
599 301 741 345 insuper,
761 303 800 335 ob
816 304 1011 346 singularem
1027 304 1179 338 reforma-

442 354 563 387 tionem
590 360 621 387 et
646 355 883 388 observantiam
910 357 1013 389 dictae
1039 357 1179 399 Congre-

442 407 582 450 gationis
609 408 638 439 in
671 409 815 440 eiusdem
849 409 1054 441 monasteriis
1087 410 1179 441 insti-

441 465 542 492 tutam
568 466 595 493 et
615 466 842 501 conservatam,
861 462 993 494 eosdem
1020 462 1180 505 ampliori-

440 513 501 545 bus
528 513 690 545 favoribus
716 513 871 546 decorare
896 514 1054 554 volentes,
1073 515 1201 547 omnia

442 571 473 597 et
490 565 616 608 singula
638 566 816 608 privilegia,
836 567 1088 609 praerogativas,
1108 577 1179 600 con·
1200 563 1201 574 ¹

442 619 621 658 cessiones,
648 619 793 659 favores,
821 619 1010 659 facultates,
1036 617 1201 653 declara-¹

442 671 562 711 tiones,
590 671 824 711 absolutiones,
852 673 1079 712 relaxationes,
1108 673 1175 705 dis-

442 723 671 766 pensationes,
698 723 846 756 dationes
879 731 908 757 et
939 725 1176 767 indulgentias,

442 777 537 808 etiam
563 777 747 819 plenarias,
769 787 804 809 ae
829 783 1039 820 peccatorum
1067 778 1179 810 remis·
1200 779 1201 812 l

442 829 561 869 sioneS,
588 830 855 870 conservatorias,
881 831 1108 871 immunitates,
1127 843 1180 864 ex—

442 883 624 926 emptiones
640 911 647 923 ,
683 884 874 924 libertates,
902 885 1178 927 praeeminentias

443 942 476 969 et
500 936 642 977 indulta,
660 937 802 969 cuiusvis
827 939 957 979 generis
989 938 1178 979 existentia,

441 995 630 1033 ceterasque
657 990 774 1032 gratias
800 991 983 1033 spirituales
1005 996 1035 1024 et
1057 996 1180 1035 tempo-

440 1043 524 1075 rales
562 1049 623 1075 tarn
662 1045 765 1076 eidem
804 1044 1011 1077 Cistereieusi
1045 1045 1179 1088 eiusque

441 1095 549 1127 abbati
577 1101 607 1128 et
630 1096 774 1138 capitulo
793 1096 888 1128 etiam
907 1097 1063 1139 generali,
1084 1097 1180 1131 etiam

442 1153 583 1189 quatuor
595 1149 708 1191 primis
728 1149 767 1182 de
788 1149 964 1189 Firmitate,
978 1149 1178 1191 Pontiniaco,

442 1200 618 1233 Claravalle
637 1207 668 1233 et
687 1201 898 1241 Morimundo,
920 1213 1013 1245 quam
1032 1203 1126 1235 etiam
1149 1204 1181 1236 in

442 1252 472 1286 S.
491 1253 654 1286 Benedicti
683 1259 713 1286 et
738 1254 900 1297 quibusvis
925 1256 996 1288 aliis
1021 1255 1180 1289 similibus

441 1308 492 1340 vel
519 1307 732 1339 dissimilibus
757 1307 933 1340 Ordinibus
960 1314 991 1341 et
1016 1308 1182 1351 religioni-

442 1360 514 1400 bus,
539 1360 597 1392 sub
624 1360 789 1403 quibusvis
820 1361 957 1404 regulis,
977 1363 1182 1396 constitutio-

444 1413 537 1445 nibus
556 1420 609 1445 aut
631 1414 891 1447 ordinationibus
912 1415 1106 1457 degentibus
1124 1426 1181 1448 seu

444 1466 667 1507 militantibus,
690 1473 722 1499 et
743 1467 911 1510 quibusvis
930 1468 1056 1501 illarum
1077 1480 1183 1512 respe-

444 1520 526 1552 ctive
556 1520 876 1563 congregationibus,
899 1522 1033 1562 militiis,
1061 1533 1184 1555 eorum-

444 1584 507 1616 que
538 1574 802 1616 professoribus,
828 1585 863 1607 ae
894 1574 1059 1617 utriusque
1091 1586 1183 1608 sexus

445 1636 556 1658 eorum
584 1626 806 1665 monasteriis,
834 1627 1002 1667 domibus,
1025 1628 1182 1671 ecclesiis,

444 1689 570 1710 necnon
604 1679 772 1720 collegiis,
810 1680 1096 1721 universitatibus,
1122 1682 1183 1724 piis

445 1741 482 1763 ae
507 1731 707 1764 charitativis
732 1732 828 1772 loeis,
851 1743 1029 1776 eorumque
1055 1733 1088 1765 in
1114 1735 1206 1777 qui-.

447 1784 555 1815 busvis
595 1784 803 1817 festivitatum
829 1795 865 1817 ac
889 1786 960 1818 aliis
992 1786 1106 1819 diebus
1133 1797 1183 1820 ec-

447 1837 561 1869 elesias
587 1837 813 1878 vIsitantibus,
840 1849 876 1871 ae
910 1839 1097 1872 eorumdem
1127 1850 1180 1873 re-

445 1890 635 1935 ligiosorum
668 1891 896 1932 generalibus,
922 1892 1183 1935 praesidentibus

445 1950 472 1977 et
501 1944 668 1986 quibusvis
702 1945 922 1987 superioribus
939 1972 946 1985 ,
973 1946 1126 1989 praelatis
1153 1952 1184 1980 et

446 1997 605 2040 capitulis,
633 1998 727 2031 etiam
755 1999 974 2041 generalibus,
1000 2000 1183 2042 provincia-

446 2051 530 2083 libus
555 2062 611 2083 seu
638 2050 851 2090 intermediis,
870 2063 905 2084 ae
923 2052 1088 2094 quibusvis
1116 2054 1184 2086 offi-

447 2104 592 2143 cialibus,
610 2104 801 2143 rectoribus,
821 2105 987 2145 ministris,
1004 2106 1182 2148 monacbis,

446 2156 585 2195 novitiis,
603 2156 808 2196 monialibus,
829 2157 988 2197 fratribus,
1008 2160 1182 2201 conversis,

448 2214 479 2241 et
505 2209 731 2249 confratribus,
756 2211 1184 2252 11·rocuratoribus,familia-

448 2262 547 2302 ribus,
573 2261 847 2302 benefactoribus,
876 2273 911 2295 ac
936 2274 1049 2296 eorum
1075 2269 1105 2296 et
1132 2275 1185 2297 ea-

448 2324 517 2346 rum
543 2314 710 2357 utriusque
746 2326 840 2348 sevus
873 2316 1078 2358 regularibus
1110 2327 1206 2360 per-¹

448 2367 549 2406 sonis,
574 2372 635 2399 tam
656 2367 684 2398 in
704 2367 789 2399 Urbe
807 2378 901 2410 quam
924 2368 955 2400 in
978 2369 1184 2411 quibuscum·
1206 2383 1207 2402 i

449 2431 510 2463 que
546 2420 691 2462 partibus
730 2421 840 2452 mundi
868 2421 1102 2454 consistentia¹
1129 2433 1184 2455 seu

448 2473 723 2512 consistentibus,
755 2474 848 2505 etiam
875 2474 1004 2506 illorum
1030 2474 1183 2516 intuitu‘2,

486 2545 494 2569 1
519 2543 621 2569 Saltem
642 2542 700 2577 lege
721 2543 937 2571 consistentiam
957 2546 994 2578 (u.
1011 2548 1061 2578 T.).

483 2586 498 2613 ἵ).
519 2585 584 2614 Male
604 2587 670 2614 edit.
687 2587 765 2615 lllain.
782 2587 846 2624 legit
865 2587 986 2616 interita
1007 2588 1048 2624 (n.
1064 2589 1113 2625 13).

1224 204 1378 229 ROMANUM

1222 258 1273 284 aut
1292 253 1368 285 alias
1387 255 1633 296 quomodolibet
1658 267 1823 298 concessa,
1841 259 1958 302 quibus

1222 305 1260 337 de
1286 305 1365 346 iure,
1385 318 1444 339 usu
1469 309 1705 343 consuetudine
1726 316 1757 343 et
1774 311 1958 353 privilegio,

1221 368 1276 389 seu
1303 359 1517 393 concessione
1549 362 1747 404 apostolica,
1774 363 1883 406 regia,
1909 366 1958 398 vel

1222 410 1391 453 imperiali,
1418 413 1700 457 archiepiscopali,
1722 415 1753 447 in
1772 427 1892 458 genere
1910 418 1957 450 vel

1222 464 1252 495 in
1279 465 1397 506 specie,
1424 476 1458 498 ac
1486 471 1546 498 tam
1574 467 1772 500 coniunctim
1798 480 1893 511 quam
1913 470 1960 501 di-

1200 548 1201 558 ,
1221 516 1323 555 visim,
1346 517 1442 550 etiam
1469 529 1528 561 per
1553 521 1654 552 solam
1682 520 1890 563 signaturam,
1909 524 1958 555 vel

1200 602 1201 610 ,
1223 568 1309 601 vivae
1335 570 1421 602 vocis
1447 572 1591 612 oraculo,
1612 578 1665 604 aut
1685 583 1744 616 per
1769 574 1850 606 viam
1875 585 1960 607 com-

1221 622 1450 655 municationis
1465 628 1496 655 et
1512 625 1720 664 extensionis
1740 631 1772 657 et
1786 631 1873 659 motu
1889 637 1960 669 pro-

1222 674 1314 716 prio,
1346 680 1399 707 aut
1432 675 1509 709 alias
1536 678 1781 720 quomodolibet
1806 684 1958 720 utuntur,

1222 727 1390 770 potiuntur
1408 733 1439 761 et
1464 730 1614 771 gaudent,
1633 741 1669 762 ac
1696 731 1752 771 uti,
1772 731 1842 771 frui,
1862 733 1957 775 potiri

1223 784 1255 811 ct
1279 780 1421 822 gaudere
1441 782 1687 824 quomodolibet
1712 789 1860 826 possunt,
1881 796 1960 828 quo-

1200 861 1201 867 ,
1222 842 1292 863 rum
1320 837 1451 866 tenores
1476 835 1703 877 praesentibus
1731 836 1852 869 babere
1871 838 1959 870 volu-

1223 895 1293 918 mus
1319 896 1379 928 pro
1405 888 1566 930 expressis
1594 899 1630 921 ac
1647 889 1686 922 de
1710 889 1808 923 verbo
1834 890 1872 923 ad
1891 901 1961 923 ver-

1222 941 1299 973 bum
1326 941 1468 979 insertis,
1494 941 1617 974 etiamsi
1646 943 1720 975 talia
1744 943 1810 975 sint
1834 944 1883 976 vel
1913 944 1960 977 so-

1222 998 1295 1026 rent
1320 1004 1401 1036 quae
1426 994 1601 1036 specialem
1634 999 1667 1027 et
1690 995 1887 1029 individuam
1913 1008 1962 1030 re-

1224 1046 1395 1089 quirerent
1426 1047 1624 1080 mentionem
1651 1058 1705 1080 seu
1732 1049 1961 1091 particularem

1224 1099 1448 1141 insertionem,
1469 1100 1507 1132 ad
1528 1100 1754 1144 primodictam
1779 1101 1962 1144 Congrega-

1226 1153 1346 1185 tionem
1382 1153 1540 1195 regularis
1573 1153 1799 1187 observantiae
1829 1154 1861 1187 S.
1890 1155 1963 1187 Ber-

1222 1206 1342 1246 nardi,
1374 1217 1409 1238 ac
1442 1206 1568 1248 singula
1605 1207 1692 1239 illius
1724 1212 1786 1239 tam
1822 1206 1961 1240 virorum

1202 1285 1203 1292 ,
1225 1269 1320 1301 quam
1343 1258 1516 1291 mulierum
1536 1259 1742 1299 monasteria,
1765 1260 1962 1304 illorumque

1225 1322 1446 1354 quoscumque
1487 1312 1671 1354 superiores
1708 1314 1892 1355 praelatos,
1930 1319 1963 1346 et

1225 1364 1392 1407 utriusque
1419 1374 1514 1396 sexus
1548 1375 1768 1408 quascumque
1794 1367 1962 1408 regulares

1226 1422 1257 1449 et
1282 1417 1462 1460 singulares
1494 1427 1650 1460 personas
1681 1417 1738 1460 (ita
1767 1419 1854 1461 quod
1880 1419 1964 1453 dicta

1226 1469 1441 1513 Congregatio
1472 1471 1502 1504 S.
1534 1471 1690 1503 Bernardi
1727 1482 1762 1503 ac
1792 1472 1962 1515 utriusque

1227 1534 1320 1555 sexus
1348 1524 1416 1556 eius
1442 1523 1649 1563 monasteria,
1672 1524 1847 1567 prioratus,
1867 1535 1963 1567 gran-

1226 1576 1309 1618 giae,
1328 1576 1450 1617 domus,
1471 1575 1655 1617 ecelesiae¹‚
1681 1576 1830 1619 collegia,
1855 1578 1909 1621 pia
1933 1583 1963 1610 et

1227 1629 1417 1661 charitativa
1441 1631 1529 1669 loca,
1559 1636 1811 1673 sanctorumque
1842 1630 1961 1664 festivi-

1229 1687 1316 1721 tates,
1332 1687 1508 1714 consentus
1535 1688 1566 1715 et
1590 1682 1731 1725 capitula
1755 1682 1850 1715 etiam
1868 1694 1965 1726 gene-

1228 1734 1307 1766 ralia
1332 1740 1364 1766 et
1388 1734 1595 1777 particularia
1615 1735 1663 1768 vel
1688 1735 1892 1778 intermedia,
1911 1746 1964 1778 ge·
2014 1767 2020 1776 ,

1226 1788 1410 1831 neralisque
1436 1788 1641 1830 reformator,
1668 1788 1867 1830 definitores,
1887 1800 1965 1823 eon-

1227 1841 1351 1881 siliarii,
1376 1841 1568 1880 visitatores,
1594 1841 1740 1881 abbates,
1769 1841 1962 1882 abbatissae,

1227 1894 1371 1937 priores,
1401 1899 1432 1927 et
1465 1894 1659 1937 quicumque
1687 1894 1739 1927 alii
1768 1895 1963 1937 superiores,

1228 1947 1381 1980 officiales
1403 1953 1433 1979 et
1451 1946 1598 1988 ministri,
1614 1946 1775 1987 monachi,
1796 1947 1964 1988 moniales,

1227 2001 1353 2041 novitii,
1379 2001 1505 2039 fratres,
1530 2001 1691 2041 conversi,
1711 2001 1831 2041 donati,
1851 2000 1963 2041 oblati,

1227 2054 1400 2094 commissi,
1428 2053 1611 2093 familiares,
1635 2053 1828 2094 confratres,
1851 2064 1966 2097 procu-

1228 2112 1363 2147 ratores,
1387 2118 1421 2139 ac
1447 2106 1656 2149 negotiorum
1681 2112 1839 2148 gestores,
1865 2106 1966 2139 bene-

1227 2160 1386 2199 factores,
1414 2165 1443 2192 et
1476 2160 1557 2192 aliae
1591 2159 1772 2201 singulares
1795 2159 1964 2202 utriusque

1227 2224 1318 2246 sexus
1345 2214 1511 2255 regulares
1530 2222 1702 2255 personae,
1723 2221 1759 2244 ac
1779 2221 1890 2244 eorum
1913 2222 1964 2244 res

1228 2271 1259 2298 ct
1283 2266 1378 2306 bona,
1401 2266 1459 2298 sub
1493 2275 1605 2298 eorum
1631 2266 1706 2297 eura
1732 2269 1764 2297 et
1788 2264 1963 2297 seeundum

1228 2319 1372 2352 eiusdem
1399 2318 1669 2361 Congregationis
1703 2317 1848 2350 instituta
1877 2328 1965 2351 nunc

1228 2377 1258 2403 et
1300 2382 1358 2413 pro
1397 2378 1542 2414 tempore
1575 2371 1715 2404 viventes
1750 2376 1781 2403 et
1819 2371 1961 2404 existen-

1229 2430 1291 2463 tes,
1305 2423 1315 2440 ‘2
1329 2424 1513 2467 praemissis
1532 2423 1682 2456 omnibus
1702 2428 1734 2456 et
1750 2423 1898 2466 singulis,
1916 2434 1965 2457 ae-

1228 2487 1288 2518 que
1315 2477 1542 2519 pariforniiter,
1569 2477 1759 2520 respective,
1786 2482 1818 2509 et
1842 2477 1964 2520 absque

1261 2547 1273 2572 1
1297 2546 1364 2573 Male
1384 2546 1448 2573 edit.
1471 2546 1550 2573 Main.
1575 2546 1641 2580 legit
1660 2546 1791 2573 ecclesias
1811 2547 1850 2581 (n.
1868 2550 1915 2578 T.).

1261 2591 1275 2617 ⁰2
1297 2591 1449 2626 Praeposit.
1471 2599 1533 2619 cum
1555 2591 1617 2618 binc
1638 2590 1780 2619 abiicimus
1798 2591 1836 2627 (a.
1857 2592 1905 2627 τ.).

1961 212 2014 239 Αη.
2030 212 2060 240 C.
2081 213 2151 241 17¹5
