2269 3203
105 177 157 203 An.
179 177 207 202 C.
225 175 292 203 1707

130 554 210 576 Causae
234 556 287 575 inst·-

103 584 187 606 quonlus
216 581 287 602 decta-

102 610 198 629 rau-mis.

945 174 1084 199 CLEMENS
1113 175 1143 197 §11
1168 176 1213 198 ΓΡ.

300 224 397 257 miser
423 224 477 257 ille
504 235 540 257 ac
566 225 663 267 plene
690 224 855 257 luctuosus
878 222 981 256 dictae
999 222 1040 255 ci-

299 276 404 310 vitatis
429 282 528 310 status
553 278 592 310 ad
618 277 939 310 commiserationem
977 287 1036 319 po·
1061 305 1063 317 ,

301 331 372 371 tius,
399 342 494 375 quam
521 332 558 364 ad
581 331 770 364 ulteriorem
789 330 961 363 vindictam
980 341 1039 363 nos

299 384 417 425 movit,
452 395 488 418 ac
524 390 696 428 propterea
734 383 904 416 memorati
942 383 1062 416 inter-2

1060 425 1230 479 ³episcopi
1269 437 1399 469 exilium
1436 441 1466 469 et
1503 436 1753 479 expulsionem,
1792 447 1826 468 ac

1060 517 1061 521 ,
1083 490 1161 523 alias
1186 490 1218 523 in
1239 490 1425 533 praemissis
1444 501 1498 523 seu
1517 501 1629 523 eorum
1652 490 1825 523 occasione

300 437 375 470 dicti
402 437 670 481 publicationem,
699 447 737 470 ne
764 436 973 470 afflictionem
996 438 1039 470 af-

299 490 392 524 ssictis
418 491 632 530 adderemus,
658 485 902 533 suspendimus.

342 545 357 587 ἓ
382 544 412 577 li.
440 544 517 576 Cum
544 549 648 576 tamen
676 543 803 576 interea
828 542 964 586 praefati
986 542 1039 574 mi-

298 596 393 629 nistri
409 601 442 629 et
458 595 623 634 officiales,
642 596 731 628 caelo
752 597 901 638 terraque
922 595 1038 627 frustra

297 649 529 688 clamantibus,
556 659 615 691 pro
644 653 688 681 tot
714 648 876 691 tantisque
911 647 1052 680 iniuriis‘

297 707 328 733 ct
345 701 580 734 offensionibus
598 701 772 740 Ecclesiae,
789 705 824 732 ut
841 700 1036 743 praefertur,

296 753 408 794 illatis,
438 765 478 787 ne
503 754 635 787 minima
661 755 793 798 quidem
819 764 855 786 ex
880 758 971 796 parte
993 758 1038 785 tot

295 817 456 840 annorum
482 807 586 851 spatio
613 807 801 840 satisfacere
828 806 1037 846 curaverint,

294 869 333 892 ne
351 859 424 893 illae
446 870 481 893 ex
507 859 703 893 diuturniori
722 859 893 893 tolerantia
914 859 1034 902 negligi

295 912 426 956 penitus
461 918 517 946 aut
553 913 750 946 dissimulari
782 913 972 953 videantur,
1001 923 1036 945 ac

295 966 536 1000 ecclesiasticae
562 966 774 999 immunitatis
792 966 985 999 violatorum
1004 966 1035 998 in

295 1019 365 1052 dies
390 1024 516 1052 crescat
540 1019 693 1059 audacia,
728 1030 764 1052 ea
791 1019 932 1058 tandem,
954 1029 1035 1062 quae

295 1072 470 1117 pastoralis
486 1072 582 1106 officii
598 1073 698 1106 nostri
718 1072 799 1105 ratio
815 1073 966 1116 postulat,
984 1071 1037 1103 im-

128 1127 386 1183 oxhigfflsffiffiplere
411 1125 626 1158 decrevimus.
654 1126 735 1158 Hinc
767 1131 814 1159 est
847 1126 931 1169 quod
963 1135 1034 1165 nos,

142 1195 194 1210 ΙΙΕἱΙ.

295 1179 350 1222 qui
364 1178 481 1211 iurium
495 1179 789 1212 ecclesiasticorum
805 1184 989 1212 assertores
1003 1178 1035 1210 in

295 1232 388 1265 terris
402 1242 419 1264 a
434 1231 570 1264 Domino
586 1232 753 1264 constituti
768 1243 891 1272 sumus,
909 1233 1036 1265 liberta-

295 1290 370 1327 tem,
389 1285 628 1318 immunitatem
654 1296 689 1318 ac
708 1286 967 1319 iurisdictionem
983 1297 1035 1319 ec-

294 1338 506 1372 clesiasticam
533 1349 549 1371 a
570 1339 750 1372 temerariis
780 1344 810 1372 et
839 1340 1034 1382 perniciosis

294 1393 480 1427 huiusmodi
500 1392 682 1433 conatibus,
702 1399 858 1436 quantum
884 1394 979 1426 nobis
997 1404 1033 1426 ex

293 1448 357 1481 alto
382 1446 589 1487 conceditur,
612 1447 757 1479 illaesam
785 1447 865 1479 tueri
893 1452 924 1480 et
960 1457 1034 1479 con-

294 1511 421 1534 servare
447 1500 626 1544 cupientes,
654 1510 689 1532 ac
714 1500 870 1540 omnium,
897 1511 979 1544 quae
1001 1501 1032 1533 in

293 1554 484 1598 praemissis
510 1564 564 1587 seu
592 1564 706 1587 eorum
729 1555 900 1587 occasione
919 1555 1033 1598 quovis

293 1607 391 1641 modo
417 1606 569 1647 decreta,
597 1607 744 1640 ordinata
763 1634 770 1648 ,
795 1613 863 1641 acta
888 1613 919 1640 et
943 1613 1033 1651 gesta

293 1664 390 1700 sunt,
417 1659 555 1700 seriem,
583 1670 692 1692 causas
719 1666 750 1693 et
775 1660 1032 1693 circumstantias

293 1713 388 1746 etiam
414 1718 636 1755 aggravantes,
662 1723 788 1746 necnon
809 1714 1029 1753 tribunalium,

292 1766 529 1806 ministrorum,
547 1766 731 1798 officialium
750 1772 782 1799 et
799 1766 936 1800 aliorum
958 1778 1032 1810 quo-

292 1829 505 1862 rumcumque
527 1820 558 1851 in
577 1819 764 1862 praemissis
784 1820 1032 1863 quomodolibet

292 1873 505 1917 culpabilium
531 1872 720 1916 qualitates,
749 1872 942 1915 dignitates,
977 1884 1032 1906 no-

291 1928 380 1960 mina
405 1932 437 1960 ct
462 1926 668 1969 cognomina,
687 1927 788 1959 aliave
806 1937 1030 1971 quaecumque

292 1981 388 2014 etiam
414 1979 597 2025 specificam
623 1985 654 2013 et
679 1979 878 2013 individuam
896 1982 1031 2014 mentio-

291 2045 365 2067 nem
391 2040 422 2067 et
446 2034 691 2077 expressionem
708 2033 920 2077 requirentia,
940 2045 1031 2078 prae-

291 2087 438 2122 sentibus
463 2098 522 2131 pro
548 2087 644 2130 plene
677 2092 708 2119 et
746 2087 945 2120 sufficienter
977 2098 1030 2120 ex-

293 2141 413 2185 pressis
439 2146 471 2174 et
501 2145 610 2174 exacte
636 2140 826 2183 specificatis
852 2141 1028 2182 habentes,

290 2200 380 2228 motu
404 2194 541 2239 proprio
559 2222 566 2235 ‚
592 2204 628 2226 ac
653 2205 688 2227 ex
716 2197 803 2227 certa
828 2194 964 2227 scientia
999 2200 1029 2227 et

291 2250 417 2283 matura
457 2247 695 2282 deliberatione
737 2247 855 2280 nostris
876 2275 882 2287 ,
923 2248 1029 2291 deque

291 2302 492 2346 apostolicae
506 2301 673 2345 potestatis
689 2301 904 2345 plenitudine,
921 2301 1029 2334 omnia

292 2361 324 2388 et
356 2356 485 2398 singula
514 2365 574 2398 per
605 2354 790 2397 praedictos
820 2355 1026 2397 praesidem,

291 2408 457 2441 auditores
482 2408 583 2441 Rotae
604 2435 610 2449 ,
638 2407 828 2441 advocatum
862 2409 1002 2441 fiscalem
1020 2435 1027 2449 ,

291 2462 439 2504 aliosque
464 2461 632 2494 ministros
656 2466 694 2502 ¹ct
728 2461 882 2494 officiales
918 2462 1027 2505 regiae

292 2514 476 2549 audientiae
492 2514 630 2546 civitatis
641 2508 887 2557 Aquilanensis,
899 2524 1027 2548 necnon

291 2576 512 2614 quoscumque
549 2567 629 2600 alios
659 2567 690 2599 in
726 2567 911 2611 praemissis
949 2578 1028 2612 quo-

396 2631 476 2662 Buzz.
493 2631 574 2662 Rom.
591 2646 625 2652 —
644 2632 704 2660 Vol.
721 2631 796 2660 XXI.
941 2632 973 2660 37

1724 166 1786 199 aaa

1084 223 1264 256 modolibet
1279 223 1469 266 culpabiles,
1491 229 1551 256 tam
1567 225 1652 257 eirca
1671 224 1824 256 condem-

1085 276 1249 309 nationem
1291 276 1426 319 praefati
1464 277 1591 320 loseplii
1637 287 1673 309 ac
1710 287 1825 320 seque-

1084 334 1185 361 strum
1213 330 1373 362 bonorum
1401 339 1533 362 mensae
1565 329 1761 372 episcopalis
1787 330 1826 361 A·

1084 382 1295 425 quilzmensis,
1311 394 1405 425 quam
1422 383 1505 415 circa
1519 382 1696 426 supradicti
1711 383 1825 425 Ignatii

1083 543 1114 575 in
1140 543 1377 586 praeiudicium
1403 543 1563 576 libertatis
1581 570 1588 582 ,
1613 542 1825 575 immunitatis

1083 600 1114 629 et
1139 595 1373 629 iurisdictionis
1392 597 1631 629 ecclesiasticae
1650 596 1827 639 quomodo·

1082 650 1162 682 libet
1187 654 1272 689 acta,
1296 650 1448 690 decreta,
1475 655 1564 692 gesta
1589 655 1620 682 et
1647 649 1796 682 ordinata
1817 677 1823 688 ,

1082 713 1153 735 curn
1179 702 1330 735 omnibus
1364 708 1395 735 et
1427 703 1562 745 singulis
1596 703 1670 735 inde
1705 703 1824 735 secutis

1082 760 1114 788 et
1140 755 1247 788 forsan
1274 756 1546 799 quandocumque
1573 755 1740 794 secuturis,
1767 765 1824 798 pc-

1081 810 1167 842 nitus
1207 814 1239 842 et
1279 809 1412 843 omnino
1453 810 1563 847 nulla,
1602 808 1737 848 inania,
1777 808 1825 840 in-

1082 863 1185 896 valida
1203 890 1210 903 ‚
1237 862 1344 903 irrita,
1371 862 1544 895 temerarie
1570 866 1728 894 attentata
1747 888 1754 901 ,
1793 866 1825 894 et

1082 915 1120 948 de
1147 916 1230 948 facto
1247 922 1462 959 praesumpta,
1479 915 1668 958 nulliusque
1689 914 1822 947 omnino

1083 968 1212 1002 roboris
1248 974 1280 1002 et
1316 969 1471 1002 momenti
1498 978 1568 1001 esse
1594 973 1625 1000 et
1661 972 1821 1010 perpetuo

1082 1022 1171 1062 fore,
1199 1027 1312 1055 tenore
1346 1021 1568 1065 praesentium
1606 1020 1820 1053 declaramus.

1080 1076 1117 1108 Et.
1142 1075 1370 1115 nihilominus,
1397 1076 1435 1108 ad
1462 1075 1616 1108 maiorem
1651 1075 1822 1114 cautelam,

1080 1135 1112 1161 et
1136 1134 1296 1172 quatenus
1321 1138 1401 1170 opus
1426 1127 1475 1169 sit,
1501 1128 1556 1160 illa
1582 1127 1690 1160 omnia
1708 1132 1738 1160 et
1759 1127 1823 1159 sin-

1080 1183 1173 1224 gula,
1201 1186 1361 1224 quatenus
1387 1181 1425 1213 de
1452 1182 1533 1214 facto
1560 1185 1820 1224 processerunt,

1079 1240 1187 1274 motu,
1213 1234 1347 1268 scientia
1372 1239 1403 1267 et
1428 1234 1596 1277 potestatis
1615 1233 1821 1276 plenitudine

1078 1288 1234 1332 paribus,
1262 1288 1375 1319 liarum
1401 1287 1483 1319 seric
1510 1286 1622 1319 itidem
1661 1292 1821 1330 perpetuo

1079 1351 1281 1380 revocamus,
1307 1351 1483 1380 cassamus,
1510 1340 1689 1380 irritamus,
1710 1341 1822 1373 annul-

1078 1397 1180 1429 lamus
1208 1400 1240 1427 et
1265 1395 1432 1426 abolemus
1453 1420 1460 1433 ,
1489 1393 1676 1436 viribusque
1714 1399 1744 1426 et
1777 1394 1821 1426 ef-

1078 1450 1162 1482 fectu
1198 1449 1326 1492 penitus
1365 1454 1396 1480 ct
1433 1448 1567 1481 omnino
1610 1457 1782 1480 vacuamus
1812 1475 1819 1488 ,

1078 1514 1114 1536 ac
1150 1513 1208 1546 pro
1250 1501 1408 1535 revocatis
1437 1527 1444 1540 ,
1483 1500 1649 1541 cassatis,
1692 1500 1820 1541 irritis,

1078 1556 1190 1595 nullis,
1218 1554 1366 1587 invalidis
1393 1559 1424 1586 et
1450 1554 1579 1587 abolitis
1597 1581 1604 1595 ‚
1632 1554 1820 1596 viribusque

1077 1616 1107 1643 et
1151 1608 1264 1642 effectu
1305 1608 1433 1651 penitus
1469 1612 1499 1640 et
1538 1607 1671 1640 omnino
1712 1607 1820 1640 vacuis

1076 1673 1206 1705 semper
1231 1661 1347 1694 haberi
1374 1661 1515 1701 debere,
1553 1661 1739 1693 earumdem
1780 1666 1821 1694 te-

1076 1726 1155 1748 nore
1181 1714 1404 1758 praesentium
1420 1714 1626 1747 decernimus
1646 1719 1677 1746 et
1695 1713 1818 1757 pariter

1076 1770 1297 1808 declaramus,
1324 1768 1445 1811 illaque
1480 1767 1670 1800 damnamus
1705 1772 1737 1800 et
1772 1778 1817 1800 re-

1076 1823 1272 1867 probamus3
1300 1821 1401 1854 sirmis
1427 1826 1535 1853 tamen
1570 1821 1816 1854 remanentibus

1075 1875 1219 1909 censuris
1245 1880 1277 1908 et
1300 1875 1416 1918 poenis
1442 1873 1699 1913 ecclesiasticis,
1738 1884 1817 1916 quas

1075 1939 1224 1973 praeses,
1251 1927 1413 1960 auditores
1438 1926 1562 1967 Rotae,
1589 1927 1761 1959 advocatus
1781 1926 1817 1958 fi-

1074 1982 1185 2022 scalis,
1212 1981 1360 2021 ministri,
1388 1980 1552 2019 officiales,
1579 1980 1700 2023 aliique
1718 1990 1814 2023 prae-

1075 2036 1129 2069 fati
1154 2041 1289 2079 propter
1314 2034 1490 2078 praemissa
1515 2032 1628 2076 quovis
1653 2033 1751 2066 modo
1773 2033 1816 2065 in-

1074 2094 1273 2129 currerunt,
1299 2099 1316 2121 a
1353 2087 1470 2131 quibus
1503 2086 1632 2120 nonnisi
1670 2097 1686 2119 a
1720 2087 1815 2120 nobis

1074 2148 1129 2177 aut
1153 2143 1299 2176 Romano
1325 2140 1479 2174 Pontifice
1505 2151 1565 2184 pro
1591 2145 1738 2184 tempore
1754 2141 1816 2173 exi-

1074 2201 1187 2235 stente,
1214 2200 1289 2238 post
1314 2194 1456 2227 debitam
1483 2199 1514 2226 et
1539 2193 1734 2236 condignam
1761 2193 1814 2226 Ec-

1073 2249 1192 2282 clesiae
1218 2248 1406 2291 praestitam
1432 2247 1683 2280 satisfactionem
1710 2247 1813 2290 (prae-

1075 2308 1222 2345 terquam
1247 2301 1279 2333 in
1298 2301 1411 2333 mortis
1427 2300 1578 2339 articulo,
1595 2304 1625 2332 et
1646 2305 1720 2332 tune
1741 2310 1812 2332 cum

1073 2353 1286 2388 reincidentia
1304 2353 1337 2386 in
1356 2353 1486 2386 easdem
1511 2363 1664 2385 censuras
1686 2363 1723 2385 eo
1742 2352 1812 2395 ipso

1073 2418 1137 2451 quo
1163 2406 1436 2450 convaluerint),
1463 2405 1584 2438 absolvi
1618 2410 1649 2438 et
1680 2405 1811 2438 liberari

1073 2461 1218 2500 valeant3
1238 2471 1274 2493 ac
1299 2470 1448 2503 expresse
1475 2460 1610 2502 insuper
1627 2458 1722 2491 nobis
1744 2468 1813 2490 san-

1073 2520 1140 2547 ctae
1165 2513 1239 2547 Sedi
1271 2514 1433 2546 reservata
1460 2513 1626 2553 facultate,
1653 2517 1812 2555 quatenus

1073 2567 1119 2602 illi
1145 2567 1277 2601 minime
1303 2566 1463 2601 redierint
1488 2566 1528 2600 ad
1563 2575 1640 2606 cor,
1676 2564 1715 2598 ad
1749 2564 1811 2598 alia

1834 177 1881 200 An.
1903 175 1930 201 C.
1948 175 2016 202 1707
