2269 3203
225 223 274 251 An.
295 223 322 250 C.
344 224 408 250 1711]

455 214 517 248 746

417 274 536 306 orando
562 275 709 313 scelere,
738 274 825 316 quod
848 278 1026 316 patrarunt,
1052 272 1154 306 omni-

417 325 541 369 potenti
568 325 632 358 Deo
657 325 804 369 publicas
823 325 856 358 in
881 325 1018 358 ecclesia
1037 324 1154 367 gratias

418 390 512 422 agere
546 380 768 423 hymnumque
800 386 928 412 cantare
955 379 994 410 de
1022 377 1155 410 canticis

417 433 493 466 Sion
530 433 621 465 veriti
656 444 863 476 nequaquam
898 432 1039 464 fuerunt.
1072 432 1155 469 Quae

418 487 526 519 onmia
554 493 673 529 quanto
710 496 783 518 011111
809 484 1043 517 catholicorum
1068 494 1156 517 11100-

419 551 494 573 rore
520 551 555 572 ac
581 539 770 579 offensione,
794 539 981 581 quantaque
1003 548 1039 570 ex
1059 548 1158 581 oppo-

418 593 478 626 sito
505 604 577 626 cum
596 593 873 626 heterodoxorum
899 590 1095 624 exultatione
1121 601 1157 623 ac

419 646 584 688 triumpho
611 645 828 687 contigerint,
857 654 953 676 nemo
981 648 1031 676 est
1055 642 1109 686 qui
1134 642 1158 674 i-

418 704 547 740 gnoret.
571 698 679 740 Neque
706 697 791 730 enim
811 697 989 740 capitulum
1008 700 1040 729 et
1063 705 1158 728 cano-

420 749 483 781 nici
510 749 669 791 praedicti
695 749 734 781 ad
762 748 842 780 tanti
864 747 1017 780 facinoris
1043 747 1158 790 iniqui-

423 806 519 834 tatem
542 813 577 835 ac
596 802 828 845 turpitudinem
850 801 1068 844 obtegendam
1089 811 1158 833 cau·

420 855 483 887 sari
509 861 662 897 poterant
697 856 857 888 malorum
888 860 1010 887 metum
1036 853 1097 886 sibi
1129 859 1159 886 et

419 907 577 939 ecclesiae
611 908 779 950 ceteroqui
806 907 1087 950 inipendelitit1n13
1114 906 1155 939 il-

418 961 527 992 lorum
555 961 676 1003 quippe
709 960 741 992 in
767 960 923 993 cordibus
948 960 1071 992 fervere
1098 960 1159 993 de-

418 1013 516 1046 bebat
541 1014 680 1046 charitas
699 1013 828 1051 Christi,
849 1024 930 1056 quae
956 1014 1040 1046 foras
1061 1013 1160 1046 mittit

422 1066 588 1106 timorem,
615 1072 686 1106 aut,
712 1067 743 1099 si
775 1067 853 1109 quid
890 1066 954 1098 illis
981 1066 1158 1098 timendum

421 1124 501 1159 erat,
520 1119 551 1151 id
567 1130 664 1151 unum
682 1120 794 1152 timere
813 1119 989 1158 debebant,
1012 1130 1051 1151 ne
1073 1119 1159 1162 apud

420 1172 521 1204 Deum
543 1178 574 1205 et
591 1172 741 1205 homines
759 1172 911 1214 redargui
927 1172 996 1204 iure
1013 1176 1158 1215 possent,

421 1224 578 1258 ecclesiae
605 1225 770 1268 dignitati,
793 1227 865 1258 loco
891 1230 922 1258 et
947 1225 1064 1258 honori
1090 1235 1158 1265 suo,

420 1288 456 1311 ac
475 1279 603 1311 debitae
621 1279 721 1312 sacris
738 1278 864 1322 legibus
882 1279 1084 1312 reverentiae
1099 1282 1161 1313 tur-

420 1333 505 1375 piter
529 1332 682 1365 defuisse.

467 1387 481 1430 §
507 1388 538 1421 2.
566 1388 679 1428 Porro,
715 1387 860 1430 quamvis
886 1387 1045 1429 explorati
1081 1387 1160 1420 iuris

406 1439 475 1484 'sit,
503 1444 564 1476 hac
590 1442 759 1475 occasione
785 1445 875 1482 gesta
900 1450 958 1473 seu
982 1441 1090 1473 verius
1116 1446 1160 1473 at-

426 1502 547 1531 tentata
564 1496 604 1528 ab
619 1494 739 1527 eisdem
755 1493 897 1536 capitulo
923 1497 955 1526 et
979 1494 1158 1533 canonicis,

424 1558 587 1593 tamquam
613 1548 710 1582 sacris
727 1547 957 1587 sanctionibus,
977 1547 1161 1580 oecumeni-

423 1605 467 1637 cis
484 1602 639 1640 conciliis,
658 1600 846 1644 apostolicis
863 1599 1159 1641 constitutionibus,

423 1658 487 1690 imo
507 1662 539 1689 et
555 1655 657 1698 ipsius
684 1653 863 1686 catholicae
888 1653 1060 1695 religionis
1076 1654 1162 1696 prin-

422 1710 514 1753 cipiis
540 1714 652 1751 aperte
678 1706 882 1748 refragantia,
909 1706 1006 1739 fuisse
1032 1717 1068 1739 ac
1093 1717 1161 1740 esse

424 1774 482 1807 per
502 1773 536 1795 50
555 1761 728 1794 manifesto
748 1759 849 1799 irrita,
868 1759 985 1799 inania,
1011 1760 1160 1800 invalida,

423 1816 609 1857 nulliusque
628 1823 761 1857 prorsus
778 1812 907 1845 roboris
934 1823 971 1844 ac
996 1813 1160 1853 momenti,

423 1870 571 1911 adeoque
597 1866 733 1910 speciali
763 1865 1006 1908 improbatione
1032 1870 1064 1897 et
1088 1876 1159 1898 eas-

423 1922 550 1955 satione
575 1921 687 1953 nostra
703 1929 911 1961 nequaquam
931 1918 1093 1960 indigere3
1119 1919 1163 1950 ni-

423 1975 601 2008 hilominus
628 1983 710 2013 1105,
737 1972 789 2014 qui
820 1970 914 2014 aequi
947 1971 1094 2014 bonique
1127 1981 1163 2003 ac

423 2036 703 2071 quorumcumque
722 2023 1019 2057 ecclesiasticorum
1044 2023 1161 2056 iurium

424 2080 567 2123 supremi
594 2084 769 2112 assertores
799 2077 831 2109 in
863 2077 958 2110 terris·
984 2087 1001 2109 a
1026 2076 1162 2110 Domino

425 2133 592 2167 constituti
618 2142 741 2170 sumus,
767 2131 928 2173 simulque
950 2131 1096 2163 omniurn
1117 2141 1164 2164 00-

425 2187 596 2220 clesiarum
633 2196 668 2218 ac
704 2183 966 2217 christifidelium
995 2194 1103 2217 curam
1133 2189 1164 2217 et

423 2239 680 2273 sollicitudinem
705 2239 846 2280 superna
872 2237 1087 2280 dispositione
1113 2248 1164 2280 ge·

425 2293 546 2332 rimus,
572 2291 754 2324 catholicae
780 2289 875 2329 fidei,
903 2289 1012 2323 divino
1038 2291 1161 2330 cultui,

424 2346 605 2378 animarum
638 2344 734 2376 saluti
768 2343 1000 2386 praefataeque
1031 2342 1163 2385 potissi-

424 2409 514 2431 mum
551 2397 708 2429 ecclesiae
748 2395 1009 2437 osnabrugensis
1044 2394 1163 2427 iurium

425 2449 642 2489 indemnitati,
664 2454 821 2492 quantum
838 2447 933 2480 nobis
954 2458 990 2480 011
1009 2448 1073 2480 alto
1092 2457 1165 2480 0011-

426 2503 575 2543 ceditur,
600 2501 790 2545 prospicere
817 2500 985 2543 cupientes
1003 2526 1011 2541 ‚
1035 2509 1163 2533 necnon

426 2557 570 2590 omnium
596 2560 626 2588 et
651 2554 874 2597 singulorum,
902 2562 983 2596 quae
1013 2552 1047 2586 in
1071 2563 1164 2597 prae-

424 2609 530 2646 missis
576 2619 633 2644 seu
669 2607 799 2643 illorum
838 2606 1007 2643 occasione
1048 2606 1163 2652 quovis

995 224 1174 248 nt'LLAnlt'M
1201 224 1354 247 nont-‚mat

1197 273 1296 305 modo
1321 277 1392 305 acta
1429 278 1460 305 et
1495 267 1586 316 gesta
1614 273 1765 311 suerunt,
1792 273 1931 312 seriem,

1198 335 1310 358 causas
1346 330 1377 358 et
1410 325 1665 358 circumstantias
1695 325 1788 358 etiam
1813 336 1931 368 aggrau

1201 384 1321 418 rantes,
1348 378 1450 412 aliave
1476 388 1707 422 quaecumque,
1734 378 1829 411 etiam
1852 389 1934 421 spe—

1199 430 1322 463 cificam
1345 436 1377 463 01
1393 431 1590 464 individuam
1608 431 1809 464 mentionem
1827 441 1863 464 ac
1881 441 1934 463 ex-

1200 485 1402 526 pressionem
1444 484 1671 528 requirentia,
1709 483 1935 527 praesentibus

1200 546 1259 579 pro
1285 537 1381 579 plene
1416 543 1448 569 et
1481 536 1679 570 sufficienter
1711 535 1871 579 expressis
1899 545 1936 569 ac

1201 593 1310 623 exacte
1336 589 1528 632 speciticatis
1550 590 1727 630 hahentes,
1753 594 1842 622 motu
1864 599 1936 632 pro-

1201 642 1281 685 prio,
1305 648 1336 675 et
1361 653 1397 675 ex
1416 644 1502 676 certa
1527 643 1661 676 scientia
1682 653 1719 676 ac
1740 643 1864 675 matura
1882 642 1951 687 des
1972 656 2093 704 messam
2107 658 2130 678 ui

1947 690 1967 704 ΙΙ]
1983 690 2006 704 fu
2024 690 2075 705 rica.

1202 695 1397 728 liberatione
1433 696 1573 736 nostris,
1603 696 1708 739 deque
1743 695 1937 739 apostolicae

1201 749 1370 792 potcstatis
1396 749 1609 792 plenitudine,
1624 754 1868 792 praenarratam
1886 759 1938 781 an-

1204 801 1313 834 tedicti
1338 801 1495 845 principis
1516 802 1640 834 Ernesti
1668 801 1802 844 Augusti
1827 806 1938 844 postu-

1203 855 1357 887 lationem
1383 855 1421 887 ad
1447 855 1620 888 ecclesiam
1642 854 1936 896 Osnabrugensem,

1204 919 1221 941 a
1246 908 1387 951 capitulo
1421 914 1452 941 01.
1487 908 1650 940 canonicis
1675 908 1868 950 supradictis
1894 907 1939 940 fa-

1203 966 1287 994 ctam
1314 967 1345 993 01
1368 961 1567 1004 publicatam
1593 966 1627 993 ut
1651 961 1844 1004 praefertur,
1862 961 1940 994 alia·

1203 1024 1265 1057 que
1291 1014 1400 1047 onmia
1424 1019 1457 1046 et
1481 1014 1618 1056 singula,
1639 1019 1701 1046 tam
1728 1015 1767 1046 ab
1793 1014 1872 1057 ipsis
1893 1024 1940 1047 ca-

1203 1067 1309 1110 pitulo
1336 1072 1367 1100 et
1392 1067 1566 1108 canonicis,
1597 1078 1692 1110 quam
1718 1078 1735 1099 a
1754 1072 1938 1100 memorato

1204 1120 1350 1163 principe
1376 1120 1511 1153 Ernesto
1528 1121 1688 1163 Augusto,
1713 1120 1940 1164 postulationis

1204 1174 1387 1206 huiusmodi
1416 1174 1525 1216 vigore
1550 1184 1608 1207 sen
1625 1177 1806 1217 praetextu,
1825 1183 1883 1216 per
1903 1184 1940 1206 se

1206 1227 1252 1259 vel
1274 1228 1355 1260 alios
1382 1238 1613 1270 quoscumque,
1632 1227 1726 1260 etiarn
1743 1226 1892 1270 specifica
1909 1232 1941 1259 et

1203 1280 1372 1313 individua
1398 1280 1564 1312 mentione
1598 1285 1630 1312 et
1660 1279 1872 1322 expressione
1897 1279 1941 1312 di-

1204 1344 1305 1376 gnos,
1331 1333 1364 1365 in
1390 1332 1578 1376 praemissis
1604 1332 1654 1364 vel
1679 1332 1764 1364 circa
1789 1342 1826 1365 ea
1851 1342 1937 1375 quo-

1205 1386 1442 1429 modocumque
1483 1390 1514 1418 01
1550 1385 1831 1428 qualitercumque
1856 1390 1938 1424 acta,

1206 1440 1298 1479 facta,
1324 1445 1423 1482 gesta,
1450 1439 1608 1479 mandata,
1627 1439 1766 1478 decreta,
1795 1438 1942 1471 ordinata

1205 1493 1252 1525 vel
1272 1491 1435 1535 disposita,
1455 1502 1490 1524 ac
1508 1492 1614 1525 forsan
1632 1491 1664 1524 in
1683 1492 1824 1524 futurum
1840 1490 1943 1534 (quod

1204 1545 1289 1577 Deus
1307 1546 1444 1587 avertat)
1462 1546 1597 1588 agenda,
1613 1545 1765 1587 gerenda,
1785 1544 1942 1585 facienda,

1206 1599 1409 1638 mandanda,
1436 1598 1643 1631 decernenda
1678 1603 1709 1631 et
1741 1597 1942 1638 ordinanda,

1206 1664 1277 1686 cum
1303 1652 1452 1685 omnibus
1489 1658 1520 1684 et
1550 1652 1688 1694 singulis
1720 1652 1795 1685 inde
1828 1652 1942 1696 quovis

1205 1707 1301 1739 modo
1327 1706 1446 1738 secutis
1472 1712 1504 1738 et
1528 1706 1803 1749 quandocumque
1821 1711 1944 1738 50011111-

1206 1759 1263 1799 ris,
1290 1760 1361 1803 ipso
1386 1759 1457 1792 11110
1482 1760 1592 1798 nulla,
1620 1759 1782 1799 invalida,
1810 1759 1917 1792 inania
1934 1786 1941 1800 ,

1207 1813 1319 1853 irrita,
1348 1812 1535 1850 temeraria,
1562 1812 1689 1855 iniqua,
1715 1812 1854 1852 iniusta,
1889 1813 1945 1846 da-

1206 1871 1328 1906 mnata,
1346 1866 1534 1909 reprobata,
1554 1865 1743 1908 viribusque
1769 1876 1806 1898 ac
1830 1865 1946 1899 effectu

1206 1918 1335 1961 penitus
1360 1923 1391 1951 et
1416 1918 1548 1951 omnino
1572 1928 1672 1951 vacua
1697 1918 1735 1950 ab
1753 1918 1824 1961 ipso
1849 1918 1943 1951 initio

1207 1971 1317 2012 fuisse,
1344 1977 1376 2005 01
1401 1982 1482 2012 0550,
1505 1982 1540 2004 ac
1560 1976 1718 2015 perpetuo
1740 1971 1816 2012 fore,
1843 1971 1946 2004 nemi-

1208 2035 1347 2067 nemque
1373 2025 1412 2057 ad
1436 2025 1567 2057 illorum
1592 2024 1831 2057 observantiam
1859 2029 1946 2057 tene-

1207 2078 1253 2118 ri·‚
1281 2078 1346 2111 imo
1371 2088 1432 2111 nec
1456 2077 1514 2110 illa
1542 2078 1704 2110 ullatenus
1737 2088 1754 2110 a
1779 2087 1944 2120 quoquam

1207 2131 1371 2164 observari
1386 2130 1529 2174 potuisse
1548 2141 1584 2163 ac
1604 2130 1756 2164 debuisse
1773 2135 1828 2163 aut
1846 2140 1944 2173 posse

1208 2190 1240 2217 01
1264 2184 1400 2223 debere,
1428 2194 1535 2227 neque
1562 2194 1598 2216 ex
1624 2183 1688 2216 illis
1715 2183 1864 2226 cuiquam
1886 2183 1944 2216 ali-

1208 2237 1295 2280 quod
1326 2237 1374 2269 ius
1411 2237 1459 2269 vel
1496 2236 1676 2276 actionem,
1703 2241 1757 2268 aut
1793 2235 1944 2276 titulum,

1208 2289 1303 2322 etiam
1342 2290 1546 2328 coloratum,
1573 2294 1627 2320 aut
1661 2287 1848 2330 possidendi
1886 2298 1944 2321 seu

1208 2343 1297 2386 quasi
1322 2343 1513 2386 possidendi
1531 2343 1578 2374 vel
1604 2341 1850 2385 praescribendi
1872 2352 1945 2374 cau-

1208 2406 1274 2428 sam
1303 2395 1494 2438 acquisitam
1530 2395 1579 2427 vel
1617 2394 1809 2437 acquisitum
1845 2395 1944 2428 fuisse

1207 2448 1256 2480 vel
1282 2458 1364 2488 esse,
1381 2453 1436 2480 aut
1453 2448 1723 2490 quandocumque
1749 2447 1873 2490 acquiri
1894 2448 1944 2481 vel

1207 2506 1394 2543 competere
1419 2511 1527 2543 posse,
1555 2510 1661 2543 neque
1681 2501 1738 2534 illa
1763 2501 1865 2533 ullum
1886 2505 1945 2533 sta-

1208 2559 1273 2586 tum
1299 2553 1401 2586 faeere
1426 2554 1476 2586 vel
1502 2553 1628 2593 fecisse,
1654 2553 1720 2593 sed,
1746 2553 1882 2596 perinde
1909 2564 1946 2587 ac

1208 2606 1234 2640 si
1259 2616 1423 2651 nunquam
1448 2610 1653 2640 emanassent
1674 2615 1734 2640 nec
1758 2605 1839 2640 facta
1871 2606 1946 2640 fuis·

1940 225 1989 250 An.
2012 224 2040 252 C.
2058 225 2124 252 17¹6
