2269 3203
975 194 1071 218 txnex
1100 193 1204 218 aratu
1751 187 1812 221 979

406 246 482 281 item
508 247 580 281 libri
606 247 664 281 sub
690 247 786 281 titulis
812 246 950 292 naqa-mi
980 248 1029 281 del
1055 247 1160 291 Reque
1187 247 1220 280 di
1251 245 1383 290 Ναροίί,
1412 257 1492 287 ecc,
1514 247 1558 281 De
1582 259 1616 281 re
1640 247 1857 291 beneficiaria,

407 305 477 339 etc,
497 301 761 334 Considera:i'om'
786 300 1113 344 tt'ologyt'co-politiclie,
1141 312 1212 339 erc„
1226 304 1319 343 parte
1333 301 1459 343 prima,
1484 300 1548 333 380
1562 301 1578 333 b
1593 306 1622 333 et
1639 313 1699 345 seq.
1718 313 1727 337 .·
1745 302 1858 335 iterum

407 354 486 386 liber
510 354 567 387 sub
593 354 683 387 titulo
709 353 973 387 considerazione·
997 354 1141 396 {colosse'co
1171 353 1333 396 politiclzc,
1360 364 1419 386 ecc.
1445 353 1544 386 Parte
1568 355 1725 394 secunda,
1755 354 1814 388 5381
1845 356 1861 386 b

406 412 436 438 ct
459 418 540 450 seq.,·
566 407 637 439 item
664 406 743 439 liber
768 406 825 439 sub
851 405 941 439 titulo
966 407 1150 440 Emi-eziens
1174 417 1230 439 sur
1259 406 1287 438 lc
1311 406 1414 439 decret
1435 406 1472 439 de
1497 406 1591 440 Rome
1608 412 1714 439 contre
1732 407 1760 440 lc
1777 408 1862 441 Non-

408 470 485 492 reczu
505 461 695 499 Testamcnt,
721 464 793 498 etc„
819 458 884 492 3th
910 459 926 491 Ι)
947 463 976 493 ct
999 470 1072 502 seq„
1099 459 1169 492 vide
1194 459 1429 502 Propositioncs
1454 459 1628 493 damnatae.

321 511 403 544 Libri
431 513 525 547 vetiti.
547 533 588 537 —
609 513 718 546 Libros
742 513 852 546 vetitos
884 522 1102 556 quoscumque
1128 512 1159 544 in
1184 512 1374 545 bibliotheca
1407 513 1545 545 Romana
1569 512 1767 547 Casanatensi
1793 514 1863 548 reti-

408 566 500 599 nendi
527 567 604 599 facta
630 565 758 599 facultas
783 565 924 608 generali
951 565 1216 606 Praedicatorum,
1242 564 1283 598 ‘13
1308 576 1326 597 α
1353 570 1382 597 et
1407 565 1437 604 [η
1465 565 1537 598 item
1564 565 1593 598 in
1619 565 1786 600 biblioteca
1809 576 1863 610 pu-

410 620 491 653 blica
519 619 736 658 Urbinatensi,
762 618 827 652 stt
852 630 871 652 α
896 624 925 651 et
952 619 991 658 b„

320 673 496 716 Liparensis
521 672 628 705 civitas
653 678 683 704 ct
707 672 869 706 dioecesis.
891 692 932 696 -
954 672 1131 715 Liparensis
1156 672 1289 705 civitatis
1315 672 1422 705 turbas
1448 678 1599 712 recenset,
1618 672 1675 705 531
1699 683 1718 706 α
1736 677 1765 706 et
1782 683 1862 716 seq.;

411 726 588 770 Liparensis
613 725 746 759 civitatis
771 726 920 759 officiales
946 726 1107 759 restitutos
1131 725 1360 759 ecclesiasticae
1385 726 1599 760 communioni
1618 726 1745 759 nulliter
1770 722 1864 759 suis'se

409 779 568 818 declarat,
598 779 747 822 nullaque
771 779 863 812 etiam
889 779 948 811 alia
973 785 1059 822 gesta
1084 789 1100 811 a
1126 779 1270 822 delegato
1294 780 1450 823 praetensi
1473 779 1639 813 tribunalis
1663 779 1787 813 Siciliae
1810 779 1864 813 ad-

411 843 518 865 versus
540 833 690 866 vicarium
706 834 885 875 generalem
911 832 1048 876 episcopi
1074 832 1263 876 Liparensis,
1290 833 1356 865 eius
1381 833 1487 866 curiae
1516 833 1686 876 ministros,
1711 833 1863 877 allosquc.

410 896 480 919 cum
507 885 692 919 eorumdem
717 886 928 924 damnatione,
953 890 980 917 et
1007 885 1217 929 publicatione
1243 896 1460 926 censurarum,
1486 886 1548 919 5:33
1573 898 1592 919 a
1618 891 1648 919 et
1671 897 1748 930 seq.;
1773 887 1864 930 Lipa-

409 939 509 973 rensis
535 939 688 973 dioecesis
713 949 729 971 a
755 939 872 972 vicario
897 938 1037 981 generali
1062 938 1102 972 ob
1128 939 1174 972 sui
1200 940 1418 982 expulsionem
1445 939 1610 973 interdicto
1635 940 1775 974 subiecta
1800 946 1863 980 est,

410 991 473 1024 618
497 1003 533 1031 (13
559 991 716 1036 quoddam
742 992 879 1025 edictum
905 1002 1001 1036 super
1025 992 1078 1025 illo
1099 1002 1114 1024 a
1139 992 1282 1034 delegato
1301 992 1502 1025 monarchiae
1527 992 1651 1026 Siciliae
1676 993 1794 1026 editum
1814 1003 1864 1026 re-

409 1046 520 1082 fertur,
547 1044 610 1077 619
636 1056 673 1084 a,
699 1050 728 1078 et
753 1045 874 1077 nullum
902 1045 1090 1085 declaratur,
1116 1045 1173 1077 621
1199 1056 1217 1077 α
1244 1050 1273 1078 et
1297 1057 1373 1088 πῃ
1401 1045 1541 1079 eiusdem
1568 1045 1721 1080 dioecesis
1746 1046 1861 1080 imme-

407 1098 490 1131 diata
514 1098 666 1132 subiectio
690 1099 718 1132 S.
745 1098 816 1132 Sedi
842 1099 1059 1137 confirmatur,
1085 1097 1150 1130 (520
1174 1098 1207 1137 b;
1232 1098 1302 1130 vide
1325 1098 1482 1132 Censurae
1506 1099 1745 1132 ecclesiasticae.

320 1151 454 1185 Litterae
478 1152 678 1196 apostolicae.
702 1171 746 1176 -—
771 1152 902 1186 Litteras
927 1152 1114 1195 apostolicas
1143 1161 1311 1195 processus
1336 1152 1386 1185 die
1411 1152 1531 1187 Coenae
1556 1153 1679 1186 Domini
1714 1153 1860 1197 publica-

409 1205 451 1238 vit
475 1206 616 1239 Clemens
638 1206 694 1246 xl,
718 1205 759 1238 ⁶20
784 1217 802 1239 a
829 1212 858 1239 et
883 1206 923 1244 b,·
950 1205 1022 1238 item
1048 1205 1248 1238 Innocentius
1276 1205 1363 1247 XIII,
1389 1205 1452 1239 902
1478 1218 1507 1239 α.

320 1260 400 1293 Loca
426 1260 590 1293 montium.
609 1280 650 1284 —
668 1260 823 1293 Locorum
851 1260 1003 1293 montium
1030 1259 1287 1303 computistariae
1312 1259 1343 1292 in
1367 1259 1471 1293 officia
1496 1260 1662 1300 vacabilia,
1687 1261 1809 1294 venalia
1833 1266 1863 1293 et

408 1313 611 1356 resignabilia
637 1313 665 1346 in
692 1313 815 1347 Dataria
841 1313 1033 1357 expedienda
1058 1313 1159 1346 soluta
1185 1314 1269 1347 certa
1296 1313 1501 1356 pecunIarum
1528 1314 1713 1357 quantitate,
1738 1314 1863 1357 erigun-

409 1372 478 1406 tur,
503 1366 567 1400 <256
592 1378 612 1400 α
636 1371 666 1400 et
690 1377 751 1410 seq.

319 1421 399 1454 Loca
423 1420 485 1464 pia.
502 1439 546 1445 —
562 1421 642 1454 Loca
667 1420 719 1464 pia
743 1420 997 1459 Terraesanctae‚
1022 1420 1094 1453 vide
1119 1419 1335 1454 Terrasancta.

320 1473 479 1508 Lucernae
503 1479 637 1508 senatus.
663 1492 704 1499 -
730 1473 890 1507 Lucernae
915 1478 1040 1506 senatus
1064 1483 1100 1506 ac
1125 1473 1326 1516 magistratus
1350 1473 1487 1507 edictum
1512 1484 1608 1518 super
1642 1475 1861 1508 moderatione

409 1527 622 1561 subsidiorum
648 1527 818 1566 dotalium,
853 1527 1051 1565 livellorum,
1080 1526 1277 1569 aliarumque
1310 1536 1520 1570 expensarum
1553 1527 1755 1567 monialium,
1788 1538 1861 1561 cum

408 1581 568 1614 nonnullis
585 1580 852 1620 ordinationibus,
869 1581 964 1614 refert
982 1586 1012 1613 et
1027 1580 1148 1613 nullum
1168 1580 1307 1613 declarat
1321 1580 1525 1613 Innocentius
1544 1581 1620 1622 xtu,
1637 1579 1735 1613 8991>
1753 1587 1783 1614 et
1799 1592 1860 1624 seq.

320 1633 415 1668 Lucia
438 1634 499 1677 (B.)
524 1634 562 1666 de
587 1634 712 1667 Narnia.
734 1653 775 1657 —
792 1633 835 1666 De
861 1634 892 1666 B.
917 1634 1030 1667 Luciae
1054 1634 1189 1668 Narniae
1214 1636 1299 1668 cultu
1326 1634 1573 1668 immemorabili
1598 1634 1760 1668 decretum
1779 1635 1860 1668 Con-

409 1687 604 1731 gregationis
630 1687 758 1720 Rituum
776 1687 992 1728 confirmatur,
1017 1686 1081 1721 383
1107 1699 1126 1722 a
1152 1694 1183 1721 et
1207 1699 1268 1732 seq.

321 1741 498 1775 Ludovicus
523 1740 586 1774 XIV
612 1750 666 1773 rex
690 1740 983 1780 christianissimus,
1007 1740 1045 1773 ad
1070 1741 1254 1774 Pontificem
1281 1741 1416 1775 recurrit
1440 1752 1497 1785 pro
1528 1740 1724 1775 eradicandis
1756 1742 1861 1785 pravis

409 1794 626 1828 doctrinarum
651 1794 825 1827 seminibus
851 1793 1016 1827 occasione
1034 1794 1105 1826 libri
1127 1794 1239 1836 gallice
1257 1794 1330 1826 editi
1350 1794 1407 1826 sub
1429 1795 1519 1827 titulo
1544 1794 1586 1826 Le
1611 1795 1761 1828 Nouveau
1792 1795 1860 1826 Tes-

411 1852 530 1881 tament
555 1853 623 1889 etc„
650 1847 712 1880 807
739 1847 765 1879 b.

317 1901 474 1945 Lyciensis
499 1901 662 1943 dioecesis,
694 1901 765 1935 vide
790 1901 1004 1935 Interdictum.

1075 2063 1101 2095 M

317 2159 529 2194 Macaonensis
553 2159 731 2204 episcopus.
752 2178 793 2182 —-
815 2160 1027 2193 Macaonensis
1045 2161 1184 2204 episcopi
1209 2160 1339 2203 eiusque
1357 2160 1465 2194 vicarii
1490 2165 1577 2204 gesta
1602 2161 1752 2196 adversus
1773 2172 1860 2196 com-

409 2214 588 2247 missarium
614 2213 821 2257 apostolicum
847 2213 878 2245 in
904 2213 998 2246 Indiis
1022 2213 1233 2246 Orientalibus
1258 2219 1411 2254 recenset,
1440 2214 1503 2248 423
1529 2226 1547 2247 α
1574 2220 1604 2248 et
1627 2226 1710 2259 seq.;
1738 2217 1859 2249 Maean-

406 2267 511 2300 nensis
535 2266 676 2300 eiusdem
701 2266 840 2310 episcopi
866 2265 1024 2309 praedicta
1048 2266 1154 2299 omnia
1184 2273 1271 2310 gesta
1301 2268 1386 2300 nulla
1410 2268 1570 2309 declarat,
1599 2269 1771 2312 eademque
1796 2269 1854 2301 da-

407 2325 503 2360 mnat,
526 2319 659 2353 inflictas
683 2319 710 2352 ei
735 2329 884 2352 censuras
909 2319 1085 2360 confirmat,
1110 2330 1146 2353 ac
1170 2320 1344 2354 severiores
1369 2331 1486 2364 poenas
1510 2322 1734 2363 comminatur,
1758 2321 1835 2355 ibid.

318 2371 464 2415 Magister
481 2374 546 2417 (M.)
565 2392 606 2397 —
627 2373 662 2406 M.
678 2372 816 2415 Magistri
843 2373 973 2406 militiae
997 2379 1144 2407 aureatae
1168 2374 1320 2413 officium,
1344 2384 1361 2406 a
1386 2374 1529 2419 principe
1556 2375 1661 2408 Flavio
1686 2375 1857 2408 Commeno

407 2435 591 2459 concessum
616 2426 688 2459 duci
713 2426 879 2459 Francisco
906 2426 1054 2459 Fax-nesio
1079 2427 1209 2469 eiusque
1235 2427 1509 2468 descendentibus,
1535 2428 1573 2460 ab
1598 2428 1779 2461 Innocentio
1802 2428 1857 2461 XII

407 2479 627 2513 confirmatum
651 2479 747 2512 fuisse
773 2479 918 2519 refertur,
945 2479 1002 2512 791
1025 2480 1041 2511 b
1060 2485 1089 2512 et
1114 2491 1188 2523 seq,
1215 2480 1412 2523 praedictum
1438 2481 1578 2514 officium
1605 2482 1734 2525 eiusque
1758 2481 1856 2524 privi-

408 2531 500 2574 legia,
532 2532 570 2564 ab
602 2533 783 2566 Innocentio
810 2532 863 2565 XII
889 2532 1025 2565 familiae
1050 2534 1217 2567 Farnesiae
1239 2544 1398 2575 concessa,
1422 2540 1577 2578 perpetuo
1598 2535 1712 2568 iterum
1741 2544 1855 2568 conce-

407 2585 524 2628 duntur
541 2596 611 2618 cum
629 2586 869 2622 confirmatione
894 2587 1061 2621 erectionis
1087 2586 1160 2620 dicti
1185 2587 1305 2621 ordinis
1326 2588 1481 2629 militaris,
1500 2588 1563 2621 795
1584 2599 1603 2621 α
1623 2593 1650 2620 et
1670 2588 1696 2627 b3
1715 2588 1856 2631 praefato
