2269 3203
210 233 268 261 an.
288 232 316 262 c,
335 232 403 260 im
448 223 512 257 filit

216 998 304 1019 Decreta
315 999 337 1019 S.
347 998 398 1018 Con-

215 1029 350 1050 gregationis.

407 281 529 315 bilibus
547 280 699 315 fratribus
714 281 834 315 nostris
848 280 958 315 SJOE.
976 280 1146 314 cardinali-

407 336 469 368 bus
488 346 505 368 a
530 336 624 368 nobis
650 335 839 379 specialiter
858 336 1022 378 deputata,
1048 344 1144 377 quam

409 400 426 421 a
446 388 704 431 Congregatione
723 389 910 421 eorumdem
930 387 1143 421 cardinalium

408 441 546 483 negotiis
579 447 611 473 et
636 441 935 474 consultationibus
973 440 1143 484 episcopo-

409 504 479 526 rum
503 499 533 526 et
560 494 756 536 regularium
783 494 978 537 praeposita,
1007 493 1045 525 ad
1072 503 1147 536 sup-

408 547 613 590 plicationem
630 547 738 580 dilecti
756 547 811 579 tilii
833 546 994 579 Francisci
1023 546 1061 579 de
1080 556 1145 578 san-

409 605 460 633 cto
485 600 646 640 Antonio,
675 599 783 632 fratris
815 609 970 642 expresse
1006 598 1145 642 professi

411 662 447 685 ac
472 652 589 698 prioris
605 651 793 695 liospitalis¹
815 662 871 684 seu
891 652 1066 685 domorum
1084 651 1146 684 Me-

410 705 551 743 xicanae,
577 704 880 748 Angelopolitanae‚
906 705 1092 737 Oaxacanae
1115 713 1146 737 et

409 758 677 801 &christophori
691 758 730 791 de
744 759 873 791 [lavana
888 762 1145 801 nuncupatorum

409 809 675 853 Congregationis
712 810 1013 844 Bctliehemitarum
1040 810 1072 842 in
1097 810 1146 842 In-

410 862 470 894 diis
495 862 768 903 Occidentalibus,
793 863 923 896 decreta
943 862 1066 895 tenoris
1091 862 1145 905 qui

409 915 574 958 seqnitur,
600 915 770 949 videlicet:

449 989 517 1020 Cum
541 990 570 1020 in
594 995 703 1020 asserto
726 990 852 1029 capitulo
874 990 1004 1028 generali
1021 990 1148 1028 Congre-

409 1039 533 1077 gationis
560 1039 817 1068 Bethleemitarum
850 1038 948 1068 habito
976 1039 1147 1068 Guatlienia-

410 1088 453 1116 lae
484 1087 530 1116 die
564 1096 601 1116 xu
634 1087 797 1116 decembris
833 1095 942 1116 nocem
974 1087 1146 1126 quamplura

409 1136 486 1165 edita
503 1136 612 1166 fuerint
628 1135 744 1165 decreta
767 1136 912 1165 contraria
935 1135 1147 1165 &institutioni-

409 1183 463 1213 bus
485 1183 577 1213 dictae
600 1184 841 1222 Congregationis
870 1184 1030 1223 apostolica
1052 1188 1147 1213 aucto-

408 1232 492 1262 ritate
515 1236 627 1262 erectae
642 1232 651 1248 ²
667 1241 741 1262 anno
758 1241 934 1261 ›inccxxxrn
956 1232 1146 1268 confirmatis,

410 1281 548 1310 adversus
572 1280 718 1319 praedicta
741 1281 856 1310 decreta
878 1280 997 1311 nomine
1018 1281 1148 1320 hospita-

410 1329 491 1367 lium,
504 1339 554 1359 seu
564 1329 725 1366 domorum,
734 1329 886 1367 Mexicani‚
900 1330 1146 1369 Angelopolitani,

409 1377 553 1407 ttaxaeani
576 1382 604 1407 et
625 1377 654 1407 S.
672 1377 871 1416 Cliristophori
888 1378 922 1407 de
939 1378 1054 1407 l‘lavana
1074 1388 1148 1407 nun-

410 1426 530 1465 cupati⁸
553 1426 683 1455 eiusdem
717 1425 977 1464 Congregatioffis,
1002 1426 1147 1455 mediante

410 1477 533 1514 persona
549 1475 645 1504 fratris
661 1475 807 1504 Francisci
823 1484 838 1504 a
855 1475 883 1505 S.
898 1475 1025 1505 Antonio
1047 1484 1145 1504 eorum

409 1523 547 1561 specialis
587 1523 782 1561 procuratoris
822 1523 920 1553 liabito
959 1533 1081 1553 recursu
1113 1523 1146 1552 ad

410 1575 539 1601 sanctam
560 1571 661 1601 Sedem
684 1571 891 1610 Apostolicam,
915 1576 943 1601 et
966 1572 1073 1610 negotii
1097 1572 1148 1601 liu-

410 1619 535 1649 iusmodi
558 1619 723 1657 cognitione
746 1620 866 1650 remissa
889 1620 923 1650 ad
942 1629 1053 1650 sacram
1076 1621 1148 1651 Con-

410 1669 609 1707 gregationem
633 1668 836 1707 episcoporum
859 1673 887 1698 et
909 1669 1098 1707 regularium,
1121 1673 1148 1699 et

411 1726 462 1756 per
483 1726 546 1747 eam
569 1717 709 1756 deputata
730 1716 958 1755 Congregatione
981 1718 1147 1756 particulari

411 1765 708 1795 eminentissimorum
743 1765 927 1796 dominorum
956 1767 1147 1796 cardinalium

411 1815 440 1843 S.
454 1814 621 1852 Clementis,
635 1813 784 1843 Gabricllii
801 1818 829 1843 et
845 1814 1041 1853 Parracciani,
1058 1824 1147 1854 usque

411 1868 438 1893 et
458 1863 512 1892 sub
535 1863 582 1893 die
605 1872 642 1892 xii
667 1862 767 1902 aprilis
789 1871 899 1892 MDCClx
922 1863 1027 1902 prodiit
1049 1864 1148 1893 decre.-

411 1916 470 1941 tum
487 1911 595 1942 tenoris
617 1911 782 1950 sequentis:
803 1922 816 1940 <i
833 1912 1004 1941 Revocatis⁴
1026 1912 1150 1942 decretis

410 1961 514 1990 asserti
536 1960 657 1999 capituli
680 1960 824 1998 generalis
840 1960 869 1989 in
887 1962 921 1989 ea
937 1965 1026 1999 parte,
1046 1961 1075 1990 in
1093 1971 1148 2000 qua

410 2014 478 2038 sunt
513 2009 656 2039 contraria
694 2009 953 2039 constitutionibus
989 2010 1149 2049 apostolica

411 2058 584 2087 auctoritate
619 2058 806 2092 confirmatis,
842 2063 996 2088 serventur
1031 2059 1149 2088 omnino

412 2106 530 2135 eaedem
553 2107 793 2141 c01istitutiones3
818 2112 845 2136 et
868 2107 1086 2146 archiepiscopo
1105 2107 1150 2136 Li-

412 2164 498 2184 mano
520 2164 571 2194 pro
594 2155 764 2185 executione
793 2161 820 2185 et
843 2157 1049 2186 convocatione
1071 2156 1149 2195 capi-

412 2203 477 2241 tuli,
501 2203 547 2233 cui
571 2204 731 2242 praesideat
754 2214 805 2242 per
828 2213 858 2234 se
881 2205 940 2234 sive
968 2215 1019 2244 per
1047 2205 1147 2240 alium,

412 2261 478 2281 cum
501 2251 635 2281 omnibus
658 2252 842 2282 facultatibus
865 2262 964 2282 sacrae
987 2253 1149 2291 Congrega-

413 2300 519 2337 tionis3
537 2304 576 2338 et,
594 2305 736 2339 quatenus
754 2305 821 2330 tunc
845 2301 983 2340 temporis
1003 2301 1148 2340 archiepi-

412 2357 517 2387 scopus
547 2347 662 2385 obierit‚
692 2353 850 2387 exequatur
873 2353 900 2377 et
923 2348 1085 2387 praesideat
1108 2349 1149 2377 vi-

412 2396 507 2425 carius
529 2395 699 2435 capitularis
713 2407 740 2425 s».
764 2396 842 2431 Quod
866 2396 1014 2426 decretum
1031 2395 1084 2424 suh
1101 2395 1148 2424 die

448 2483 459 2507 1
480 2480 576 2507 Potius
596 2480 655 2515 lege
674 2479 865 2514 hospitalium
885 2480 922 2515 (R.
943 2480 991 2512 Τ.).

446 2525 462 2550 2
481 2524 552 2551 Edit.
573 2523 652 2550 Main.
673 2524 737 2559 legit
755 2526 846 2551 erecta
865 2524 905 2556 (n⁴
922 2524 972 2557 τ.).

446 2568 462 2595 3
481 2568 575 2594 Potius
594 2568 654 2603 lege
672 2571 908 2603 nuncupatorum
928 2567 968 2601 (a.
991 2566 1040 2599 πη).

447 2613 462 2639 4
480 2612 546 2640 Male
566 2612 631 2639 edit.
652 2612 734 2639 Main.
755 2612 819 2647 legit
838 2611 991 2640 Renovatis
1010 2612 1047 2645 (a.
1069 2610 1118 2645 Τ.).

984 231 1164 256 ntttmltmt'u
1187 230 1206 254 P.
1212 230 1343 254 OMANUM

1189 288 1244 309 xxv
1267 279 1363 309 martii
1389 287 1484 309 iinccx
1509 278 1561 309 suit
1584 286 1636 318 per
1657 277 1782 318 speciale
1795 276 1885 308 Breve
1907 286 1923 307 a

1188 328 1370 358 sanctissimo
1389 328 1506 358 domino
1524 331 1625 358 nostro
1653 327 1868 357 confirmatum.
1892 326 1926 356 Et

1189 381 1300 415 postea,
1312 386 1377 407 cum
1396 377 1424 406 in
1439 377 1539 407 eadem
1552 376 1780 414 Congregatione
1792 379 1852 406 orta
1866 376 1926 405 sue-

1188 426 1226 455 rit
1241 425 1383 463 dubietas,
1398 435 1432 455 an
1445 425 1636 463 Congregatio
1648 425 1925 454 Bethlehemitarum

1189 478 1264 503 esset
1286 483 1354 503 vere
1372 478 1400 502 et
1422 473 1551 502 formalis
1573 473 1686 510 religio,
1705 472 1804 502 habita
1825 472 1859 502 de
1876 472 1924 502 tali

1189 522 1369 552 dubitatione
1391 521 1497 550 notitia
1519 530 1533 550 a
1553 521 1642 551 fratre
1663 521 1803 550 Michaele
1824 529 1839 550 a
1862 521 1926 550 lesu

1188 570 1275 600 Maria
1300 574 1328 599 et
1350 579 1364 599 a
1387 570 1475 599 fratre
1508 569 1662 599 Francisco
1695 578 1710 598 a
1741 569 1770 599 S.
1787 569 1925 607 Antonio,

1188 618 1237 649 isti
1259 627 1410 648 recursum
1433 617 1599 648 habuerunt
1630 618 1664 647 ad
1686 617 1926 655 Sanctissimum,

1189 667 1302 697 adhoc
1336 671 1367 696 ut
1399 666 1523 705 erigeret
1551 666 1809 705 Congregationem
1842 666 1929 696 Beth-

1190 715 1395 745 leliemitarum
1417 714 1447 744 in
1470 724 1568 745 veram
1589 715 1777 753 religionem3
1802 719 1829 744 et
1851 714 1928 745 dele-

1189 765 1253 802 gata
1276 763 1416 793 instantia
1438 772 1489 802 per
1515 762 1701 793 Sanctitatem
1723 762 1808 793 Suam
1833 762 1928 792 eidem

1189 812 1412 850 Congregationi
1430 812 1598 851 particulari
1617 812 1705 842 trium
1722 811 1926 850 cardinalium,

1190 861 1299 900 prodiit
1315 860 1367 890 sub
1383 860 1429 890 (lie
1450 869 1499 890 vin
1520 859 1686 890 novembris
1708 860 1837 890 eiusdem
1859 860 1928 890 anni

1190 917 1297 939 Mocclx
1311 909 1477 938 decretum:
1495 919 1507 938 <‹
1519 909 1730 939 Consulendum
1740 909 1929 940 Sanctissimo

1191 966 1243 996 pro
1259 957 1407 987 erectione
1423 957 1660 995 Congregationis
1675 958 1929 988 Bethlehemiticae

1190 1005 1220 1035 in
1237 1005 1327 1035 Indiis
1346 1005 1583 1035 Occidentalibus
1599 1006 1629 1035 in
1644 1015 1740 1036 veram
1757 1006 1929 1044 religionem

1191 1062 1256 1083 cum
1282 1053 1355 1083 votis
1377 1053 1556 1083 solemnibus
1572 1053 1738 1083 emittendis
1754 1063 1789 1084 ex
1804 1054 1928 1093 integro,

1191 1103 1278 1131 etiam
1301 1101 1337 1131 ab
1359 1102 1405 1138 iis,
1430 1102 1480 1140 qui
1503 1102 1643 1131 hactenus
1675 1106 1740 1132 vota
1769 1103 1930 1133 emiserunt

1191 1149 1221 1179 in
1237 1149 1338 1179 eadem
1353 1149 1582 1188 Congregatione
1597 1160 1602 1179 :
1626 1150 1665 1180 ita
1681 1154 1776 1180 tamen
1792 1155 1824 1180 ut
1845 1151 1930 1181 emit-

1192 1202 1285 1228 tentes
1309 1208 1383 1228 nova
1406 1202 1468 1228 vota
1487 1198 1568 1237 prius
1590 1199 1784 1228 certioremur
1804 1199 1839 1229 de
1860 1199 1931 1229 ines-

1192 1247 1293 1277 sicacia
1322 1247 1557 1286 praecedentium
1590 1252 1723 1278 votorum
1755 1248 1790 1278 ad
1823 1248 1931 1278 consti-

1192 1296 1313 1326 tuendos
1330 1305 1378 1326 eos
1389 1305 1473 1326 veros
1482 1296 1633 1335 religiosos
1646 1308 1674 1326 ν).
1688 1296 1767 1332 Quod
1779 1297 1929 1327 decretum

1191 1345 1244 1374 fuit
1266 1355 1281 1374 a
1304 1345 1462 1375 Sanctitate
1484 1344 1542 1375 Sua
1565 1345 1756 1384 approbatum
1776 1355 1827 1384 per
1850 1345 1929 1375 aliud

1190 1394 1279 1423 Breve
1301 1394 1468 1433 expeditum
1490 1394 1535 1423 die
1551 1403 1580 1423 111
1598 1394 1700 1433 aprilis
1715 1403 1824 1424 Moccx.
1843 1394 1928 1424 Cum-

1191 1452 1256 1481 que,
1280 1442 1333 1472 sub
1355 1446 1506 1481 praetextu
1528 1442 1604 1481 quod
1626 1447 1706 1482 pater
1728 1443 1888 1473 Rodericus
1912 1452 1928 1472 a

1190 1491 1279 1520 Cruce
1302 1495 1430 1520 assertus
1453 1491 1614 1530 praefectus
1642 1491 1788 1529 generalis
1810 1490 1928 1521 Ordinis

1190 1538 1464 1568 Bethlehemitarum
1483 1548 1540 1568 non
1557 1539 1643 1569 suerit
1660 1539 1775 1569 auditus
1794 1539 1824 1568 in
1841 1547 1930 1578 supra

1190 1588 1278 1617 relata
1302 1588 1499 1626 propositione
1519 1587 1615 1617 habita
1632 1596 1728 1617 coram
1746 1588 1822 1617 dicta
1844 1588 1930 1617 sacra

1191 1636 1422 1673 Congregatione
1458 1636 1606 1674 deputata,
1643 1636 1847 1666 serenissimus
1878 1644 1930 1666 rex

1192 1685 1395 1723 Hispaniarum
1432 1684 1583 1723 Philippus
1619 1684 1652 1721 V,
1688 1684 1809 1714 retentis
1845 1684 1930 1714 dictis

1191 1733 1342 1773 Brevibvus,
1359 1732 1505 1762 remiserit
1521 1737 1617 1771 partes
1640 1733 1675 1762 ad
1692 1732 1926 1774 Sanctissimum,

1191 1782 1226 1811 ad
1248 1782 1382 1811 ellectum
1405 1781 1543 1811 audiendi
1565 1791 1653 1821 super
1675 1782 1843 1821 praemissis
1866 1781 1929 1811 eius

1191 1832 1354 1869 oraculum,
1373 1835 1508 1870 porrecto
1526 1839 1577 1870 pro
1600 1834 1682 1870 parte
1698 1830 1793 1860 fratris
1808 1830 1932 1860 Michae-

1192 1881 1227 1909 lis
1249 1890 1263 1909 a
1286 1880 1491 1918 Concepssone,
1517 1879 1716 1918 procuratoris
1747 1878 1816 1908 'dicti
1839 1877 1930 1917 patris

1192 1929 1337 1967 Roderici,
1361 1928 1513 1958 Sanctitati
1529 1927 1602 1957 Suae
1625 1927 1751 1966 supplici
1774 1926 1882 1961 libello,
1901 1930 1930 1956 et

1191 1978 1296 2007 iterum
1330 1977 1460 2014 (lelegata
1494 1976 1603 2013 negotii
1635 1975 1800 2014 cognitione
1830 1983 1929 2004 sacrae

1191 2025 1414 2064 Congregationi
1428 2025 1590 2064 deputatae,
1604 2028 1632 2054 et
1644 2024 1775 2062 suffecto,
1788 2024 1817 2053 in
1834 2023 1930 2053 locum

1191 2074 1419 2104 eminentissimi
1443 2073 1605 2111 Gabrielfii,
1629 2072 1860 2102 eminentissimo
1881 2072 1932 2101 do-

1192 2123 1270 2152 mino
1289 2122 1429 2152 cardinali
1446 2122 1474 2151 S.
1492 2121 1618 2155 Priscae,
1637 2121 1689 2150 sub
1711 2121 1756 2151 die
1777 2129 1795 2149 v
1816 2120 1930 2150 februa-

1192 2172 1227 2201 rii
1250 2179 1387 2206 nnciam,
1411 2170 1520 2199 auditis
1550 2169 1693 2208 partibus,
1727 2174 1784 2199 tam
1806 2169 1837 2198 in
1859 2177 1929 2198 voce

1192 2228 1277 2258 quam
1301 2219 1329 2248 in
1350 2218 1467 2257 scriptis
1485 2242 1492 2256 ,
1516 2218 1621 2256 prodiit
1648 2218 1795 2247 decretum
1818 2216 1929 2246 tenoris

1191 2269 1240 2307 qui
1254 2268 1401 2306 sequitur:
1420 2277 1431 2294 «
1445 2266 1530 2295 Sacra
1541 2265 1728 2303 Congregatio
1744 2265 1929 2304 particularis

1191 2316 1337 2355 praedicta
1366 2315 1492 2353 perstitit
1514 2315 1544 2343 in
1567 2314 1692 2343 decretis
1724 2313 1777 2343 sub
1810 2313 1857 2343 die
1888 2321 1929 2343 ΧΠ

1191 2364 1290 2403 aprilis
1309 2371 1428 2398 nocem,
1453 2371 1572 2401 nempe:
1596 2362 1689 2400 quoad
1713 2361 1928 2392 revocationem

1191 2414 1375 2442 decretorum
1409 2411 1511 2440 asserti
1544 2411 1662 2450 capituli
1685 2411 1830 2449 generalis
1852 2410 1928 2441 Gua-

1192 2461 1327 2491 tliimalat·
1349 2461 1377 2489 in
1401 2461 1431 2489 ca
1457 2464 1535 2499 parte
1557 2460 1586 2489 in
1609 2469 1664 2499 qua
1687 2463 1755 2489 sunt
1782 2459 1928 2489 contrarIa

1191 2508 1446 2538 constitutionibus
1462 2507 1619 2546 apostolica
1633 2507 1807 2537 auctoritate
1823 2507 1930 2537 confir-

1191 2557 1296 2592 matis,
1315 2560 1466 2587 serventur
1491 2556 1609 2585 omnino
1638 2554 1876 2594 constitutiones3
1899 2560 1929 2587 et

1190 2607 1308 2646 insuper
1324 2605 1481 2636 declaravit
1496 2609 1524 2636 et
1545 2606 1684 2644 decrevit,
1702 2605 1863 2646 capitulum
1879 2614 1928 2644 ge-

1931 228 1984 257 An.
2005 228 2035 257 C.
2051 229 2120 258 ¹714
