2269 3203
309 207 357 235 An.
377 207 405 234 c.
429 207 495 234 1713
541 198 603 232 57ss

329 1112 438 1132 mensumn

304 1144 352 1157 vna
368 1140 442 1164 heingi<
452 1145 487 1165 gvi-

322 1172 331 1182 ·÷
358 1171 373 1185 s.

352 1375 487 1396 Confirmatiu

303 1403 365 1423 rel—ati
380 1403 470 1424 ili-neu.

501 256 626 298 signata
648 283 655 296 ,
683 266 756 289 cum
782 257 932 290 facultate
958 255 1086 289 videndi
1113 261 1143 289 et
1168 266 1239 288 exa-

502 309 664 350 minandi,
691 321 730 342 an
757 321 792 343 ex
818 310 1012 353 supradicliS
1033 308 1240 352 processibus

501 362 695 406 apostolicis,
721 363 802 395 sicut
826 363 1044 405 praemittitur
1073 360 1240 401 consectis,

500 420 664 448 constaret
679 416 717 449 de
733 426 806 448 casu
827 420 962 458 excepto
980 425 996 447 a
1012 414 1152 448 decretis
1167 413 1239 457 piae

500 468 673 501 memoriae
687 467 804 501 Urbani
829 468 887 501 1¹1³.
902 467 963 500 vul
981 467 1129 500 similiter
1147 478 1240 510 prae-

501 521 681 555 decessoris
707 521 819 561 nostri,
836 526 867 554 et
882 521 920 554 de
940 531 1049 554 eorum
1065 520 1237 563 parumne,

501 575 567 607 sive
593 574 631 606 de
658 575 745 607 cultu
772 574 903 617 publico
930 579 961 606 et
986 573 1238 607 immemorabili

500 627 585 660 dicto
611 627 705 660 beato
733 626 890 670 Gregorio
916 626 973 659 PP.
1009 627 1032 659 X
1070 626 1236 667 exhibito;

501 680 698 723 demumque
724 679 754 712 in
782 679 968 712 huiusmodi
1000 679 1239 713 commissionis

500 734 666 776 sequelam
692 733 857 776 proposita
883 735 976 766 causa
1000 743 1059 776 per
1091 733 1237 766 eumdem

501 785 741 819 Ferdinandum
757 785 952 819 cardinalem
963 785 1239 829 superpraedicto

500 837 619 875 dubio,
651 838 773 882 illoque
807 838 838 871 in
876 838 1037 882 praedicta
1075 838 1239 871 ordinaria

499 890 758 934 Congregatione
770 891 983 925 cardinalium
997 891 1154 931 discusso,
1171 891 1239 935 ipsa

499 943 741 987 Congoegasso,
770 944 880 977 audito
907 944 995 988 prius
1022 950 1083 977 tam
1119 943 1239 988 scripto

499 1006 594 1039 quam
621 1007 698 1029 voce
726 996 845 1029 dilecto
870 996 937 1030 filio
968 997 1121 1040 magistro
1158 996 1236 1029 Pro-

500 1059 596 1092 spero
623 1049 661 1082 de
688 1049 904 1082 Lambertinis
930 1050 1116 1093 inutraque
1136 1050 1239 1092 signa-

456 1118 487 1132 εει-
501 1103 570 1135 tura
581 1104 689 1135 nostra
699 1102 936 1144 referendario,
950 1102 1024 1136 side-i
1040 1108 1237 1146 promotore,

501 1155 768 1199 respondendum
793 1166 860 1189 esse
884 1156 1064 1196 censuerit,
1090 1161 1238 1189 constare

500 1210 540 1243 de
566 1210 654 1242 cultu
681 1208 942 1250 immemorabili,
968 1220 1023 1243 seu
1043 1210 1080 1243 de
1096 1220 1167 1242 casu
1186 1221 1237 1243 ex-

501 1266 594 1307 cepto
614 1273 630 1295 a
646 1262 820 1306 praedictis
836 1263 955 1296 Urbani
973 1263 1238 1307 praedecessoris

500 1316 657 1350 decretis:

544 1370 558 1412 ᾗ
584 1368 614 1402 ⁶2.
635 1369 715 1402 Hinc
734 1374 779 1402 est
795 1369 965 1412 quodnos,
985 1380 1050 1403 uon
1066 1370 1161 1403 modo
1176 1370 1236 1414 piis

501 1423 689 1466 devotisque
716 1423 879 1456 Benedicti
906 1423 1069 1467 episcopi,
1095 1435 1130 1456 ac
1154 1435 1238 1457 com-

500 1476 666 1510 munitatis
693 1483 723 1510 et
747 1477 927 1518 hominum,
953 1487 1090 1511 necnon
1106 1478 1234 1512 Antonii

500 1529 615 1563 Mariae
642 1530 906 1573 praedictorum,
933 1530 990 1563 sed
1017 1531 1112 1563 etiam
1135 1531 1235 1564 enixis

498 1583 676 1617 novissime
702 1583 820 1616 additis
840 1583 947 1616 dilecti
964 1583 1019 1617 lilii
1038 1584 1158 1617 nobilis
1177 1584 1234 1617 viri

498 1635 601 1669 Cosmi
627 1635 772 1668 Etruriae
797 1635 856 1668 sibi
877 1636 1041 1669 subiectae
1058 1637 1165 1680 magni
1182 1637 1236 1670 du-

499 1689 543 1721 cis
579 1688 873 1732 supplicationibus
910 1689 1004 1721 nobis
1040 1700 1139 1732 super
1175 1690 1236 1723 hoc

498 1741 668 1774 humiliter
696 1741 854 1784 porrectis
887 1741 1093 1774 favorabilem
1128 1753 1237 1776 assen-

497 1805 587 1833 sum,
613 1799 770 1837 quantum
798 1804 869 1827 cum
894 1794 1029 1828 Domino
1056 1806 1234 1838 possumus,

497 1846 656 1890 praebere
675 1846 854 1890 cupientes,
872 1852 902 1880 et
920 1858 1032 1880 eorum
1055 1848 1235 1891 singulares

497 1911 680 1944 personasa
697 1901 862 1944 quibusvis
879 1902 1234 1944 excommunicationis,

496 1953 719 1997 suspensionis
745 1958 775 1986 et
800 1954 989 1995 interdicti,
1017 1955 1154 1999 aliisque
1185 1966 1235 1989 cc-

496 2005 684 2040 clesiasticis
710 2005 877 2039 sententiis
895 2034 902 2048 ,
930 2007 1076 2040 censuris
1102 2013 1131 2041 et
1161 2019 1235 2051 poe-

496 2059 547 2092 nis
567 2086 574 2099 ,
600 2070 616 2091 a
642 2059 710 2092 iure
737 2060 786 2092 vel
813 2059 851 2092 ab
878 2059 1022 2102 homine,
1050 2061 1160 2104 quavis
1182 2072 1235 2095 oc-

497 2111 630 2145 casione
657 2113 704 2145 vel
731 2114 825 2145 causa
849 2112 933 2153 latis,
961 2113 987 2146 si
1013 2113 1131 2157 quibus
1157 2126 1235 2158 quo-

496 2164 859 2199 niodolibetinnodatae
875 2165 1025 2206 existunt,
1038 2167 1076 2200 ad
1086 2166 1233 2201 effectum

497 2218 720 2260 praesentitun
746 2218 911 2252 dumtaxat
942 2221 1231 2263 consequendum,

499 2270 610 2303 barum
643 2271 726 2304 scric
763 2271 967 2305 absolventes
1004 2278 1035 2305 et
1069 2274 1233 2307 absolutas

497 2323 565 2355 sore
591 2329 762 2356 censentes
784 2350 791 2363 ‚
817 2324 983 2358 decretum
1016 2335 1033 2357 a
1069 2326 1234 2368 praedicta

496 2374 709 2408 cardinalium
735 2375 995 2419 Congregatione
1032 2378 1174 2418 editum,
1200 2384 1235 2412 ut

497 2428 690 2471 praefertur,
716 2428 803 2471 quod
818 2429 944 2462 scilicet
961 2430 1000 2462 de
1019 2430 1107 2462 cultu
1126 2431 1234 2464 imme-

496 2479 646 2513 morabili
673 2480 776 2513 eidem
798 2480 893 2514 beato
911 2480 1068 2524 Gregorio
1085 2481 1190 2525 Papae
1208 2483 1232 2515 X

497 2532 643 2565 exhibito
663 2559 670 2573 ‚
697 2543 753 2565 seu
780 2533 819 2566 de
845 2543 918 2566 casu
955 2539 1089 2577 excepto
1122 2546 1139 2568 a
1176 2535 1231 2569 de-

496 2585 590 2621 cretis
621 2579 777 2631 praedicti
813 2586 932 2622 Urbani
958 2588 1228 2632 praedecessoris

1083 207 1261 231 5t'LLAfflt'M
1287 207 1392 231 ROMA}
1400 207 1439 231 [M

1284 261 1428 295 constet,
1462 255 1638 300 apostolica
1671 257 1883 298 auctoritate,
1908 263 2018 292 tenore

1284 309 1522 351 praesentium,
1549 309 1777 343 confirmanius
1804 316 1833 343 et
1858 311 2018 354 approba-

1284 371 1369 401 mus,
1396 362 1506 405 illique
1533 361 1728 395 inviolabilis
1755 363 1952 405 apostolicae
1966 363 2019 396 Iir-
2052 386 2057 392 ·

1285 414 1404 447 mitatis
1431 414 1532 447 robur
1557 414 1751 447 adiicimus:
1791 417 1874 448 salva
1912 421 2017 449 tamen

1283 477 1410 510 semper
1435 467 1465 500 in
1484 467 1670 511 praemissis
1689 467 1881 502 auctoritate
1899 478 2018 502 memo-

1284 525 1369 553 ratae
1395 520 1666 563 Congregatiouis
1692 520 1918 554 cardinalium.

1326 573 1341 616 ἓ
1364 572 1395 606 3.
1423 573 1655 613 Decernentes,
1678 573 1806 606 easdem
1826 579 2018 617 praesentes

1282 624 1407 658 litteras
1428 625 1534 658 Iirmas
1549 653 1556 666 ‚
1579 626 1701 659 validas
1730 631 1762 659 et
1782 626 1928 659 efficaces
1956 627 2019 660 exi-

1282 685 1367 712 stere
1386 684 1417 712 et
1435 678 1516 719 fore,
1537 689 1680 722 suosque
1706 679 1875 722 plenarios
1896 679 2020 714 etinte-

1282 741 1357 774 gros
1382 731 1515 765 ell'ectus
1539 732 1650 765 sortiri
1666 738 1697 764 et
1714 731 1874 772 obtinere,
1894 731 2019 773 acillis,

1282 784 1319 816 ad
1341 795 1424 828 quos
1450 790 1576 828 spectat
1603 791 1635 818 et
1652 784 1851 828 spectabitin
1868 784 2017 824 futurum,

1281 836 1468 880 plenissime
1494 836 1662 880 suffragari
1680 863 1688 878 ,
1713 843 1745 871 et
1769 837 1808 870 ab
1833 837 1879 871 eis
1908 847 2019 881 respe-

1283 888 1344 922 tive
1369 888 1598 922 inviolabiliter
1633 889 1820 931 observari,
1849 889 1960 934 sicque
1986 889 2018 922 iu

1281 940 1469 985 praemissis
1490 951 1549 985 per
1572 952 1799 985 quoscumque
1824 942 1947 976 iudices
1973 952 2019 975 or·

1281 994 1423 1028 dinarios
1456 1000 1488 1027 et
1520 994 1698 1038 delegatos,
1728 994 1824 1028 etiam
1849 1005 2017 1028 causarum

1280 1048 1392 1091 palatii
1418 1047 1586 1092 apostolici
1614 1047 1780 1082 auditores
1798 1075 1805 1089 ,
1825 1047 1962 1081 iudicari
1988 1054 2020 1082 et

1282 1099 1408 1134 deliniri
1436 1101 1576 1142 debere,
1600 1111 1636 1134 ac
1663 1101 1790 1134 irritum
1815 1106 1846 1134 et
1871 1100 1966 1135 inane
1992 1100 2017 1133 si

1280 1165 1373 1188 secus
1400 1165 1498 1198 super
1522 1153 1572 1187 bis
1591 1164 1607 1186 a
1632 1164 1807 1198 quoquam,
1826 1153 1937 1198 quavis
1964 1164 2019 1187 au-

1281 1208 1440 1249 ctoritate,
1474 1207 1618 1242 scienter
1642 1208 1689 1241 vel
1714 1207 1915 1251 ignoranter,
1934 1218 2015 1241 con-

1282 1261 1390 1305 tigerit
1420 1260 1586 1295 attentari.
1614 1261 1682 1295 Non
1713 1261 1916 1294 obstantibus
1942 1272 2018 1296 con-

1281 1315 1504 1349 stitutionibus
1529 1321 1558 1348 et
1581 1314 1841 1348 ordinationibus
1867 1314 2019 1359 apostoli-

1280 1370 1342 1410 cis3
1359 1369 1542 1412 ceterisque
1561 1367 1731 1401 contrariis
1745 1368 2013 1412 quibuscumque.

1323 1422 1337 1465 ἓ
1364 1422 1394 1454 4.
1424 1421 1577 1455 Volumus
1607 1426 1712 1454 antem
1726 1421 1915 1464 utipsarum
1930 1431 2017 1464 prae-

1279 1475 1419 1508 sentium
1445 1475 1625 1508 litterarum
1653 1474 1860 1517 transumptis
1878 1502 1885 1515 ‚
1919 1473 2016 1507 etiam

1278 1527 1454 1571 impressis,
1479 1538 1575 1560 manu
1601 1526 1737 1560 alicuius
1762 1527 1878 1560 notarii
1897 1526 2018 1570 publici

1279 1579 1647 1624 subscriptis,etsigillo
1673 1590 1831 1623 personae
1856 1579 1888 1612 in
1915 1581 2019 1614 eccle-

1280 1633 1405 1666 siastica
1422 1632 1576 1676 dignitate
1594 1632 1786 1666 constitutae
1803 1631 1947 1674 munitis,
1967 1643 2017 1666 ea-

1280 1687 1352 1720 dem
1366 1697 1500 1730 prorsus
1514 1686 1593 1720 [ides
1605 1686 1767 1720 iniudicio
1785 1691 1816 1720 et
1834 1691 1922 1720 extra
1937 1685 2018 1720 illud

1282 1740 1464 1780 habeatur,
1498 1750 1580 1784 quae
1615 1739 1792 1773 haberetur
1824 1739 1902 1783 ipsis
1925 1749 2018 1783 prae-

1280 1794 1427 1827 sentibus
1442 1794 1466 1826 si
1487 1793 1591 1827 forent
1610 1793 1773 1827 exhibitae
1791 1794 1839 1826 vel
1853 1798 2015 1827 ostensae.

1323 1847 1437 1880 Datum
1460 1846 1590 1887 Romae,
1617 1847 1701 1890 apud
1722 1846 1753 1880 S.
1773 1846 1903 1879 Mariam
1919 1845 2016 1879 Maio-

1281 1911 1358 1941 rem,
1387 1901 1445 1933 sub
1467 1902 1587 1934 annulo
1617 1900 1800 1940 piscatoris,
1825 1899 1877 1933 die
1900 1910 1944 1934 xli
1968 1910 2016 1933 se-

1281 1954 1438 1998 ptembris
1464 1963 1632 1995 iinccxui,
1673 1952 1879 1997 pontificatus
1913 1952 2015 1987 nostri

1280 2018 1365 2041 anno
1381 2017 1448 2041 xui.

1314 2070 1373 2098 Dat.
1385 2069 1429 2097 die
1446 2069 1477 2097 12
1492 2068 1654 2105 septembris
1675 2069 1753 2104 1713,
1766 2068 1864 2105 pontif.
1876 2077 1948 2097 anno
1959 2074 2014 2096 iun.

1553 2238 1736 2271 CLXXXIX.

1278 2326 1457 2360 Mandalum·
1482 2325 1669 2361 Ordinariis
1689 2326 1936 2370 quamplurium
1956 2338 2015 2361 ηα-

1323 2380 1442 2413 tionum
1464 2406 1471 2420 ,
1503 2383 1531 2412 el
1554 2378 1761 2422 yeneralibus
1786 2379 2014 2423 reliqiosorum

1323 2431 1504 2473 Ordinum,
1532 2436 1568 2464 ut
1592 2431 1811 2466 commendari
1834 2437 2013 2476 curenepo-

1318 2484 1408 2528 palis
1431 2483 1657 2526 christifideles
1681 2485 1823 2528 captivos
1847 2485 1865 2518 ¹.

1311 2555 1323 2581 1
1346 2553 1420 2582 ldem
1441 2554 1594 2582 mandatum
1614 2559 1687 2583 extat
1705 2555 1811 2583 constit.
1833 2555 1876 2583 ed.
1897 2562 2010 2590 nnccrx,

1276 2598 1319 2628 die
1337 2598 1371 2627 25
1391 2598 1473 2634 maii,
1495 2599 1590 2636 pontis.
1610 2606 1656 2635 lx,
1677 2599 1828 2630 Innocentii
1846 2599 1904 2630 XIII
1924 2604 2010 2631 const.

2029 210 2077 237 An.
2094 210 2123 238 C.
2144 212 2214 240 1713

2057 590 2176 612 clamatae.

2067 1433 2131 1454 Fides
2155 1436 2210 1454 tran·

2026 1462 2164 1486 euinptuiuui.
