2269 3203
107 227 157 256 An.
177 226 206 255 C.
225 227 292 256 171'7

127 1991 238 2012 Clausulas
251 1996 297 2018 pair-

115 2018 222 2039 neuturus.

141 2096 296 2118 Contrariorum

114 2122 232 2149 derogatio.

942 224 1082 249 CLEMENS
1107 224 1140 249 XI
1163 224 1212 248 Pr.

300 277 360 309 bus
386 276 525 309 dubitari
552 275 736 319 contingat,
763 275 816 308 illa
843 274 1043 317 apostolicae

301 329 559 362 confirmationis
586 335 716 362 nostrae
749 326 929 372 patrocinio
955 337 1044 359 com-

302 382 422 415 muniri
445 382 621 426 plurimum
641 381 846 414 desiderent:
866 391 934 419 nos,
953 380 1042 423 ipsos

302 440 506 478 exponentes
527 434 678 479 specialis
699 435 809 467 favore
829 434 949 476 gratiae
969 443 1044 475 pro-

301 488 391 530 sequi
410 488 570 528 volentes,
588 492 619 520 et
637 497 750 520 eorum
772 487 952 529 singulares
970 496 1041 528 per-

302 551 397 574 sonas
430 552 447 574 a
477 541 643 585 quibusvis
676 539 1041 577 excommunicationis,

301 595 526 638 suspensionis
552 600 583 628 et
613 594 802 634 interdicti,
829 593 967 636 aliisque
993 603 1044 626 ec-

301 648 491 682 elesiasticis
522 647 703 687 sententiis,
729 646 877 680 censuris
908 651 939 679 et
967 656 1044 689 poe-

301 702 363 742 nis,
385 713 403 735 a
427 702 498 735 iure
522 702 571 735 vel
596 701 635 734 ab
661 700 802 740 homine,
823 699 933 743 quavis
951 710 1044 733 ocea-

302 755 394 789 sione
411 756 461 789 vel
487 756 584 788 causa
609 754 692 795 latis,
713 754 739 788 si
766 754 883 798 quibus
909 764 1043 797 quomo-

302 808 429 841 dolibet
459 808 635 841 innodatae
661 808 818 848 existunt,
837 807 876 839 ad
896 806 1042 840 ellectum

300 861 523 905 praesentium
550 861 716 895 dumtaxat
749 860 1039 904 consequendum,

301 915 418 948 harum
451 915 537 948 serie
572 915 778 948 absolventes
813 919 844 947 et
877 914 1042 947 absolutas

302 968 370 1002 sore
399 974 586 1009 censenteS,
613 968 908 1012 supplicationibus
928 978 1040 1001 eorum

302 1022 436 1055 nomine
461 1023 555 1055 nobis
579 1032 675 1066 super
693 1023 755 1055 boc
781 1021 949 1054 humiliter
966 1032 1042 1064 por-

303 1077 399 1109 rectis
417 1076 575 1116 inclinati,
595 1076 634 1109 de
653 1076 890 1109 venerabilium
911 1076 1041 1107 fratrum

303 1134 488 1162 nostrorum
505 1129 652 1163 eiusdem
669 1129 700 1162 S.
722 1129 759 1162 R.
776 1129 809 1162 E.
830 1128 1042 1162 cardinalium

304 1192 403 1225 super
428 1182 724 1215 consultationibus
746 1182 953 1225 negotiorum
978 1182 1044 1215 Sta-

306 1241 355 1267 tus
369 1235 588 1268 Ecclesiastici
609 1235 794 1268 huiusmodi
815 1236 1042 1278 deputatorum

304 1289 454 1329 consilio,
478 1289 586 1322 omnia
612 1293 644 1322 et
670 1288 798 1331 singula
823 1289 961 1332 capitula
988 1299 1043 1322 no-

303 1341 387 1374 viter
411 1341 542 1375 condita
574 1342 740 1385 praedicta
757 1369 764 1382 ‚
796 1343 1043 1385 cont‘ectainque

305 1394 446 1438 desuper
471 1395 668 1439 scripturam
695 1395 944 1439 praeinsertam,
973 1405 1043 1428 cum

304 1448 455 1481 omnibus
473 1453 506 1481 et
526 1448 663 1492 singulis
681 1449 711 1481 in
739 1450 775 1482 ea
801 1449 975 1489 contentis,
994 1459 1046 1481 au-

303 1502 454 1535 ctoritate
473 1503 665 1546 apostolica,
681 1510 794 1536 tenore
813 1503 1044 1546 praesentium,

304 1555 532 1588 confirmamus
567 1562 599 1589 et
633 1557 877 1600 approbamus,
913 1557 1045 1600 illisque

304 1608 501 1642 inviolabilis
533 1610 729 1653 apostolicae
757 1609 917 1643 firmitatis
946 1610 1046 1643 robur

305 1661 496 1702 adiicimus,
525 1672 562 1695 ae
585 1673 697 1695 omnes
727 1668 758 1695 et
793 1663 941 1705 singulos
968 1663 1046 1696 iuris

307 1719 339 1747 et
364 1714 438 1747 sacti
464 1715 631 1755 desectus,
657 1714 680 1747 si
715 1715 768 1758 qui
802 1716 942 1759 desuper
966 1727 1046 1759 quo-

306 1767 486 1800 modolibet
531 1767 785 1807 intervenerint,
830 1769 1044 1811 supplemus:

307 1821 392 1853 salva
417 1825 523 1853 tamen
559 1831 690 1864 semper
715 1820 745 1852 in
772 1821 958 1865 praemissis
991 1833 1047 1855 au-

308 1873 459 1907 ctoritate
478 1873 748 1918 Congregationis
768 1875 957 1908 eorumdem
977 1886 1043 1909 car-

309 1927 480 1961 dinalium.

353 1981 367 2025 g
392 1980 423 2014 3.
450 1981 678 2022 Decernentes,
705 1982 833 2016 easdem
857 1988 1046 2026 praesentes

308 2034 432 2068 litteras
456 2034 574 2073 sirmas,
603 2035 699 2068 etc.'.

352 2089 367 2131 ἓ
391 2087 423 2121 4.
449 2087 518 2121 Non
544 2088 749 2121 obstantibus
779 2089 975 2133 quibusdam
1002 2090 1046 2124 se-

308 2141 377 2174 lieis
403 2141 640 2175 reeordationis
673 2143 847 2176 Alexandri
881 2143 985 2187 Papae
1010 2143 1046 2176 VI

307 2195 571 2239 praedecessoris
610 2196 712 2228 nostri
750 2196 867 2229 litteris
906 2197 1046 2241 desuper

308 2257 365 2281 xm
389 2248 544 2281 kalendas
579 2248 661 2281 iunii
686 2258 854 2289 ucnxcur,
879 2250 1047 2292 pontifica-

311 2305 360 2332 tus
384 2301 433 2334 sui
459 2312 544 2334 anno
570 2312 597 2341 1,
624 2303 685 2335 sub
710 2302 845 2345 plumbo
871 2303 1045 2346 expeditis,

312 2352 448 2396 aliisque
480 2354 769 2388 constitutionibus
807 2361 838 2388 et
868 2356 1047 2390 ordinatio-

311 2405 405 2438 nibus
432 2408 631 2449 apostolicis,
657 2419 784 2442 necnon
810 2409 915 2442 dictae
941 2409 1048 2443 civita-

311 2459 368 2499 tis,
394 2459 505 2493 aliisve
531 2462 705 2504 quibusvis,
729 2462 825 2495 etiam
852 2462 1046 2504 iuramento,

312 2511 558 2546 confirmatione
584 2515 774 2557 apostolica,
795 2517 843 2548 vel
869 2516 980 2559 quavis
997 2516 1049 2548 su·-

312 2564 423 2598 mitate
459 2564 522 2597 alia
556 2567 730 2608 roboratis,
758 2568 886 2602 statutis
916 2575 947 2602 et
972 2579 1049 2602 con-

351 2630 361 2655 1
383 2627 498 2664 Reliqua
514 2631 541 2656 ut
556 2636 637 2664 supra
653 2637 713 2666 pag.
732 2631 782 2659 703
801 2640 819 2658 a
833 2633 874 2666 (n.
892 2633 941 2666 Γ).

1722 215 1786 249 779

1086 273 1324 312 suetudinilms‚
1351 271 1530 316 privilegiis
1556 283 1696 316 quoque,
1723 272 1826 306 indul-

1087 327 1125 359 tis
1151 331 1183 358 et
1208 326 1326 359 litteris
1352 325 1543 368 apostolicis
1568 326 1599 357 in
1626 326 1825 358 contrarium

1085 380 1340 423 praemissorum
1366 379 1616 422 quomodolibet
1641 379 1802 411 concessis
1818 405 1825 416 ‚

1085 433 1286 466 confirmatis
1301 438 1332 466 et
1346 433 1505 466 innovatis
1519 444 1525 470 ;
1544 432 1659 475 quibus
1674 432 1826 465 omnibus

1087 492 1117 520 et
1142 486 1299 529 singulis,
1327 485 1419 519 etc.¹.

1130 540 1243 572 Datum
1266 540 1399 579 Romae,
1418 539 1502 582 apud
1521 539 1552 571 S.
1577 538 1706 570 Mariam
1733 538 1828 570 Maio-

1086 603 1167 634 rem,
1202 593 1263 626 sub
1296 594 1414 626 annulo
1440 592 1621 632 piscatoris,
1645 592 1696 624 die
1721 602 1758 624 xx
1777 601 1828 623 se-

1086 647 1243 690 ptembris
1268 657 1444 687 unccxvu,
1474 646 1686 690 pontificatus
1721 644 1827 677 nostri

1085 710 1170 733 anno
1199 710 1277 734 xvu.

1120 762 1178 790 Dat.
1196 762 1239 790 die
1254 762 1288 789 ΞΟ
1300 761 1464 798 septembris
1479 761 1745 798 1717,1=0ntis.anno
1763 767 1826 787 xrn.

1833 224 1883 251 An.
1904 223 1933 250 C.
1952 224 2016 250 1717

1395 907 1516 940 CCLIIl.

1085 986 1279 1020 Declaratur
1302 987 1436 1020 nullum
1460 987 1601 1020 edietum
1623 998 1641 1019 α
1668 986 1829 1019 saeculari

1127 1045 1283 1084 potestate
1295 1041 1481 1074 Sabatttlz'ue
1498 1045 1526 1074 et
1544 1040 1748 1073 Palaemona}
1761 1040 1827 1072 edi-

1131 1099 1197 1127 tum
1223 1095 1258 1127 in
1281 1094 1525 1137 praeiudicium
1556 1095 1701 1137 supremi
1725 1094 1827 1126 ‹lomi-

1129 1148 1179 1180 m'i
1202 1148 1235 1181 S.
1255 1148 1346 1181 Sedis
1364 1149 1399 1180 in
1424 1147 1621 1191 quibusdam
1650 1148 1725 1179 locis
1745 1157 1828 1179 mett-

1130 1212 1183 1235 sae
1207 1201 1402 1245 episcopalis
1427 1201 1574 1234 Astensae's
1590 1201 1610 1234 ³.

1306 1283 1444 1310 Clemens
1465 1283 1545 1317 Papa
1565 1282 1613 1314 XI,

1206 1327 1243 1353 ad
1263 1330 1441 1361 perpetuam
1461 1327 1506 1354 rei
1525 1327 1710 1353 memoriam.

1131 1399 1194 1443 gl.
1216 1400 1302 1432 Alias
1329 1399 1382 1442 (ad
1409 1398 1630 1431 retunde-tuias
1657 1407 1769 1440 graves
1796 1402 2023 1452 etqultfpssgioeitffiltssff

1088 1453 1274 1496 frequentes
1300 1452 1474 1491 molestias,
1498 1463 1576 1495 quas
1603 1452 1741 1483 ministri
1759 1459 2023 1506 ‘³³⁰‘{ffi's'ftl'ffffl„‚¹¹¹‘¹s'.i⁴.{

1088 1505 1203 1539 cularis
1222 1506 1392 1550 potestatis
1412 1505 1443 1537 in
1463 1505 1579 1537 dtu-atu
1599 1504 1776 1537 Sabaudiae
1797 1510 1972 1537 etnwmtormm
1996 1512 2022 1531 <to

1839 1546 1878 1559 uon
1897 1541 1937 1559 alto
1961 1545 1979 1559 rt
1978 1544 2009 1558 ιιι
2015 1549 2023 1553 -

1088 1559 1272 1602 principatu
1303 1558 1506 1591 Pedemontii
1540 1558 1678 1590 subditis
1705 1563 1735 1590 et
1762 1557 1957 1592 seu-gummi.»
1982 1566 2022 1584 210-

1839 1599 1894 1613 1ntno
1939 1595 2023 1618 praeiri·

1089 1613 1221 1645 datariis
1257 1613 1353 1645 liuius
1385 1612 1519 1645 Sanctae
1555 1611 1646 1645 Sedis
1680 1612 2022 1646 locorumsuomipsas

1839 1647 1910 1668 licam.

1088 1666 1270 1707 Montatiae‚
1288 1665 1454 1699 Cisternae
1469 1671 1501 1698 et
1518 1665 1701 1705 Cortansae‚
1718 1664 1828 1696 Asten-

1088 1719 1129 1753 sis
1156 1719 1329 1760 dioecesis,
1345 1729 1410 1752 non
1436 1719 1504 1751 sine
1523 1718 1694 1751 manifesto
1714 1718 1827 1751 directi

1090 1778 1121 1805 et
1146 1773 1288 1817 supremi
1314 1772 1450 1806 dominii
1477 1773 1515 1805 ad
1540 1783 1598 1805 nos
1625 1777 1656 1805 et
1681 1772 1827 1805 eamdem

1089 1825 1206 1859 Sedem
1231 1826 1263 1859 in
1288 1826 1466 1870 praedictis
1493 1827 1572 1859 locis
1598 1826 1694 1859 unice
1713 1831 1744 1859 et
1764 1825 1829 1868 pri-

1090 1878 1192 1912 vative
1208 1879 1383 1922 spectantis
1406 1879 1619 1922 praeiudicio,
1639 1878 1830 1922 iampridem

1090 1931 1282 1973 intulerant,
1309 1942 1483 1975 novasque,
1512 1943 1590 1975 quas
1621 1931 1684 1965 illis
1709 1932 1829 1964 inferre

1089 1985 1324 2028 minabantur),
1338 1985 1478 2018 instante
1494 1991 1569 2017 tunc
1581 1986 1736 2019 existente
1748 1995 1831 2018 com-

1090 2037 1238 2071 missario
1258 2039 1403 2081 generali
1421 2038 1574 2072 Gamerae
1594 2044 1724 2072 nostrae
1746 2039 1829 2082 Apo-³

1124 2145 1137 2170 t
1161 2144 1277 2180 Reliqua
1298 2148 1326 2171 ut
1346 2153 1428 2180 supra
1448 2153 1508 2180 pag.
1529 2144 1581 2171 703
1601 2154 1616 2171 α
1637 2146 1676 2179 (n.
1692 2146 1742 2179 T.).

1124 2189 1139 2215 2
1161 2189 1214 2216 Ilac
1226 2189 1259 2216 de
1275 2197 1304 2216 re
1320 2189 1381 2216 vide
1399 2190 1435 2216 Pii
1453 2191 1474 2215 V
1491 2190 1597 2217 constit.
1615 2190 1679 2216 edit.
1696 2197 1827 2223 unmvrn,

1089 2232 1131 2259 die
1143 2233 1158 2259 8
1170 2233 1244 2267 maii,
1257 2241 1366 2260 necnon
1378 2240 1486 2265 Μῡιλικ,
1499 2235 1542 2261 die
1557 2235 1586 2260 19
1597 2235 1705 2269 apritis;
1722 2235 1799 2261 Pauli
1812 2235 1828 2260 V

1090 2281 1176 2304 const.
1191 2278 1234 2305 ed.
1248 2285 1349 2313 uocxu,
1362 2278 1404 2305 die
1422 2280 1452 2305 10
1468 2278 1614 2312 februarii3
1631 2279 1781 2306 Alexandri
1797 2279 1828 2306 Vl

1089 2326 1176 2349 const.
1188 2322 1231 2349 ed.
1245 2329 1376 2358 noemin,
1386 2323 1429 2349 die
1441 2324 1474 2349 20
1485 2323 1600 2357 augusti.
1619 2324 1646 2350 lu
1664 2324 1743 2350 liuius
1758 2325 1830 2351 Pon-

1089 2366 1167 2393 tifieis
1178 2370 1262 2394 const.
1276 2367 1317 2394 ed.
1331 2374 1449 2401 unccvu,
1466 2367 1508 2394 die
1525 2368 1554 2394 17
1572 2368 1645 2400 maii,
1663 2369 1757 2403 pontif.
1776 2375 1811 2395 vu
1823 2389 1829 2400 ,

1090 2414 1117 2437 et
1127 2411 1234 2438 constit.
1252 2411 1315 2438 edit.
1334 2418 1467 2446 unccxni,
1485 2412 1528 2439 die
1543 2413 1558 2439 8
1574 2413 1642 2445 iulii,
1660 2413 1754 2448 pontif.
1774 2420 1828 2446 xm,

1090 2456 1195 2482 nullum
1215 2456 1380 2482 declaratum
1393 2457 1441 2482 suit
1452 2457 1569 2483 edictum
1585 2457 1637 2484 sub
1657 2457 1764 2483 nomine
1780 2458 1830 2483 du-

1090 2501 1128 2526 cis
1149 2508 1230 2536 super
1250 2501 1412 2536 quibusdam
1434 2502 1569 2535 eensuris3
1587 2506 1613 2528 et
1633 2503 1741 2528 constit.
1763 2501 1826 2528 edit.

1090 2551 1213 2579 MDCCXffl,
1234 2545 1277 2571 die
1299 2546 1329 2572 17
1346 2546 1462 2581 augusti,
1483 2547 1576 2581 pontis.
1594 2553 1645 2579 xix,
1658 2546 1759 2572 nullum
1779 2546 1828 2572 de—

1091 2588 1221 2615 claratum
1241 2588 1289 2615 suit
1314 2589 1430 2616 edietum
1459 2593 1568 2616 senatus
1595 2590 1773 2616 Taurinensis
1802 2589 1828 2615 in

1092 2632 1287 2667 praeiudicium
1308 2634 1507 2661 ecclesiasticae
1528 2633 1670 2660 libertatis.
