<?xml version="1.0" encoding="UTF-8"?>
<!DOCTYPE html PUBLIC "-//W3C//DTD XHTML 1.0 Transitional//EN"
    "http://www.w3.org/TR/xhtml1/DTD/xhtml1-transitional.dtd">
<html xmlns="http://www.w3.org/1999/xhtml" xml:lang="en" lang="en">
 <head>
  <title>
</title>
<meta http-equiv="Content-Type" content="text/html;charset=utf-8" />
  <meta name='ocr-system' content='tesseract 3.04.00' />
  <meta name='ocr-capabilities' content='ocr_page ocr_carea ocr_par ocr_line ocrx_word'/>
</head>
<body>
  <div class='ocr_page' id='page_1' title='image "./bullarumdiplomat21cath_0378.png"; bbox 0 0 2269 3203; ppageno 0'>
   <div class='ocr_carea' id='block_1_1' title="bbox 249 218 441 248">
    <p class='ocr_par' dir='ltr' id='par_1_1' title="bbox 249 218 441 248">
     <span class='ocr_line' id='line_1_1' title="bbox 249 218 441 248; baseline -0.01 0"><span class='ocrx_word' id='word_1_1' title='bbox 249 222 336 248; x_wconf 61' lang='lat' dir='ltr'>Amo</span> <span class='ocrx_word' id='word_1_2' title='bbox 374 218 441 247; x_wconf 76' lang='lat'>1708</span> 
     </span>
    </p>
   </div>
   <div class='ocr_carea' id='block_1_2' title="bbox 275 494 397 517">
    <p class='ocr_par' dir='ltr' id='par_1_2' title="bbox 275 494 397 517">
     <span class='ocr_line' id='line_1_2' title="bbox 275 494 397 517; baseline -0.008 -1"><span class='ocrx_word' id='word_1_3' title='bbox 275 494 397 517; x_wconf 78' lang='lat' dir='ltr'>Ctaunuao.</span> 
     </span>
    </p>
   </div>
   <div class='ocr_carea' id='block_1_3' title="bbox 247 1290 430 1341">
    <p class='ocr_par' dir='ltr' id='par_1_3' title="bbox 247 1290 430 1341">
     <span class='ocr_line' id='line_1_3' title="bbox 273 1290 430 1311; baseline -0.013 0"><span class='ocrx_word' id='word_1_4' title='bbox 273 1290 430 1311; x_wconf 74' lang='lat' dir='ltr'>Contrariorum</span> 
     </span>
     <span class='ocr_line' id='line_1_4' title="bbox 247 1317 364 1341; baseline 0.017 -6"><span class='ocrx_word' id='word_1_5' title='bbox 247 1317 364 1341; x_wconf 58' lang='lat' dir='ltr'>derogatio.</span> 
     </span>
    </p>
   </div>
   <div class='ocr_carea' id='block_1_4' title="bbox 248 2191 431 2245">
    <p class='ocr_par' dir='ltr' id='par_1_4' title="bbox 248 2191 431 2245">
     <span class='ocr_line' id='line_1_5' title="bbox 288 2191 431 2213; baseline 0.014 -2"><span class='ocrx_word' id='word_1_6' title='bbox 288 2191 351 2212; x_wconf 72' lang='lat' dir='ltr'>futes</span> <span class='ocrx_word' id='word_1_7' title='bbox 374 2195 431 2213; x_wconf 83' lang='lat' dir='ltr'>tran-</span> 
     </span>
     <span class='ocr_line' id='line_1_6' title="bbox 248 2221 385 2245; baseline 0.007 -7"><span class='ocrx_word' id='word_1_8' title='bbox 248 2221 385 2245; x_wconf 81' lang='lat' dir='ltr'>sumptorum.</span> 
     </span>
    </p>
   </div>
   <div class='ocr_carea' id='block_1_5' title="bbox 440 211 1187 2648">
    <p class='ocr_par' dir='ltr' id='par_1_5' title="bbox 441 211 1184 463">
     <span class='ocr_line' id='line_1_7' title="bbox 486 211 550 246; baseline -0.016 0"><span class='ocrx_word' id='word_1_9' title='bbox 486 211 550 246; x_wconf 72' lang='lat'>316</span> 
     </span>
     <span class='ocr_line' id='line_1_8' title="bbox 442 269 1180 313; baseline 0 -11"><span class='ocrx_word' id='word_1_10' title='bbox 442 269 642 313; x_wconf 85' lang='lat' dir='ltr'>apostolicae</span> <span class='ocrx_word' id='word_1_11' title='bbox 672 269 832 303; x_wconf 83' lang='lat' dir='ltr'>firmitatis</span> <span class='ocrx_word' id='word_1_12' title='bbox 865 270 968 304; x_wconf 91' lang='lat' dir='ltr'>robur</span> <span class='ocrx_word' id='word_1_13' title='bbox 992 270 1180 310; x_wconf 85' lang='lat' dir='ltr'>adiicimus;</span> 
     </span>
     <span class='ocr_line' id='line_1_9' title="bbox 442 324 1184 368; baseline 0.001 -13"><span class='ocrx_word' id='word_1_14' title='bbox 442 324 530 356; x_wconf 77' lang='lat' dir='ltr'>salva</span> <span class='ocrx_word' id='word_1_15' title='bbox 548 330 653 357; x_wconf 87' lang='lat' dir='ltr'>tamen</span> <span class='ocrx_word' id='word_1_16' title='bbox 668 335 797 367; x_wconf 81' lang='lat' dir='ltr'>semper</span> <span class='ocrx_word' id='word_1_17' title='bbox 813 325 845 357; x_wconf 91' lang='lat' dir='ltr'>in</span> <span class='ocrx_word' id='word_1_18' title='bbox 863 325 1051 368; x_wconf 77' lang='lat' dir='ltr'>praemissis</span> <span class='ocrx_word' id='word_1_19' title='bbox 1077 329 1184 357; x_wconf 86' lang='lat' dir='ltr'>aucto-</span> 
     </span>
     <span class='ocr_line' id='line_1_10' title="bbox 441 376 1183 422; baseline 0.001 -13"><span class='ocrx_word' id='word_1_20' title='bbox 441 376 538 410; x_wconf 86' lang='lat' dir='ltr'>ritate</span> <span class='ocrx_word' id='word_1_21' title='bbox 558 377 826 421; x_wconf 80' lang='lat' dir='ltr'>Congregationis</span> <span class='ocrx_word' id='word_1_22' title='bbox 846 378 1089 422; x_wconf 85' lang='lat' dir='ltr'>praedictorum</span> <span class='ocrx_word' id='word_1_23' title='bbox 1115 388 1183 410; x_wconf 89' lang='lat' dir='ltr'>car-</span> 
     </span>
     <span class='ocr_line' id='line_1_11' title="bbox 443 430 611 463; baseline -0.006 0"><span class='ocrx_word' id='word_1_24' title='bbox 443 430 611 463; x_wconf 88' lang='lat' dir='ltr'>dinalium.</span> 
     </span>
    </p>

    <p class='ocr_par' dir='ltr' id='par_1_6' title="bbox 440 483 1186 1258">
     <span class='ocr_line' id='line_1_12' title="bbox 486 483 1183 527; baseline 0 -11"><span class='ocrx_word' id='word_1_25' title='bbox 486 483 546 526; x_wconf 58' lang='lat'>§3</span> <span class='ocrx_word' id='word_1_26' title='bbox 566 484 798 524; x_wconf 88' lang='lat' dir='ltr'>Decernentes,</span> <span class='ocrx_word' id='word_1_27' title='bbox 816 483 905 527; x_wconf 86' lang='lat' dir='ltr'>ipsas</span> <span class='ocrx_word' id='word_1_28' title='bbox 923 488 1114 527; x_wconf 80' lang='lat' dir='ltr'>praesentes</span> <span class='ocrx_word' id='word_1_29' title='bbox 1132 483 1183 516; x_wconf 90' lang='lat' dir='ltr'>lit-</span> 
     </span>
     <span class='ocr_line' id='line_1_13' title="bbox 443 536 1184 580; baseline 0 -11"><span class='ocrx_word' id='word_1_30' title='bbox 443 542 526 569; x_wconf 80' lang='lat' dir='ltr'>teras</span> <span class='ocrx_word' id='word_1_31' title='bbox 550 547 679 580; x_wconf 87' lang='lat' dir='ltr'>semper</span> <span class='ocrx_word' id='word_1_32' title='bbox 705 536 811 569; x_wconf 80' lang='lat' dir='ltr'>firmas</span> <span class='ocrx_word' id='word_1_33' title='bbox 827 563 834 577; x_wconf 94' lang='lat'>‚</span> <span class='ocrx_word' id='word_1_34' title='bbox 869 537 991 570; x_wconf 83' lang='lat' dir='ltr'>validas</span> <span class='ocrx_word' id='word_1_35' title='bbox 1023 543 1054 570; x_wconf 93' lang='lat' dir='ltr'>et</span> <span class='ocrx_word' id='word_1_36' title='bbox 1079 536 1184 570; x_wconf 86' lang='lat' dir='ltr'>effica-</span> 
     </span>
     <span class='ocr_line' id='line_1_14' title="bbox 441 589 1183 633; baseline 0.001 -12"><span class='ocrx_word' id='word_1_37' title='bbox 441 599 494 622; x_wconf 86' lang='lat' dir='ltr'>ces</span> <span class='ocrx_word' id='word_1_38' title='bbox 529 589 670 622; x_wconf 76' lang='lat' dir='ltr'>existere</span> <span class='ocrx_word' id='word_1_39' title='bbox 697 595 729 622; x_wconf 89' lang='lat' dir='ltr'>et</span> <span class='ocrx_word' id='word_1_40' title='bbox 753 589 832 630; x_wconf 86' lang='lat' dir='ltr'>sore,</span> <span class='ocrx_word' id='word_1_41' title='bbox 851 600 998 633; x_wconf 87' lang='lat' dir='ltr'>suosque</span> <span class='ocrx_word' id='word_1_42' title='bbox 1015 589 1183 633; x_wconf 88' lang='lat' dir='ltr'>plenarios</span> 
     </span>
     <span class='ocr_line' id='line_1_15' title="bbox 442 641 1183 684; baseline 0.001 -10"><span class='ocrx_word' id='word_1_43' title='bbox 442 647 474 674; x_wconf 92' lang='lat' dir='ltr'>ct</span> <span class='ocrx_word' id='word_1_44' title='bbox 494 641 641 684; x_wconf 78' lang='lat' dir='ltr'>integros</span> <span class='ocrx_word' id='word_1_45' title='bbox 659 641 793 675; x_wconf 74' lang='lat' dir='ltr'>effectus</span> <span class='ocrx_word' id='word_1_46' title='bbox 820 642 931 675; x_wconf 84' lang='lat' dir='ltr'>sortiri</span> <span class='ocrx_word' id='word_1_47' title='bbox 961 647 994 675; x_wconf 91' lang='lat' dir='ltr'>et</span> <span class='ocrx_word' id='word_1_48' title='bbox 1023 643 1183 683; x_wconf 85' lang='lat' dir='ltr'>obtinere,</span> 
     </span>
     <span class='ocr_line' id='line_1_16' title="bbox 442 695 1183 739; baseline 0.001 -12"><span class='ocrx_word' id='word_1_49' title='bbox 442 706 479 728; x_wconf 85' lang='lat' dir='ltr'>ac</span> <span class='ocrx_word' id='word_1_50' title='bbox 494 695 571 735; x_wconf 83' lang='lat' dir='ltr'>illis,</span> <span class='ocrx_word' id='word_1_51' title='bbox 591 696 630 727; x_wconf 85' lang='lat' dir='ltr'>ad</span> <span class='ocrx_word' id='word_1_52' title='bbox 649 706 731 738; x_wconf 87' lang='lat' dir='ltr'>quos</span> <span class='ocrx_word' id='word_1_53' title='bbox 748 700 872 738; x_wconf 85' lang='lat' dir='ltr'>spectat</span> <span class='ocrx_word' id='word_1_54' title='bbox 890 700 922 728; x_wconf 84' lang='lat' dir='ltr'>et</span> <span class='ocrx_word' id='word_1_55' title='bbox 947 706 1007 738; x_wconf 92' lang='lat' dir='ltr'>pro</span> <span class='ocrx_word' id='word_1_56' title='bbox 1033 701 1183 739; x_wconf 87' lang='lat' dir='ltr'>tempore</span> 
     </span>
     <span class='ocr_line' id='line_1_17' title="bbox 441 747 1183 792; baseline 0.004 -13"><span class='ocrx_word' id='word_1_57' title='bbox 441 747 718 790; x_wconf 74' lang='lat' dir='ltr'>quandocumque</span> <span class='ocrx_word' id='word_1_58' title='bbox 763 749 950 791; x_wconf 85' lang='lat' dir='ltr'>spectabit,</span> <span class='ocrx_word' id='word_1_59' title='bbox 991 749 1183 792; x_wconf 79' lang='lat' dir='ltr'>plenissime</span> 
     </span>
     <span class='ocr_line' id='line_1_18' title="bbox 441 800 1184 846; baseline 0.005 -14"><span class='ocrx_word' id='word_1_60' title='bbox 441 800 622 843; x_wconf 78' lang='lat' dir='ltr'>suffragari,</span> <span class='ocrx_word' id='word_1_61' title='bbox 652 807 684 834; x_wconf 88' lang='lat' dir='ltr'>et</span> <span class='ocrx_word' id='word_1_62' title='bbox 715 801 755 834; x_wconf 86' lang='lat' dir='ltr'>ab</span> <span class='ocrx_word' id='word_1_63' title='bbox 780 802 844 835; x_wconf 91' lang='lat' dir='ltr'>illis</span> <span class='ocrx_word' id='word_1_64' title='bbox 871 803 1052 846; x_wconf 77' lang='lat' dir='ltr'>respective</span> <span class='ocrx_word' id='word_1_65' title='bbox 1079 803 1184 836; x_wconf 87' lang='lat' dir='ltr'>invio-</span> 
     </span>
     <span class='ocr_line' id='line_1_19' title="bbox 440 853 1184 899; baseline 0.005 -14"><span class='ocrx_word' id='word_1_66' title='bbox 440 853 588 886; x_wconf 80' lang='lat' dir='ltr'>labiliter</span> <span class='ocrx_word' id='word_1_67' title='bbox 605 854 782 894; x_wconf 87' lang='lat' dir='ltr'>observari,</span> <span class='ocrx_word' id='word_1_68' title='bbox 807 855 920 899; x_wconf 88' lang='lat' dir='ltr'>sicque</span> <span class='ocrx_word' id='word_1_69' title='bbox 938 856 970 888; x_wconf 91' lang='lat' dir='ltr'>in</span> <span class='ocrx_word' id='word_1_70' title='bbox 995 856 1184 899; x_wconf 85' lang='lat' dir='ltr'>praemissis</span> 
     </span>
     <span class='ocr_line' id='line_1_20' title="bbox 441 907 1185 951; baseline 0.004 -12"><span class='ocrx_word' id='word_1_71' title='bbox 441 917 501 949; x_wconf 88' lang='lat' dir='ltr'>per</span> <span class='ocrx_word' id='word_1_72' title='bbox 526 917 748 951; x_wconf 85' lang='lat' dir='ltr'>quoscumque</span> <span class='ocrx_word' id='word_1_73' title='bbox 779 907 904 942; x_wconf 88' lang='lat' dir='ltr'>iudices</span> <span class='ocrx_word' id='word_1_74' title='bbox 937 909 1120 942; x_wconf 85' lang='lat' dir='ltr'>ordinarios</span> <span class='ocrx_word' id='word_1_75' title='bbox 1153 914 1185 942; x_wconf 93' lang='lat' dir='ltr'>et</span> 
     </span>
     <span class='ocr_line' id='line_1_21' title="bbox 441 960 1185 1005; baseline 0.004 -13"><span class='ocrx_word' id='word_1_76' title='bbox 441 960 623 1002; x_wconf 80' lang='lat' dir='ltr'>delegatos,</span> <span class='ocrx_word' id='word_1_77' title='bbox 650 960 746 994; x_wconf 89' lang='lat' dir='ltr'>etiam</span> <span class='ocrx_word' id='word_1_78' title='bbox 773 972 941 994; x_wconf 83' lang='lat' dir='ltr'>causarum</span> <span class='ocrx_word' id='word_1_79' title='bbox 974 962 1084 1005; x_wconf 87' lang='lat' dir='ltr'>palatii</span> <span class='ocrx_word' id='word_1_80' title='bbox 1110 973 1185 1004; x_wconf 84' lang='lat' dir='ltr'>apo-</span> 
     </span>
     <span class='ocr_line' id='line_1_22' title="bbox 441 1013 1182 1053; baseline 0.004 -9"><span class='ocrx_word' id='word_1_81' title='bbox 441 1013 548 1045; x_wconf 84' lang='lat' dir='ltr'>stolici</span> <span class='ocrx_word' id='word_1_82' title='bbox 580 1013 769 1053; x_wconf 79' lang='lat' dir='ltr'>auditores,</span> <span class='ocrx_word' id='word_1_83' title='bbox 808 1014 949 1047; x_wconf 85' lang='lat' dir='ltr'>indicari</span> <span class='ocrx_word' id='word_1_84' title='bbox 991 1021 1022 1048; x_wconf 89' lang='lat' dir='ltr'>et</span> <span class='ocrx_word' id='word_1_85' title='bbox 1055 1014 1182 1048; x_wconf 82' lang='lat' dir='ltr'>definiri</span> 
     </span>
     <span class='ocr_line' id='line_1_23' title="bbox 442 1066 1184 1105; baseline 0.004 -8"><span class='ocrx_word' id='word_1_86' title='bbox 442 1066 565 1099; x_wconf 84' lang='lat' dir='ltr'>debere</span> <span class='ocrx_word' id='word_1_87' title='bbox 583 1093 590 1105; x_wconf 88' lang='lat'>,</span> <span class='ocrx_word' id='word_1_88' title='bbox 618 1077 653 1099; x_wconf 89' lang='lat' dir='ltr'>ac</span> <span class='ocrx_word' id='word_1_89' title='bbox 679 1066 806 1099; x_wconf 88' lang='lat' dir='ltr'>irritum</span> <span class='ocrx_word' id='word_1_90' title='bbox 840 1073 871 1100; x_wconf 89' lang='lat' dir='ltr'>et</span> <span class='ocrx_word' id='word_1_91' title='bbox 902 1067 999 1100; x_wconf 89' lang='lat' dir='ltr'>inane</span> <span class='ocrx_word' id='word_1_92' title='bbox 1027 1068 1054 1100; x_wconf 91' lang='lat' dir='ltr'>si</span> <span class='ocrx_word' id='word_1_93' title='bbox 1090 1078 1184 1101; x_wconf 85' lang='lat' dir='ltr'>secus</span> 
     </span>
     <span class='ocr_line' id='line_1_24' title="bbox 440 1119 1185 1167; baseline 0.004 -17"><span class='ocrx_word' id='word_1_94' title='bbox 440 1129 542 1161; x_wconf 86' lang='lat' dir='ltr'>super</span> <span class='ocrx_word' id='word_1_95' title='bbox 567 1119 617 1151; x_wconf 81' lang='lat' dir='ltr'>liis</span> <span class='ocrx_word' id='word_1_96' title='bbox 647 1130 664 1152; x_wconf 86' lang='lat' dir='ltr'>a</span> <span class='ocrx_word' id='word_1_97' title='bbox 696 1130 878 1167; x_wconf 64' lang='lat' dir='ltr'>quoquam,</span> <span class='ocrx_word' id='word_1_98' title='bbox 909 1120 1019 1163; x_wconf 77' lang='lat' dir='ltr'>quavis</span> <span class='ocrx_word' id='word_1_99' title='bbox 1047 1121 1185 1153; x_wconf 87' lang='lat' dir='ltr'>auctori-</span> 
     </span>
     <span class='ocr_line' id='line_1_25' title="bbox 441 1172 1186 1217; baseline 0.004 -14"><span class='ocrx_word' id='word_1_100' title='bbox 441 1177 514 1211; x_wconf 90' lang='lat' dir='ltr'>tate,</span> <span class='ocrx_word' id='word_1_101' title='bbox 541 1172 684 1205; x_wconf 85' lang='lat' dir='ltr'>scienter</span> <span class='ocrx_word' id='word_1_102' title='bbox 710 1173 758 1206; x_wconf 88' lang='lat' dir='ltr'>vel</span> <span class='ocrx_word' id='word_1_103' title='bbox 784 1173 984 1216; x_wconf 79' lang='lat' dir='ltr'>ignoranter,</span> <span class='ocrx_word' id='word_1_104' title='bbox 1011 1173 1186 1217; x_wconf 80' lang='lat' dir='ltr'>contigerit</span> 
     </span>
     <span class='ocr_line' id='line_1_26' title="bbox 441 1226 604 1258; baseline 0.006 -1"><span class='ocrx_word' id='word_1_105' title='bbox 441 1226 604 1258; x_wconf 87' lang='lat' dir='ltr'>attentari.</span> 
     </span>
    </p>

    <p class='ocr_par' dir='ltr' id='par_1_7' title="bbox 440 1279 1187 2177">
     <span class='ocr_line' id='line_1_27' title="bbox 484 1279 1186 1322; baseline 0.003 -10"><span class='ocrx_word' id='word_1_106' title='bbox 484 1279 499 1322; x_wconf 60' lang='grc' dir='ltr'><strong>ἓ</strong></span> <span class='ocrx_word' id='word_1_107' title='bbox 522 1279 555 1312; x_wconf 81' lang='grc'>4.</span> <span class='ocrx_word' id='word_1_108' title='bbox 583 1279 652 1312; x_wconf 86' lang='lat' dir='ltr'>Non</span> <span class='ocrx_word' id='word_1_109' title='bbox 671 1280 878 1313; x_wconf 71' lang='lat' dir='ltr'>obstantibus</span> <span class='ocrx_word' id='word_1_110' title='bbox 896 1281 1186 1315; x_wconf 85' lang='lat' dir='ltr'>constitutionibus</span> 
     </span>
     <span class='ocr_line' id='line_1_28' title="bbox 442 1333 1186 1378; baseline 0.004 -13"><span class='ocrx_word' id='word_1_111' title='bbox 442 1338 474 1365; x_wconf 88' lang='lat' dir='ltr'>et</span> <span class='ocrx_word' id='word_1_112' title='bbox 505 1333 769 1366; x_wconf 77' lang='lat' dir='ltr'>ordinationibus</span> <span class='ocrx_word' id='word_1_113' title='bbox 795 1335 1004 1377; x_wconf 85' lang='lat' dir='ltr'>apostolicis,</span> <span class='ocrx_word' id='word_1_114' title='bbox 1031 1345 1088 1374; x_wconf 86' lang='lat' dir='ltr'>ac,</span> <span class='ocrx_word' id='word_1_115' title='bbox 1114 1346 1186 1378; x_wconf 84' lang='lat' dir='ltr'>qua-</span> 
     </span>
     <span class='ocr_line' id='line_1_29' title="bbox 443 1387 1186 1431; baseline 0.004 -13"><span class='ocrx_word' id='word_1_116' title='bbox 443 1392 536 1419; x_wconf 90' lang='lat' dir='ltr'>tenus</span> <span class='ocrx_word' id='word_1_117' title='bbox 551 1397 632 1430; x_wconf 89' lang='lat' dir='ltr'>opus</span> <span class='ocrx_word' id='word_1_118' title='bbox 653 1387 702 1426; x_wconf 88' lang='lat' dir='ltr'>sit,</span> <span class='ocrx_word' id='word_1_119' title='bbox 718 1387 987 1430; x_wconf 76' lang='lat' dir='ltr'>Congrcgationis</span> <span class='ocrx_word' id='word_1_120' title='bbox 1011 1388 1186 1431; x_wconf 78' lang='lat' dir='ltr'>Hispaniae</span> 
     </span>
     <span class='ocr_line' id='line_1_30' title="bbox 442 1439 1185 1482; baseline 0.004 -10"><span class='ocrx_word' id='word_1_121' title='bbox 442 1446 473 1473; x_wconf 88' lang='lat' dir='ltr'>et</span> <span class='ocrx_word' id='word_1_122' title='bbox 499 1439 628 1473; x_wconf 87' lang='lat' dir='ltr'>Ordinis</span> <span class='ocrx_word' id='word_1_123' title='bbox 651 1441 847 1481; x_wconf 87' lang='lat' dir='ltr'>huiusmodi,</span> <span class='ocrx_word' id='word_1_124' title='bbox 867 1441 964 1474; x_wconf 87' lang='lat' dir='ltr'>ctiam</span> <span class='ocrx_word' id='word_1_125' title='bbox 990 1441 1185 1482; x_wconf 85' lang='lat' dir='ltr'>iuramento,</span> 
     </span>
     <span class='ocr_line' id='line_1_31' title="bbox 442 1493 1187 1538; baseline 0.004 -13"><span class='ocrx_word' id='word_1_126' title='bbox 442 1493 690 1527; x_wconf 82' lang='lat' dir='ltr'>confirmatione</span> <span class='ocrx_word' id='word_1_127' title='bbox 710 1495 903 1537; x_wconf 79' lang='lat' dir='ltr'>apostolica,</span> <span class='ocrx_word' id='word_1_128' title='bbox 927 1495 975 1528; x_wconf 79' lang='lat' dir='ltr'>vel</span> <span class='ocrx_word' id='word_1_129' title='bbox 1001 1495 1114 1538; x_wconf 68' lang='lat' dir='ltr'>quavis</span> <span class='ocrx_word' id='word_1_130' title='bbox 1139 1496 1187 1528; x_wconf 84' lang='lat' dir='ltr'>fir-</span> 
     </span>
     <span class='ocr_line' id='line_1_32' title="bbox 441 1546 1187 1587; baseline 0.004 -9"><span class='ocrx_word' id='word_1_131' title='bbox 441 1547 554 1579; x_wconf 83' lang='lat' dir='ltr'>mitate</span> <span class='ocrx_word' id='word_1_132' title='bbox 580 1546 643 1580; x_wconf 76' lang='lat' dir='ltr'>alia</span> <span class='ocrx_word' id='word_1_133' title='bbox 662 1547 833 1587; x_wconf 85' lang='lat' dir='ltr'>roboratis,</span> <span class='ocrx_word' id='word_1_134' title='bbox 859 1548 989 1581; x_wconf 85' lang='lat' dir='ltr'>statutis</span> <span class='ocrx_word' id='word_1_135' title='bbox 1007 1554 1039 1580; x_wconf 86' lang='lat' dir='ltr'>et</span> <span class='ocrx_word' id='word_1_136' title='bbox 1055 1559 1187 1582; x_wconf 87' lang='lat' dir='ltr'>consue-</span> 
     </span>
     <span class='ocr_line' id='line_1_33' title="bbox 442 1599 1185 1644; baseline 0.004 -13"><span class='ocrx_word' id='word_1_137' title='bbox 442 1599 632 1639; x_wconf 74' lang='lat' dir='ltr'>tudinibus‘,</span> <span class='ocrx_word' id='word_1_138' title='bbox 658 1600 839 1643; x_wconf 75' lang='lat' dir='ltr'>privilegiis</span> <span class='ocrx_word' id='word_1_139' title='bbox 875 1611 1024 1644; x_wconf 81' lang='lat' dir='ltr'>quoque,</span> <span class='ocrx_word' id='word_1_140' title='bbox 1052 1601 1185 1635; x_wconf 89' lang='lat' dir='ltr'>indultis</span> 
     </span>
     <span class='ocr_line' id='line_1_34' title="bbox 442 1653 1186 1698; baseline 0.004 -13"><span class='ocrx_word' id='word_1_141' title='bbox 442 1659 474 1685; x_wconf 88' lang='lat' dir='ltr'>ct</span> <span class='ocrx_word' id='word_1_142' title='bbox 490 1653 606 1686; x_wconf 87' lang='lat' dir='ltr'>litteris</span> <span class='ocrx_word' id='word_1_143' title='bbox 620 1654 806 1696; x_wconf 88' lang='lat' dir='ltr'>apostolicis</span> <span class='ocrx_word' id='word_1_144' title='bbox 824 1654 855 1686; x_wconf 89' lang='lat' dir='ltr'>in</span> <span class='ocrx_word' id='word_1_145' title='bbox 875 1654 1076 1687; x_wconf 86' lang='lat' dir='ltr'>contrarium</span> <span class='ocrx_word' id='word_1_146' title='bbox 1093 1666 1186 1698; x_wconf 89' lang='lat' dir='ltr'>prae-</span> 
     </span>
     <span class='ocr_line' id='line_1_35' title="bbox 440 1706 1185 1749; baseline 0.004 -12"><span class='ocrx_word' id='word_1_147' title='bbox 440 1706 615 1739; x_wconf 85' lang='lat' dir='ltr'>missorum</span> <span class='ocrx_word' id='word_1_148' title='bbox 641 1707 1081 1749; x_wconf 87' lang='lat' dir='ltr'>quomodolibetconcessis,</span> <span class='ocrx_word' id='word_1_149' title='bbox 1108 1718 1185 1741; x_wconf 91' lang='lat' dir='ltr'>con-</span> 
     </span>
     <span class='ocr_line' id='line_1_36' title="bbox 440 1758 1184 1803; baseline 0.004 -13"><span class='ocrx_word' id='word_1_150' title='bbox 440 1758 574 1791; x_wconf 82' lang='lat' dir='ltr'>firmatis</span> <span class='ocrx_word' id='word_1_151' title='bbox 612 1765 643 1792; x_wconf 91' lang='lat' dir='ltr'>et</span> <span class='ocrx_word' id='word_1_152' title='bbox 674 1759 855 1800; x_wconf 71' lang='lat' dir='ltr'>innovatis;</span> <span class='ocrx_word' id='word_1_153' title='bbox 891 1760 1007 1803; x_wconf 88' lang='lat' dir='ltr'>quibus</span> <span class='ocrx_word' id='word_1_154' title='bbox 1033 1760 1184 1793; x_wconf 89' lang='lat' dir='ltr'>omnibus</span> 
     </span>
     <span class='ocr_line' id='line_1_37' title="bbox 442 1812 1184 1857; baseline 0.004 -13"><span class='ocrx_word' id='word_1_155' title='bbox 442 1818 475 1844; x_wconf 85' lang='lat' dir='ltr'>et</span> <span class='ocrx_word' id='word_1_156' title='bbox 507 1812 670 1854; x_wconf 79' lang='lat' dir='ltr'>singulis,</span> <span class='ocrx_word' id='word_1_157' title='bbox 710 1813 837 1846; x_wconf 86' lang='lat' dir='ltr'>illorum</span> <span class='ocrx_word' id='word_1_158' title='bbox 870 1819 1001 1847; x_wconf 88' lang='lat' dir='ltr'>tenores</span> <span class='ocrx_word' id='word_1_159' title='bbox 1036 1824 1184 1857; x_wconf 89' lang='lat' dir='ltr'>praescn-</span> 
     </span>
     <span class='ocr_line' id='line_1_38' title="bbox 440 1865 1184 1910; baseline 0.004 -13"><span class='ocrx_word' id='word_1_160' title='bbox 440 1865 526 1898; x_wconf 85' lang='lat' dir='ltr'>tibus</span> <span class='ocrx_word' id='word_1_161' title='bbox 552 1877 609 1909; x_wconf 88' lang='lat' dir='ltr'>pro</span> <span class='ocrx_word' id='word_1_162' title='bbox 635 1867 732 1909; x_wconf 85' lang='lat' dir='ltr'>plene</span> <span class='ocrx_word' id='word_1_163' title='bbox 751 1873 783 1900; x_wconf 89' lang='lat' dir='ltr'>et</span> <span class='ocrx_word' id='word_1_164' title='bbox 807 1866 1005 1900; x_wconf 84' lang='lat' dir='ltr'>sufficienter</span> <span class='ocrx_word' id='word_1_165' title='bbox 1022 1868 1184 1910; x_wconf 75' lang='lat' dir='ltr'>expressis</span> 
     </span>
     <span class='ocr_line' id='line_1_39' title="bbox 442 1919 1182 1960; baseline 0.004 -10"><span class='ocrx_word' id='word_1_166' title='bbox 442 1923 475 1950; x_wconf 86' lang='lat' dir='ltr'>ct</span> <span class='ocrx_word' id='word_1_167' title='bbox 505 1919 543 1951; x_wconf 90' lang='lat' dir='ltr'>ad</span> <span class='ocrx_word' id='word_1_168' title='bbox 579 1919 715 1952; x_wconf 76' lang='lat' dir='ltr'>verbum</span> <span class='ocrx_word' id='word_1_169' title='bbox 741 1919 871 1953; x_wconf 90' lang='lat' dir='ltr'>insertis</span> <span class='ocrx_word' id='word_1_170' title='bbox 897 1920 1081 1960; x_wconf 76' lang='lat' dir='ltr'>habentes,</span> <span class='ocrx_word' id='word_1_171' title='bbox 1118 1920 1182 1953; x_wconf 88' lang='lat' dir='ltr'>illis</span> 
     </span>
     <span class='ocr_line' id='line_1_40' title="bbox 441 1971 1183 2016; baseline 0.003 -13"><span class='ocrx_word' id='word_1_172' title='bbox 441 1971 521 2004; x_wconf 76' lang='lat' dir='ltr'>alias</span> <span class='ocrx_word' id='word_1_173' title='bbox 554 1971 587 2004; x_wconf 90' lang='lat' dir='ltr'>in</span> <span class='ocrx_word' id='word_1_174' title='bbox 623 1983 680 2006; x_wconf 89' lang='lat' dir='ltr'>suo</span> <span class='ocrx_word' id='word_1_175' title='bbox 714 1973 829 2006; x_wconf 80' lang='lat' dir='ltr'>robore</span> <span class='ocrx_word' id='word_1_176' title='bbox 869 1973 1112 2016; x_wconf 87' lang='lat' dir='ltr'>permansuris,</span> <span class='ocrx_word' id='word_1_177' title='bbox 1145 1973 1183 2006; x_wconf 89' lang='lat' dir='ltr'>ad</span> 
     </span>
     <span class='ocr_line' id='line_1_41' title="bbox 440 2024 1184 2067; baseline 0.004 -11"><span class='ocrx_word' id='word_1_178' title='bbox 440 2024 695 2067; x_wconf 85' lang='lat' dir='ltr'>praemissorum</span> <span class='ocrx_word' id='word_1_179' title='bbox 723 2025 887 2067; x_wconf 79' lang='lat' dir='ltr'>effectum,</span> <span class='ocrx_word' id='word_1_180' title='bbox 914 2026 974 2059; x_wconf 88' lang='lat' dir='ltr'>hac</span> <span class='ocrx_word' id='word_1_181' title='bbox 1001 2026 1068 2059; x_wconf 80' lang='lat' dir='ltr'>vice</span> <span class='ocrx_word' id='word_1_182' title='bbox 1095 2027 1184 2059; x_wconf 87' lang='lat' dir='ltr'>dum-</span> 
     </span>
     <span class='ocr_line' id='line_1_42' title="bbox 441 2078 1183 2123; baseline 0.004 -13"><span class='ocrx_word' id='word_1_183' title='bbox 441 2084 536 2118; x_wconf 82' lang='lat' dir='ltr'>taxat,</span> <span class='ocrx_word' id='word_1_184' title='bbox 550 2078 738 2122; x_wconf 82' lang='lat' dir='ltr'>specialiter</span> <span class='ocrx_word' id='word_1_185' title='bbox 752 2085 783 2112; x_wconf 84' lang='lat' dir='ltr'>et</span> <span class='ocrx_word' id='word_1_186' title='bbox 798 2090 951 2123; x_wconf 79' lang='lat' dir='ltr'>expresse</span> <span class='ocrx_word' id='word_1_187' title='bbox 971 2080 1183 2123; x_wconf 50' lang='lat' dir='ltr'>derogamus,</span> 
     </span>
     <span class='ocr_line' id='line_1_43' title="bbox 441 2132 1122 2177; baseline 0.003 -13"><span class='ocrx_word' id='word_1_188' title='bbox 441 2132 624 2175; x_wconf 85' lang='lat' dir='ltr'>ceterisque</span> <span class='ocrx_word' id='word_1_189' title='bbox 650 2133 822 2166; x_wconf 80' lang='lat' dir='ltr'>contrariis</span> <span class='ocrx_word' id='word_1_190' title='bbox 849 2134 1122 2177; x_wconf 82' lang='lat' dir='ltr'>quibuscumque.</span> 
     </span>
    </p>

    <p class='ocr_par' dir='ltr' id='par_1_8' title="bbox 442 2185 1185 2648">
     <span class='ocr_line' id='line_1_44' title="bbox 485 2185 1185 2228; baseline 0.004 -11"><span class='ocrx_word' id='word_1_191' title='bbox 485 2185 500 2228; x_wconf 63' lang='grc' dir='ltr'>ξ</span> <span class='ocrx_word' id='word_1_192' title='bbox 530 2185 561 2217; x_wconf 83' lang='grc'>5.</span> <span class='ocrx_word' id='word_1_193' title='bbox 596 2185 749 2218; x_wconf 68' lang='lat' dir='ltr'>Volumus</span> <span class='ocrx_word' id='word_1_194' title='bbox 786 2192 893 2219; x_wconf 88' lang='lat' dir='ltr'>autem</span> <span class='ocrx_word' id='word_1_195' title='bbox 930 2193 963 2219; x_wconf 90' lang='lat' dir='ltr'>ut</span> <span class='ocrx_word' id='word_1_196' title='bbox 996 2188 1185 2220; x_wconf 87' lang='lat' dir='ltr'>earumdem</span> 
     </span>
     <span class='ocr_line' id='line_1_45' title="bbox 442 2239 1183 2283; baseline 0.001 -12"><span class='ocrx_word' id='word_1_197' title='bbox 442 2239 662 2281; x_wconf 86' lang='lat' dir='ltr'>praesentium</span> <span class='ocrx_word' id='word_1_198' title='bbox 683 2239 864 2272; x_wconf 85' lang='lat' dir='ltr'>litterarum</span> <span class='ocrx_word' id='word_1_199' title='bbox 884 2240 1110 2283; x_wconf 82' lang='lat' dir='ltr'>transumptis,</span> <span class='ocrx_word' id='word_1_200' title='bbox 1128 2251 1183 2273; x_wconf 91' lang='lat' dir='ltr'>seu</span> 
     </span>
     <span class='ocr_line' id='line_1_46' title="bbox 443 2292 1185 2336; baseline 0.001 -12"><span class='ocrx_word' id='word_1_201' title='bbox 443 2292 608 2335; x_wconf 83' lang='lat' dir='ltr'>exemplis,</span> <span class='ocrx_word' id='word_1_202' title='bbox 636 2292 733 2324; x_wconf 85' lang='lat' dir='ltr'>etiam</span> <span class='ocrx_word' id='word_1_203' title='bbox 758 2293 937 2336; x_wconf 80' lang='lat' dir='ltr'>impressis,</span> <span class='ocrx_word' id='word_1_204' title='bbox 964 2304 1061 2325; x_wconf 86' lang='lat' dir='ltr'>manu</span> <span class='ocrx_word' id='word_1_205' title='bbox 1088 2293 1185 2325; x_wconf 88' lang='lat' dir='ltr'>alicu-</span> 
     </span>
     <span class='ocr_line' id='line_1_47' title="bbox 443 2344 1183 2389; baseline 0.001 -12"><span class='ocrx_word' id='word_1_206' title='bbox 443 2344 491 2378; x_wconf 85' lang='lat' dir='ltr'>ius</span> <span class='ocrx_word' id='word_1_207' title='bbox 515 2345 634 2378; x_wconf 87' lang='lat' dir='ltr'>notarii</span> <span class='ocrx_word' id='word_1_208' title='bbox 659 2345 781 2388; x_wconf 87' lang='lat' dir='ltr'>publici</span> <span class='ocrx_word' id='word_1_209' title='bbox 803 2346 1005 2389; x_wconf 85' lang='lat' dir='ltr'>subscriptis,</span> <span class='ocrx_word' id='word_1_210' title='bbox 1025 2351 1057 2378; x_wconf 85' lang='lat' dir='ltr'>et</span> <span class='ocrx_word' id='word_1_211' title='bbox 1074 2346 1183 2388; x_wconf 79' lang='lat' dir='ltr'>sigillo</span> 
     </span>
     <span class='ocr_line' id='line_1_48' title="bbox 442 2398 1184 2442; baseline 0 -12"><span class='ocrx_word' id='word_1_212' title='bbox 442 2408 603 2442; x_wconf 85' lang='lat' dir='ltr'>personae</span> <span class='ocrx_word' id='word_1_213' title='bbox 628 2398 660 2430; x_wconf 88' lang='lat' dir='ltr'>in</span> <span class='ocrx_word' id='word_1_214' title='bbox 687 2398 911 2431; x_wconf 79' lang='lat' dir='ltr'>ecclesiastica</span> <span class='ocrx_word' id='word_1_215' title='bbox 929 2398 1088 2440; x_wconf 80' lang='lat' dir='ltr'>dignitate</span> <span class='ocrx_word' id='word_1_216' title='bbox 1107 2408 1184 2431; x_wconf 87' lang='lat' dir='ltr'>con-</span> 
     </span>
     <span class='ocr_line' id='line_1_49' title="bbox 444 2451 1185 2494; baseline -0.001 -10"><span class='ocrx_word' id='word_1_217' title='bbox 444 2453 575 2485; x_wconf 85' lang='lat' dir='ltr'>stitutae</span> <span class='ocrx_word' id='word_1_218' title='bbox 591 2452 731 2491; x_wconf 87' lang='lat' dir='ltr'>munitis,</span> <span class='ocrx_word' id='word_1_219' title='bbox 748 2452 860 2484; x_wconf 88' lang='lat' dir='ltr'>eadem</span> <span class='ocrx_word' id='word_1_220' title='bbox 875 2461 1009 2494; x_wconf 89' lang='lat' dir='ltr'>prorsus</span> <span class='ocrx_word' id='word_1_221' title='bbox 1024 2451 1104 2484; x_wconf 81' lang='lat' dir='ltr'>sides</span> <span class='ocrx_word' id='word_1_222' title='bbox 1119 2451 1185 2483; x_wconf 86' lang='lat' dir='ltr'>ubi-</span> 
     </span>
     <span class='ocr_line' id='line_1_50' title="bbox 445 2504 1182 2548; baseline -0.001 -11"><span class='ocrx_word' id='word_1_223' title='bbox 445 2516 508 2548; x_wconf 90' lang='lat' dir='ltr'>que</span> <span class='ocrx_word' id='word_1_224' title='bbox 527 2507 673 2538; x_wconf 87' lang='lat' dir='ltr'>locorum</span> <span class='ocrx_word' id='word_1_225' title='bbox 690 2511 752 2538; x_wconf 89' lang='lat' dir='ltr'>tam</span> <span class='ocrx_word' id='word_1_226' title='bbox 767 2505 799 2538; x_wconf 90' lang='lat' dir='ltr'>in</span> <span class='ocrx_word' id='word_1_227' title='bbox 817 2504 937 2537; x_wconf 79' lang='lat' dir='ltr'>iudicio</span> <span class='ocrx_word' id='word_1_228' title='bbox 952 2509 984 2537; x_wconf 91' lang='lat' dir='ltr'>et</span> <span class='ocrx_word' id='word_1_229' title='bbox 997 2510 1086 2537; x_wconf 80' lang='lat' dir='ltr'>extra</span> <span class='ocrx_word' id='word_1_230' title='bbox 1103 2504 1182 2537; x_wconf 90' lang='lat' dir='ltr'>illud</span> 
     </span>
     <span class='ocr_line' id='line_1_51' title="bbox 444 2557 1184 2601; baseline -0.001 -10"><span class='ocrx_word' id='word_1_231' title='bbox 444 2560 626 2596; x_wconf 79' lang='lat' dir='ltr'>habeatur,</span> <span class='ocrx_word' id='word_1_232' title='bbox 653 2569 737 2601; x_wconf 81' lang='lat' dir='ltr'>quae</span> <span class='ocrx_word' id='word_1_233' title='bbox 770 2557 946 2590; x_wconf 84' lang='lat' dir='ltr'>haberetur</span> <span class='ocrx_word' id='word_1_234' title='bbox 976 2557 1057 2600; x_wconf 87' lang='lat' dir='ltr'>ipsis</span> <span class='ocrx_word' id='word_1_235' title='bbox 1090 2567 1184 2600; x_wconf 88' lang='lat' dir='ltr'>prae-</span> 
     </span>
     <span class='ocr_line' id='line_1_52' title="bbox 444 2610 1180 2648; baseline -0.005 0"><span class='ocrx_word' id='word_1_236' title='bbox 444 2612 590 2648; x_wconf 78' lang='lat' dir='ltr'>sentibus</span> <span class='ocrx_word' id='word_1_237' title='bbox 607 2612 634 2646; x_wconf 78' lang='lat' dir='ltr'>si</span> <span class='ocrx_word' id='word_1_238' title='bbox 652 2612 761 2646; x_wconf 76' lang='lat' dir='ltr'>forent</span> <span class='ocrx_word' id='word_1_239' title='bbox 779 2610 941 2647; x_wconf 79' lang='lat' dir='ltr'>exhibitae</span> <span class='ocrx_word' id='word_1_240' title='bbox 955 2610 1005 2644; x_wconf 84' lang='lat' dir='ltr'>vel</span> <span class='ocrx_word' id='word_1_241' title='bbox 1020 2616 1180 2645; x_wconf 79' lang='lat' dir='ltr'>ostensae.</span> 
     </span>
    </p>
   </div>
   <div class='ocr_carea' id='block_1_6' title="bbox 1029 220 1426 246">
    <p class='ocr_par' dir='ltr' id='par_1_9' title="bbox 1029 220 1426 246">
     <span class='ocr_line' id='line_1_53' title="bbox 1029 220 1426 246; baseline -0.005 0"><span class='ocrx_word' id='word_1_242' title='bbox 1029 221 1208 246; x_wconf 59' lang='lat' dir='ltr'>nvi-Lamum</span> <span class='ocrx_word' id='word_1_243' title='bbox 1231 220 1385 245; x_wconf 60' lang='lat' dir='ltr'>Romnum</span> <span class='ocrx_word' id='word_1_244' title='bbox 1420 228 1426 234; x_wconf 96' lang='lat'>·</span> 
     </span>
    </p>
   </div>
   <div class='ocr_carea' id='block_1_7' title="bbox 1204 1747 1208 2454">
    <p class='ocr_par' dir='ltr' id='par_1_10' title="bbox 1204 1747 1208 2454">
     <span class='ocr_line' id='line_1_54' title="bbox 1204 1747 1208 2454; baseline 0 0"><span class='ocrx_word' id='word_1_245' title='bbox 1204 1747 1208 2454; x_wconf 95' lang='lat' dir='ltr'> </span> 
     </span>
    </p>
   </div>
   <div class='ocr_carea' id='block_1_8' title="bbox 1225 220 2163 472">
    <p class='ocr_par' dir='ltr' id='par_1_11' title="bbox 1225 220 2163 472">
     <span class='ocr_line' id='line_1_55' title="bbox 1971 220 2163 249; baseline 0.005 -2"><span class='ocrx_word' id='word_1_246' title='bbox 1971 220 2021 248; x_wconf 80' lang='lat' dir='ltr'>An.</span> <span class='ocrx_word' id='word_1_247' title='bbox 2038 220 2067 248; x_wconf 85' lang='lat' dir='ltr'>C.</span> <span class='ocrx_word' id='word_1_248' title='bbox 2091 221 2163 249; x_wconf 81' lang='lat'>¹708·</span> 
     </span>
     <span class='ocr_line' id='line_1_56' title="bbox 1268 267 1964 312; baseline -0.003 -10"><span class='ocrx_word' id='word_1_249' title='bbox 1268 269 1383 302; x_wconf 87' lang='lat' dir='ltr'>Datum</span> <span class='ocrx_word' id='word_1_250' title='bbox 1407 269 1544 309; x_wconf 84' lang='lat' dir='ltr'>Romae,</span> <span class='ocrx_word' id='word_1_251' title='bbox 1571 268 1658 312; x_wconf 88' lang='lat' dir='ltr'>apud</span> <span class='ocrx_word' id='word_1_252' title='bbox 1682 267 1877 309; x_wconf 57' lang='lat' dir='ltr'>Ssretrum,</span> <span class='ocrx_word' id='word_1_253' title='bbox 1901 268 1964 301; x_wconf 83' lang='lat' dir='ltr'>&#39;sub</span> 
     </span>
     <span class='ocr_line' id='line_1_57' title="bbox 1226 321 1969 362; baseline 0 -7"><span class='ocrx_word' id='word_1_254' title='bbox 1226 324 1345 356; x_wconf 88' lang='lat' dir='ltr'>annulo</span> <span class='ocrx_word' id='word_1_255' title='bbox 1357 322 1540 362; x_wconf 70' lang='lat' dir='ltr'>Piscatoris,</span> <span class='ocrx_word' id='word_1_256' title='bbox 1553 321 1603 354; x_wconf 90' lang='lat' dir='ltr'>dic</span> <span class='ocrx_word' id='word_1_257' title='bbox 1613 332 1632 355; x_wconf 86' lang='lat' dir='ltr'>x</span> <span class='ocrx_word' id='word_1_258' title='bbox 1642 321 1796 355; x_wconf 81' lang='lat' dir='ltr'>februarii</span> <span class='ocrx_word' id='word_1_259' title='bbox 1807 331 1969 362; x_wconf 79' lang='lat' dir='ltr'>Muccvni,</span> 
     </span>
     <span class='ocr_line' id='line_1_58' title="bbox 1225 375 1769 419; baseline 0 -11"><span class='ocrx_word' id='word_1_260' title='bbox 1225 375 1435 419; x_wconf 80' lang='lat' dir='ltr'>pontificatus</span> <span class='ocrx_word' id='word_1_261' title='bbox 1461 375 1563 408; x_wconf 88' lang='lat' dir='ltr'>nostri</span> <span class='ocrx_word' id='word_1_262' title='bbox 1589 385 1673 407; x_wconf 82' lang='lat' dir='ltr'>anno</span> <span class='ocrx_word' id='word_1_263' title='bbox 1699 384 1769 408; x_wconf 70' lang='lat' dir='ltr'>vui.</span> 
     </span>
     <span class='ocr_line' id='line_1_59' title="bbox 1261 437 1954 472; baseline 0 -8"><span class='ocrx_word' id='word_1_264' title='bbox 1261 437 1320 464; x_wconf 85' lang='lat' dir='ltr'>Dat.</span> <span class='ocrx_word' id='word_1_265' title='bbox 1339 437 1383 464; x_wconf 85' lang='lat' dir='ltr'>die</span> <span class='ocrx_word' id='word_1_266' title='bbox 1402 438 1432 465; x_wconf 83' lang='lat'>¹0</span> <span class='ocrx_word' id='word_1_267' title='bbox 1447 437 1579 464; x_wconf 82' lang='lat' dir='ltr'>februarii</span> <span class='ocrx_word' id='word_1_268' title='bbox 1597 437 1674 469; x_wconf 75' lang='lat'>1708,</span> <span class='ocrx_word' id='word_1_269' title='bbox 1691 437 1791 472; x_wconf 80' lang='lat' dir='ltr'>pontif.</span> <span class='ocrx_word' id='word_1_270' title='bbox 1808 445 1881 464; x_wconf 87' lang='lat' dir='ltr'>anno</span> <span class='ocrx_word' id='word_1_271' title='bbox 1897 444 1954 464; x_wconf 74' lang='lat' dir='ltr'>vul.</span> 
     </span>
    </p>
   </div>
   <div class='ocr_carea' id='block_1_9' title="bbox 1566 596 1628 630">
    <p class='ocr_par' dir='ltr' id='par_1_12' title="bbox 1566 596 1628 630">
     <span class='ocr_line' id='line_1_60' title="bbox 1566 596 1628 630; baseline 0 0"><span class='ocrx_word' id='word_1_272' title='bbox 1566 596 1628 630; x_wconf 84' lang='lat' dir='ltr'>CX.</span> 
     </span>
    </p>
   </div>
   <div class='ocr_carea' id='block_1_10' title="bbox 1229 683 1971 981">
    <p class='ocr_par' dir='ltr' id='par_1_13' title="bbox 1229 683 1971 981">
     <span class='ocr_line' id='line_1_61' title="bbox 1229 683 1970 728; baseline 0 -11"><span class='ocrx_word' id='word_1_273' title='bbox 1229 683 1448 727; x_wconf 63' lang='lat' dir='ltr'>Confirmatio*</span> <span class='ocrx_word' id='word_1_274' title='bbox 1498 683 1659 716; x_wconf 78' lang='lat' dir='ltr'>decretum</span> <span class='ocrx_word' id='word_1_275' title='bbox 1704 684 1970 728; x_wconf 72' lang='lat' dir='ltr'>Conyreyationis</span> 
     </span>
     <span class='ocr_line' id='line_1_62' title="bbox 1270 736 1971 780; baseline 0.003 -11"><span class='ocrx_word' id='word_1_276' title='bbox 1270 737 1489 780; x_wconf 79' lang='lat' dir='ltr'>episcoporum</span> <span class='ocrx_word' id='word_1_277' title='bbox 1507 741 1535 769; x_wconf 80' lang='lat' dir='ltr'>el</span> <span class='ocrx_word' id='word_1_278' title='bbox 1546 736 1753 780; x_wconf 73' lang='lat' dir='ltr'>reqularium</span> <span class='ocrx_word' id='word_1_279' title='bbox 1767 737 1805 770; x_wconf 85' lang='lat' dir='ltr'>de</span> <span class='ocrx_word' id='word_1_280' title='bbox 1818 737 1971 771; x_wconf 82' lang='lat' dir='ltr'>electione</span> 
     </span>
     <span class='ocr_line' id='line_1_63' title="bbox 1271 789 1970 834; baseline 0.001 -12"><span class='ocrx_word' id='word_1_281' title='bbox 1271 789 1481 832; x_wconf 78' lang='lat' dir='ltr'>definitorum</span> <span class='ocrx_word' id='word_1_282' title='bbox 1506 789 1735 823; x_wconf 72' lang='lat' dir='ltr'>adizmelorum</span> <span class='ocrx_word' id='word_1_283' title='bbox 1762 790 1828 823; x_wconf 85' lang='lat' dir='ltr'>loco</span> <span class='ocrx_word' id='word_1_284' title='bbox 1851 801 1970 834; x_wconf 75' lang='lat' dir='ltr'>procte-</span> 
     </span>
     <span class='ocr_line' id='line_1_64' title="bbox 1270 842 1970 886; baseline 0.001 -12"><span class='ocrx_word' id='word_1_285' title='bbox 1270 846 1419 875; x_wconf 77' lang='lat' dir='ltr'>ratorum</span> <span class='ocrx_word' id='word_1_286' title='bbox 1447 842 1650 886; x_wconf 72' lang='lat' dir='ltr'>qeneralium</span> <span class='ocrx_word' id='word_1_287' title='bbox 1678 843 1863 876; x_wconf 74' lang='lat' dir='ltr'>absentium</span> <span class='ocrx_word' id='word_1_288' title='bbox 1890 843 1970 878; x_wconf 81' lang='lat' dir='ltr'>Con-</span> 
     </span>
     <span class='ocr_line' id='line_1_65' title="bbox 1270 896 1969 938; baseline 0.004 -12"><span class='ocrx_word' id='word_1_289' title='bbox 1270 896 1472 938; x_wconf 70' lang='lat' dir='ltr'>qreqatiom&#39;s</span> <span class='ocrx_word' id='word_1_290' title='bbox 1496 896 1672 929; x_wconf 77' lang='lat' dir='ltr'>Doctrinae</span> <span class='ocrx_word' id='word_1_291' title='bbox 1699 896 1910 930; x_wconf 75' lang='lat' dir='ltr'>Christianae</span> <span class='ocrx_word' id='word_1_292' title='bbox 1934 897 1969 929; x_wconf 83' lang='lat' dir='ltr'>in</span> 
     </span>
     <span class='ocr_line' id='line_1_66' title="bbox 1274 947 1422 981; baseline 0.014 -2"><span class='ocrx_word' id='word_1_293' title='bbox 1274 947 1422 981; x_wconf 76' lang='lat' dir='ltr'>Gallia¹.</span> 
     </span>
    </p>
   </div>
   <div class='ocr_carea' id='block_1_11' title="bbox 1366 1033 1833 1108">
    <p class='ocr_par' dir='ltr' id='par_1_14' title="bbox 1366 1033 1833 1108">
     <span class='ocr_line' id='line_1_67' title="bbox 1442 1033 1751 1068; baseline 0.006 -8"><span class='ocrx_word' id='word_1_294' title='bbox 1442 1033 1579 1061; x_wconf 84' lang='lat' dir='ltr'>Clemens</span> <span class='ocrx_word' id='word_1_295' title='bbox 1602 1034 1680 1068; x_wconf 84' lang='lat' dir='ltr'>Papa</span> <span class='ocrx_word' id='word_1_296' title='bbox 1699 1035 1751 1068; x_wconf 87' lang='lat' dir='ltr'>XI,</span> 
     </span>
     <span class='ocr_line' id='line_1_68' title="bbox 1366 1078 1833 1108; baseline 0.006 -3"><span class='ocrx_word' id='word_1_297' title='bbox 1366 1078 1403 1105; x_wconf 85' lang='lat' dir='ltr'>ad</span> <span class='ocrx_word' id='word_1_298' title='bbox 1422 1079 1561 1106; x_wconf 77' lang='lat' dir='ltr'>futuram</span> <span class='ocrx_word' id='word_1_299' title='bbox 1581 1079 1629 1106; x_wconf 88' lang='lat' dir='ltr'>rei</span> <span class='ocrx_word' id='word_1_300' title='bbox 1649 1080 1833 1108; x_wconf 82' lang='lat' dir='ltr'>memoriam.</span> 
     </span>
    </p>
   </div>
   <div class='ocr_carea' id='block_1_12' title="bbox 1227 1157 2165 2235">
    <p class='ocr_par' dir='ltr' id='par_1_15' title="bbox 1227 1157 2165 1790">
     <span class='ocr_line' id='line_1_69' title="bbox 1273 1157 2165 1204; baseline 0.004 -14"><span class='ocrx_word' id='word_1_301' title='bbox 1273 1157 1288 1200; x_wconf 62' lang='grc' dir='ltr'>ξ</span> <span class='ocrx_word' id='word_1_302' title='bbox 1305 1157 1336 1190; x_wconf 82' lang='grc'>1.</span> <span class='ocrx_word' id='word_1_303' title='bbox 1353 1158 1519 1191; x_wconf 79' lang='lat' dir='ltr'>Emanavit</span> <span class='ocrx_word' id='word_1_304' title='bbox 1537 1170 1641 1202; x_wconf 88' lang='lat' dir='ltr'>nuper</span> <span class='ocrx_word' id='word_1_305' title='bbox 1665 1170 1682 1192; x_wconf 85' lang='lat' dir='ltr'>a</span> <span class='ocrx_word' id='word_1_306' title='bbox 1706 1159 1967 1203; x_wconf 81' lang='lat' dir='ltr'>Congregatione</span> <span class='ocrx_word' id='word_1_307' title='bbox 2020 1183 2089 1204; x_wconf 66' lang='lat' dir='ltr'>eausa</span> <span class='ocrx_word' id='word_1_308' title='bbox 2104 1189 2165 1204; x_wconf 74' lang='lat' dir='ltr'>enar-</span> 
     </span>
     <span class='ocr_line' id='line_1_70' title="bbox 1229 1212 2045 1248; baseline 0.006 -5"><span class='ocrx_word' id='word_1_309' title='bbox 1229 1212 1463 1244; x_wconf 82' lang='lat' dir='ltr'>venerabilium</span> <span class='ocrx_word' id='word_1_310' title='bbox 1485 1213 1616 1246; x_wconf 79' lang='lat' dir='ltr'>fratrum</span> <span class='ocrx_word' id='word_1_311' title='bbox 1635 1219 1822 1246; x_wconf 89' lang='lat' dir='ltr'>nostrorum</span> <span class='ocrx_word' id='word_1_312' title='bbox 1840 1213 1871 1247; x_wconf 88' lang='lat' dir='ltr'>S.</span> <span class='ocrx_word' id='word_1_313' title='bbox 1885 1214 1966 1248; x_wconf 66' lang='lat' dir='ltr'>RE.</span> <span class='ocrx_word' id='word_1_314' title='bbox 1980 1212 2045 1232; x_wconf 59' lang='lat' dir='ltr'>mus·</span> 
     </span>
     <span class='ocr_line' id='line_1_71' title="bbox 1230 1264 1969 1308; baseline 0.005 -12"><span class='ocrx_word' id='word_1_315' title='bbox 1230 1264 1444 1298; x_wconf 85' lang='lat' dir='ltr'>cardinalium</span> <span class='ocrx_word' id='word_1_316' title='bbox 1472 1266 1612 1308; x_wconf 76' lang='lat' dir='ltr'>negotiis</span> <span class='ocrx_word' id='word_1_317' title='bbox 1629 1271 1659 1298; x_wconf 85' lang='lat' dir='ltr'>et</span> <span class='ocrx_word' id='word_1_318' title='bbox 1677 1267 1969 1301; x_wconf 83' lang='lat' dir='ltr'>consultationibus</span> 
     </span>
     <span class='ocr_line' id='line_1_72' title="bbox 1230 1318 1968 1364; baseline 0.005 -14"><span class='ocrx_word' id='word_1_319' title='bbox 1230 1318 1460 1361; x_wconf 86' lang='lat' dir='ltr'>episcoporum</span> <span class='ocrx_word' id='word_1_320' title='bbox 1487 1325 1518 1352; x_wconf 91' lang='lat' dir='ltr'>et</span> <span class='ocrx_word' id='word_1_321' title='bbox 1542 1320 1740 1362; x_wconf 83' lang='lat' dir='ltr'>regularium</span> <span class='ocrx_word' id='word_1_322' title='bbox 1766 1321 1968 1364; x_wconf 65' lang='lat' dir='ltr'>praeposita,</span> 
     </span>
     <span class='ocr_line' id='line_1_73' title="bbox 1229 1371 1970 1407; baseline 0.005 -4"><span class='ocrx_word' id='word_1_323' title='bbox 1229 1371 1261 1403; x_wconf 91' lang='lat' dir='ltr'>in</span> <span class='ocrx_word' id='word_1_324' title='bbox 1288 1373 1381 1404; x_wconf 77' lang='lat' dir='ltr'>cansa</span> <span class='ocrx_word' id='word_1_325' title='bbox 1407 1373 1624 1406; x_wconf 81' lang='lat' dir='ltr'>Avenionensi</span> <span class='ocrx_word' id='word_1_326' title='bbox 1643 1384 1700 1406; x_wconf 87' lang='lat' dir='ltr'>seu</span> <span class='ocrx_word' id='word_1_327' title='bbox 1723 1373 1896 1407; x_wconf 76' lang='lat' dir='ltr'>parisiensi</span> <span class='ocrx_word' id='word_1_328' title='bbox 1921 1374 1970 1407; x_wconf 89' lang='lat' dir='ltr'>in-</span> 
     </span>
     <span class='ocr_line' id='line_1_74' title="bbox 1231 1425 1970 1460; baseline 0.005 -4"><span class='ocrx_word' id='word_1_329' title='bbox 1231 1429 1280 1457; x_wconf 90' lang='lat' dir='ltr'>ter</span> <span class='ocrx_word' id='word_1_330' title='bbox 1321 1425 1455 1459; x_wconf 84' lang='lat' dir='ltr'>dilectos</span> <span class='ocrx_word' id='word_1_331' title='bbox 1487 1425 1571 1459; x_wconf 79' lang='lat' dir='ltr'>tilios</span> <span class='ocrx_word' id='word_1_332' title='bbox 1612 1427 1750 1460; x_wconf 90' lang='lat' dir='ltr'>clericos</span> <span class='ocrx_word' id='word_1_333' title='bbox 1789 1428 1970 1460; x_wconf 82' lang='lat' dir='ltr'>saeculares</span> 
     </span>
     <span class='ocr_line' id='line_1_75' title="bbox 1229 1478 1968 1522; baseline 0.003 -11"><span class='ocrx_word' id='word_1_334' title='bbox 1229 1478 1496 1522; x_wconf 80' lang='lat' dir='ltr'>Congregationis</span> <span class='ocrx_word' id='word_1_335' title='bbox 1515 1479 1685 1513; x_wconf 87' lang='lat' dir='ltr'>Doctrinae</span> <span class='ocrx_word' id='word_1_336' title='bbox 1710 1480 1914 1514; x_wconf 85' lang='lat' dir='ltr'>Christianae</span> <span class='ocrx_word' id='word_1_337' title='bbox 1937 1481 1968 1513; x_wconf 91' lang='lat' dir='ltr'>in</span> 
     </span>
     <span class='ocr_line' id='line_1_76' title="bbox 1229 1530 1969 1577; baseline 0.003 -13"><span class='ocrx_word' id='word_1_338' title='bbox 1229 1530 1330 1564; x_wconf 82' lang='lat' dir='ltr'>Gallia</span> <span class='ocrx_word' id='word_1_339' title='bbox 1356 1543 1392 1565; x_wconf 77' lang='lat' dir='ltr'>ex</span> <span class='ocrx_word' id='word_1_340' title='bbox 1418 1534 1479 1565; x_wconf 73' lang='lat' dir='ltr'>una</span> <span class='ocrx_word' id='word_1_341' title='bbox 1508 1538 1540 1565; x_wconf 89' lang='lat' dir='ltr'>et</span> <span class='ocrx_word' id='word_1_342' title='bbox 1565 1533 1721 1577; x_wconf 84' lang='lat' dir='ltr'>quosdam</span> <span class='ocrx_word' id='word_1_343' title='bbox 1757 1533 1969 1577; x_wconf 84' lang='lat' dir='ltr'>particulares</span> 
     </span>
     <span class='ocr_line' id='line_1_77' title="bbox 1227 1584 1972 1629; baseline 0.005 -12"><span class='ocrx_word' id='word_1_344' title='bbox 1227 1584 1439 1628; x_wconf 74' lang='lat' dir='ltr'>presbyteros</span> <span class='ocrx_word' id='word_1_345' title='bbox 1465 1586 1648 1629; x_wconf 87' lang='lat' dir='ltr'>provinciae</span> <span class='ocrx_word' id='word_1_346' title='bbox 1670 1586 1862 1620; x_wconf 83' lang='lat' dir='ltr'>Parisiensis</span> <span class='ocrx_word' id='word_1_347' title='bbox 1884 1587 1972 1621; x_wconf 77' lang='lat' dir='ltr'>eius-</span> 
     </span>
     <span class='ocr_line' id='line_1_78' title="bbox 1229 1638 1970 1682; baseline 0.003 -11"><span class='ocrx_word' id='word_1_348' title='bbox 1229 1638 1301 1671; x_wconf 86' lang='lat' dir='ltr'>dem</span> <span class='ocrx_word' id='word_1_349' title='bbox 1326 1638 1596 1682; x_wconf 78' lang='lat' dir='ltr'>Congregationis</span> <span class='ocrx_word' id='word_1_350' title='bbox 1623 1640 1794 1674; x_wconf 85' lang='lat' dir='ltr'>Doctrinae</span> <span class='ocrx_word' id='word_1_351' title='bbox 1820 1639 1970 1674; x_wconf 83' lang='lat' dir='ltr'>Christia-</span> 
     </span>
     <span class='ocr_line' id='line_1_79' title="bbox 1228 1693 1970 1736; baseline 0.003 -12"><span class='ocrx_word' id='word_1_352' title='bbox 1228 1702 1289 1724; x_wconf 92' lang='lat' dir='ltr'>nae</span> <span class='ocrx_word' id='word_1_353' title='bbox 1316 1703 1353 1725; x_wconf 81' lang='lat' dir='ltr'>ex</span> <span class='ocrx_word' id='word_1_354' title='bbox 1379 1693 1481 1725; x_wconf 75' lang='lat' dir='ltr'>altera</span> <span class='ocrx_word' id='word_1_355' title='bbox 1506 1693 1652 1736; x_wconf 84' lang='lat' dir='ltr'>partibus</span> <span class='ocrx_word' id='word_1_356' title='bbox 1683 1699 1838 1733; x_wconf 88' lang='lat' dir='ltr'>vertente,</span> <span class='ocrx_word' id='word_1_357' title='bbox 1861 1694 1970 1726; x_wconf 89' lang='lat' dir='ltr'>decre-</span> 
     </span>
     <span class='ocr_line' id='line_1_80' title="bbox 1229 1745 1892 1790; baseline 0.005 -14"><span class='ocrx_word' id='word_1_358' title='bbox 1229 1749 1295 1777; x_wconf 82' lang='lat' dir='ltr'>tum</span> <span class='ocrx_word' id='word_1_359' title='bbox 1319 1745 1440 1778; x_wconf 90' lang='lat' dir='ltr'>tenoris</span> <span class='ocrx_word' id='word_1_360' title='bbox 1466 1746 1518 1789; x_wconf 88' lang='lat' dir='ltr'>qui</span> <span class='ocrx_word' id='word_1_361' title='bbox 1545 1746 1702 1790; x_wconf 87' lang='lat' dir='ltr'>sequitur,</span> <span class='ocrx_word' id='word_1_362' title='bbox 1726 1746 1892 1780; x_wconf 83' lang='lat' dir='ltr'>videlicet:</span> 
     </span>
    </p>

    <p class='ocr_par' dir='ltr' id='par_1_16' title="bbox 1227 1809 2163 2090">
     <span class='ocr_line' id='line_1_81' title="bbox 1268 1809 2163 1848; baseline 0.003 -12"><span class='ocrx_word' id='word_1_363' title='bbox 1268 1809 1302 1836; x_wconf 91' lang='lat' dir='ltr'>In</span> <span class='ocrx_word' id='word_1_364' title='bbox 1325 1809 1412 1837; x_wconf 72' lang='lat' dir='ltr'>causa</span> <span class='ocrx_word' id='word_1_365' title='bbox 1431 1809 1633 1838; x_wconf 79' lang='lat' dir='ltr'>Avenionensi</span> <span class='ocrx_word' id='word_1_366' title='bbox 1658 1819 1709 1838; x_wconf 89' lang='lat' dir='ltr'>seu</span> <span class='ocrx_word' id='word_1_367' title='bbox 1724 1809 1882 1838; x_wconf 86' lang='lat' dir='ltr'>Parisiensi</span> <span class='ocrx_word' id='word_1_368' title='bbox 1903 1819 1967 1838; x_wconf 88' lang='lat' dir='ltr'>ver·</span> <span class='ocrx_word' id='word_1_369' title='bbox 1988 1817 2072 1848; x_wconf 54' lang='lat' dir='ltr'>⁴Dubia</span> <span class='ocrx_word' id='word_1_370' title='bbox 2087 1823 2163 1845; x_wconf 80' lang='lat' dir='ltr'>propo-</span> 
     </span>
     <span class='ocr_line' id='line_1_82' title="bbox 1228 1847 2025 1895; baseline 0.003 -10"><span class='ocrx_word' id='word_1_371' title='bbox 1228 1859 1307 1885; x_wconf 72' lang='lat' dir='ltr'>tente</span> <span class='ocrx_word' id='word_1_372' title='bbox 1329 1857 1406 1886; x_wconf 80' lang='lat' dir='ltr'>inter</span> <span class='ocrx_word' id='word_1_373' title='bbox 1421 1858 1692 1895; x_wconf 79' lang='lat' dir='ltr'>Congregationem</span> <span class='ocrx_word' id='word_1_374' title='bbox 1708 1858 1867 1886; x_wconf 78' lang='lat' dir='ltr'>Doctrinae</span> <span class='ocrx_word' id='word_1_375' title='bbox 1883 1858 1968 1887; x_wconf 86' lang='lat' dir='ltr'>Chri-</span> <span class='ocrx_word' id='word_1_376' title='bbox 1976 1847 2025 1866; x_wconf 72' lang='lat'><strong>⁸¹¹³*</strong></span> 
     </span>
     <span class='ocr_line' id='line_1_83' title="bbox 1227 1905 1968 1944; baseline 0.001 -11"><span class='ocrx_word' id='word_1_377' title='bbox 1227 1905 1340 1934; x_wconf 80' lang='lat' dir='ltr'>stianae</span> <span class='ocrx_word' id='word_1_378' title='bbox 1361 1906 1392 1934; x_wconf 88' lang='lat' dir='ltr'>in</span> <span class='ocrx_word' id='word_1_379' title='bbox 1415 1906 1515 1934; x_wconf 42' lang='lat' dir='ltr'>Gallia&gt;</span> <span class='ocrx_word' id='word_1_380' title='bbox 1533 1916 1570 1934; x_wconf 81' lang='lat' dir='ltr'>ex</span> <span class='ocrx_word' id='word_1_381' title='bbox 1591 1907 1659 1941; x_wconf 60' lang='lat' dir='ltr'>una,</span> <span class='ocrx_word' id='word_1_382' title='bbox 1683 1909 1713 1934; x_wconf 78' lang='lat' dir='ltr'>et</span> <span class='ocrx_word' id='word_1_383' title='bbox 1734 1907 1876 1943; x_wconf 84' lang='lat' dir='ltr'>quosdam</span> <span class='ocrx_word' id='word_1_384' title='bbox 1903 1916 1968 1944; x_wconf 84' lang='lat' dir='ltr'>par-</span> 
     </span>
     <span class='ocr_line' id='line_1_84' title="bbox 1228 1954 1967 1993; baseline 0.003 -11"><span class='ocrx_word' id='word_1_385' title='bbox 1228 1954 1365 1983; x_wconf 85' lang='lat' dir='ltr'>ticulares</span> <span class='ocrx_word' id='word_1_386' title='bbox 1387 1955 1576 1992; x_wconf 71' lang='lat' dir='ltr'>presbyteros</span> <span class='ocrx_word' id='word_1_387' title='bbox 1599 1955 1769 1993; x_wconf 76' lang='lat' dir='ltr'>provinciae</span> <span class='ocrx_word' id='word_1_388' title='bbox 1791 1956 1967 1984; x_wconf 76' lang='lat' dir='ltr'>Parisiensis</span> 
     </span>
     <span class='ocr_line' id='line_1_85' title="bbox 1228 2003 1968 2041; baseline 0.001 -10"><span class='ocrx_word' id='word_1_389' title='bbox 1228 2003 1358 2031; x_wconf 86' lang='lat' dir='ltr'>eiusdem</span> <span class='ocrx_word' id='word_1_390' title='bbox 1380 2003 1636 2041; x_wconf 75' lang='lat' dir='ltr'>Congregationis,</span> <span class='ocrx_word' id='word_1_391' title='bbox 1658 2004 1791 2041; x_wconf 80' lang='lat' dir='ltr'>partibus</span> <span class='ocrx_word' id='word_1_392' title='bbox 1811 2013 1849 2032; x_wconf 85' lang='lat' dir='ltr'>ex</span> <span class='ocrx_word' id='word_1_393' title='bbox 1865 2004 1968 2041; x_wconf 73' lang='lat' dir='ltr'>altera,</span> 
     </span>
     <span class='ocr_line' id='line_1_86' title="bbox 1227 2052 1848 2090; baseline 0 -10"><span class='ocrx_word' id='word_1_394' title='bbox 1227 2052 1353 2090; x_wconf 87' lang='lat' dir='ltr'>desuper</span> <span class='ocrx_word' id='word_1_395' title='bbox 1373 2052 1568 2090; x_wconf 77' lang='lat' dir='ltr'>infrascriptis</span> <span class='ocrx_word' id='word_1_396' title='bbox 1591 2053 1700 2089; x_wconf 84' lang='lat' dir='ltr'>dubiis,</span> <span class='ocrx_word' id='word_1_397' title='bbox 1722 2062 1848 2090; x_wconf 86' lang='lat' dir='ltr'>nempe:</span> 
     </span>
    </p>

    <p class='ocr_par' dir='ltr' id='par_1_17' title="bbox 1227 2101 1969 2235">
     <span class='ocr_line' id='line_1_87' title="bbox 1267 2101 1969 2137; baseline 0 -8"><span class='ocrx_word' id='word_1_398' title='bbox 1267 2102 1289 2129; x_wconf 89' lang='grc' dir='ltr'>Ι.</span> <span class='ocrx_word' id='word_1_399' title='bbox 1312 2102 1361 2129; x_wconf 79' lang='lat' dir='ltr'>An</span> <span class='ocrx_word' id='word_1_400' title='bbox 1381 2110 1498 2136; x_wconf 70' lang='lat' dir='ltr'>sequens</span> <span class='ocrx_word' id='word_1_401' title='bbox 1518 2102 1658 2130; x_wconf 76' lang='lat' dir='ltr'>decretum</span> <span class='ocrx_word' id='word_1_402' title='bbox 1679 2102 1801 2137; x_wconf 74' lang='lat' dir='ltr'>capituli</span> <span class='ocrx_word' id='word_1_403' title='bbox 1826 2101 1969 2136; x_wconf 74' lang='lat' dir='ltr'>qeneralz&#39;s</span> 
     </span>
     <span class='ocr_line' id='line_1_88' title="bbox 1227 2151 1969 2186; baseline -0.001 -8"><span class='ocrx_word' id='word_1_404' title='bbox 1227 2151 1297 2178; x_wconf 76' lang='lat' dir='ltr'>anni</span> <span class='ocrx_word' id='word_1_405' title='bbox 1311 2159 1408 2179; x_wconf 76' lang='lat' dir='ltr'>innccv</span> <span class='ocrx_word' id='word_1_406' title='bbox 1423 2151 1597 2179; x_wconf 74' lang='lat' dir='ltr'>sustineatur</span> <span class='ocrx_word' id='word_1_407' title='bbox 1615 2151 1644 2178; x_wconf 77' lang='lat' dir='ltr'>in</span> <span class='ocrx_word' id='word_1_408' title='bbox 1658 2159 1735 2186; x_wconf 77' lang='lat' dir='ltr'>casu,</span> <span class='ocrx_word' id='word_1_409' title='bbox 1751 2151 1816 2178; x_wconf 67' lang='lat' dir='ltr'>eia:</span> <span class='ocrx_word' id='word_1_410' title='bbox 1838 2151 1876 2185; x_wconf 77' lang='lat' dir='ltr'>et,</span> <span class='ocrx_word' id='word_1_411' title='bbox 1897 2158 1969 2184; x_wconf 76' lang='lat' dir='ltr'>qua-</span> 
     </span>
     <span class='ocr_line' id='line_1_89' title="bbox 1227 2199 1519 2235; baseline -0.007 -9"><span class='ocrx_word' id='word_1_412' title='bbox 1227 2201 1305 2227; x_wconf 71' lang='lat' dir='ltr'>tenus</span> <span class='ocrx_word' id='word_1_413' title='bbox 1325 2199 1519 2235; x_wconf 63' lang='lat' dir='ltr'>affirmale&#39;vp,</span> 
     </span>
    </p>
   </div>
   <div class='ocr_carea' id='block_1_13' title="bbox 1227 2247 1968 2324">
    <p class='ocr_par' dir='ltr' id='par_1_18' title="bbox 1227 2247 1968 2324">
     <span class='ocr_line' id='line_1_90' title="bbox 1267 2247 1968 2283; baseline 0.001 -8"><span class='ocrx_word' id='word_1_414' title='bbox 1267 2248 1306 2276; x_wconf 87' lang='lat'>11.</span> <span class='ocrx_word' id='word_1_415' title='bbox 1328 2248 1377 2276; x_wconf 32' lang='lat' dir='ltr'>Ans</span> <span class='ocrx_word' id='word_1_416' title='bbox 1397 2248 1600 2283; x_wconf 74' lang='lat' dir='ltr'>bem-placitum</span> <span class='ocrx_word' id='word_1_417' title='bbox 1626 2247 1809 2282; x_wconf 73' lang='lat' dir='ltr'>apostolieum</span> <span class='ocrx_word' id='word_1_418' title='bbox 1825 2256 1881 2282; x_wconf 74' lang='lat' dir='ltr'>pro</span> <span class='ocrx_word' id='word_1_419' title='bbox 1903 2255 1968 2276; x_wconf 74' lang='lat' dir='ltr'>voce</span> 
     </span>
     <span class='ocr_line' id='line_1_91' title="bbox 1227 2295 1710 2324; baseline -0.004 0"><span class='ocrx_word' id='word_1_420' title='bbox 1227 2296 1402 2324; x_wconf 57' lang='lat' dir='ltr'>declarata-{z</span> <span class='ocrx_word' id='word_1_421' title='bbox 1424 2296 1460 2324; x_wconf 77' lang='lat' dir='ltr'>sii</span> <span class='ocrx_word' id='word_1_422' title='bbox 1481 2295 1683 2324; x_wconf 71' lang='lat' dir='ltr'>concedendum</span> <span class='ocrx_word' id='word_1_423' title='bbox 1696 2295 1710 2322; x_wconf 76' lang='lat'>2?</span> 
     </span>
    </p>
   </div>
   <div class='ocr_carea' id='block_1_14' title="bbox 1226 2394 1968 2652">
    <p class='ocr_par' dir='ltr' id='par_1_19' title="bbox 1226 2394 1968 2652">
     <span class='ocr_line' id='line_1_92' title="bbox 1265 2394 1967 2430; baseline 0.001 -9"><span class='ocrx_word' id='word_1_424' title='bbox 1265 2397 1273 2421; x_wconf 89' lang='grc'>1</span> <span class='ocrx_word' id='word_1_425' title='bbox 1299 2395 1449 2422; x_wconf 86' lang='lat' dir='ltr'>innocentii</span> <span class='ocrx_word' id='word_1_426' title='bbox 1469 2394 1514 2421; x_wconf 75' lang='lat' dir='ltr'>xil</span> <span class='ocrx_word' id='word_1_427' title='bbox 1539 2396 1648 2422; x_wconf 82' lang='lat' dir='ltr'>constit.</span> <span class='ocrx_word' id='word_1_428' title='bbox 1667 2395 1709 2421; x_wconf 92' lang='lat' dir='ltr'>ed.</span> <span class='ocrx_word' id='word_1_429' title='bbox 1727 2401 1872 2430; x_wconf 74' lang='lat' dir='ltr'>MDcxcvlu,</span> <span class='ocrx_word' id='word_1_430' title='bbox 1893 2395 1937 2422; x_wconf 86' lang='lat' dir='ltr'>die</span> <span class='ocrx_word' id='word_1_431' title='bbox 1951 2396 1967 2423; x_wconf 83' lang='lat'>9</span> 
     </span>
     <span class='ocr_line' id='line_1_93' title="bbox 1226 2439 1967 2475; baseline 0 -9"><span class='ocrx_word' id='word_1_432' title='bbox 1226 2440 1343 2475; x_wconf 83' lang='lat' dir='ltr'>augusti.</span> <span class='ocrx_word' id='word_1_433' title='bbox 1364 2439 1456 2474; x_wconf 80' lang='lat' dir='ltr'>pontis.</span> <span class='ocrx_word' id='word_1_434' title='bbox 1479 2445 1536 2473; x_wconf 77' lang='lat' dir='ltr'>vni,</span> <span class='ocrx_word' id='word_1_435' title='bbox 1559 2439 1745 2466; x_wconf 82' lang='lat' dir='ltr'>confirmatum</span> <span class='ocrx_word' id='word_1_436' title='bbox 1761 2439 1811 2466; x_wconf 85' lang='lat' dir='ltr'>suit</span> <span class='ocrx_word' id='word_1_437' title='bbox 1826 2439 1967 2467; x_wconf 81' lang='lat' dir='ltr'>decretum</span> 
     </span>
     <span class='ocr_line' id='line_1_94' title="bbox 1226 2484 1968 2519; baseline 0 -8"><span class='ocrx_word' id='word_1_438' title='bbox 1226 2485 1259 2511; x_wconf 86' lang='lat' dir='ltr'>de</span> <span class='ocrx_word' id='word_1_439' title='bbox 1278 2485 1433 2511; x_wconf 78' lang='lat' dir='ltr'>interventu</span> <span class='ocrx_word' id='word_1_440' title='bbox 1453 2485 1632 2519; x_wconf 88' lang='lat' dir='ltr'>quorumdam</span> <span class='ocrx_word' id='word_1_441' title='bbox 1660 2484 1688 2510; x_wconf 91' lang='lat' dir='ltr'>in</span> <span class='ocrx_word' id='word_1_442' title='bbox 1709 2484 1827 2519; x_wconf 85' lang='lat' dir='ltr'>capitulo</span> <span class='ocrx_word' id='word_1_443' title='bbox 1854 2485 1968 2519; x_wconf 77' lang='lat' dir='ltr'>provin-</span> 
     </span>
     <span class='ocr_line' id='line_1_95' title="bbox 1226 2527 1965 2561; baseline 0 -6"><span class='ocrx_word' id='word_1_444' title='bbox 1226 2529 1303 2560; x_wconf 86' lang='lat' dir='ltr'>ciali;</span> <span class='ocrx_word' id='word_1_445' title='bbox 1325 2532 1351 2555; x_wconf 89' lang='lat' dir='ltr'>et</span> <span class='ocrx_word' id='word_1_446' title='bbox 1369 2528 1395 2554; x_wconf 91' lang='lat' dir='ltr'>in</span> <span class='ocrx_word' id='word_1_447' title='bbox 1412 2527 1491 2554; x_wconf 87' lang='lat' dir='ltr'>huius</span> <span class='ocrx_word' id='word_1_448' title='bbox 1512 2528 1646 2555; x_wconf 85' lang='lat' dir='ltr'>Pontificis</span> <span class='ocrx_word' id='word_1_449' title='bbox 1666 2532 1752 2555; x_wconf 89' lang='lat' dir='ltr'>const.</span> <span class='ocrx_word' id='word_1_450' title='bbox 1773 2528 1965 2561; x_wconf 78' lang='lat' dir='ltr'>ed.MDccv111,</span> 
     </span>
     <span class='ocr_line' id='line_1_96' title="bbox 1226 2572 1966 2607; baseline 0.001 -8"><span class='ocrx_word' id='word_1_451' title='bbox 1226 2572 1270 2599; x_wconf 90' lang='lat' dir='ltr'>die</span> <span class='ocrx_word' id='word_1_452' title='bbox 1288 2572 1322 2599; x_wconf 81' lang='lat'>25</span> <span class='ocrx_word' id='word_1_453' title='bbox 1341 2573 1410 2606; x_wconf 88' lang='lat' dir='ltr'>iulii,</span> <span class='ocrx_word' id='word_1_454' title='bbox 1431 2572 1526 2607; x_wconf 90' lang='lat' dir='ltr'>pontis.</span> <span class='ocrx_word' id='word_1_455' title='bbox 1549 2579 1603 2605; x_wconf 80' lang='lat' dir='ltr'>vin,</span> <span class='ocrx_word' id='word_1_456' title='bbox 1626 2572 1784 2599; x_wconf 84' lang='lat' dir='ltr'>conceditur</span> <span class='ocrx_word' id='word_1_457' title='bbox 1801 2580 1848 2600; x_wconf 76' lang='lat' dir='ltr'>vox</span> <span class='ocrx_word' id='word_1_458' title='bbox 1863 2572 1966 2600; x_wconf 79' lang='lat' dir='ltr'>delibe-</span> 
     </span>
     <span class='ocr_line' id='line_1_97' title="bbox 1226 2617 1695 2652; baseline -0.004 -6"><span class='ocrx_word' id='word_1_459' title='bbox 1226 2618 1311 2646; x_wconf 79' lang='lat' dir='ltr'>rativa</span> <span class='ocrx_word' id='word_1_460' title='bbox 1329 2617 1476 2652; x_wconf 78' lang='lat' dir='ltr'>praedictis</span> <span class='ocrx_word' id='word_1_461' title='bbox 1495 2617 1695 2645; x_wconf 81' lang='lat' dir='ltr'>definitoribus.</span> 
     </span>
    </p>
   </div>
  </div>
 </body>
</html>
