2269 3203
284 251 334 279 An.
353 250 381 278 G.
406 249 471 277 1713

518 240 581 275 584

477 299 553 333 tiam
579 301 611 333 in
637 301 751 334 eadem
783 301 1051 344 Congregationc,
1076 299 1212 333 sublatis

476 354 727 397 impedimentis,
754 364 943 398 promovere
969 353 1150 396 cupientes,
1176 363 1212 386 ac

475 407 620 450 ipsorum
646 407 877 450 exponentium
903 406 983 440 votis
1016 406 1078 439 bac
1104 405 1136 438 in
1163 416 1209 446 re,

476 464 634 502 quantum
659 469 730 492 cum
763 459 897 492 Domino
922 467 1104 502 possumus,
1126 457 1213 490 savo-

475 510 622 544 rabiliter
661 521 805 544 annuere
843 512 998 551 volentes,
1035 520 1211 553 corumque

475 562 658 607 singulares
682 574 842 607 personas
868 575 884 596 a
902 563 1068 607 quibusvis
1089 574 1214 597 excom-

475 615 711 657 municationis,
737 616 963 660 suspensionis
982 621 1014 649 et
1030 615 1211 656 interdicti,

476 670 612 713 aliisque
634 669 862 703 ecclesiasticis
895 669 1078 710 sententiis,
1100 679 1213 702 censu-

475 723 518 755 ris
551 728 582 756 et
614 723 746 767 poenis,
772 734 788 756 a
814 723 883 756 iure
915 723 963 756 vel
997 723 1036 755 ab
1068 722 1212 763 homine,

477 775 589 819 quavis
606 776 778 809 occasione
793 777 842 809 vel
868 777 963 808 causa
985 775 1069 815 latis,
1093 775 1118 807 si
1136 775 1209 818 qui-

474 830 534 862 bus
567 828 815 873 quomodolibet
852 829 1027 862 innodatae
1061 828 1210 869 existant,

474 882 513 915 ad
547 881 694 915 ell'ectum
719 882 937 925 praesentium
960 881 1124 914 dumtaxat
1140 891 1213 914 con-

474 935 702 979 sequendum,
732 935 847 968 harum
881 934 964 968 serie
1004 934 1211 967 absolventes

474 993 506 1022 et
533 989 699 1022 absolutas
722 988 791 1021 sore
818 992 1001 1028 censenteS,
1026 986 1211 1019 huiusmodi

473 1041 767 1086 supplicationibus
790 1040 947 1081 inclinati,
976 1040 1015 1073 de
1040 1040 1213 1073 nonnullo-

474 1106 544 1128 rum
582 1093 815 1127 venerabilium
855 1093 986 1126 fratrum
1027 1097 1211 1126 nostrorum

473 1147 600 1181 S.R.E.
627 1146 839 1180 cardinalium
863 1156 880 1178 a
905 1146 999 1179 nobis
1025 1145 1212 1190 specialiter

473 1201 713 1245 deputatorum,
739 1199 793 1242 qui
819 1210 887 1232 rem
917 1204 1039 1232 mature
1071 1209 1212 1243 perpen-

474 1254 599 1294 derunt,
627 1253 775 1294 consilio,
802 1252 1024 1286 delinitorium
1054 1253 1208 1296 generale

474 1307 619 1341 eiusdem
646 1305 915 1349 Congregationis
934 1305 964 1338 in
982 1311 1149 1349 posterum
1171 1316 1208 1338 ex

474 1360 591 1394 vicario
616 1359 760 1403 generali
787 1359 935 1402 proxime
957 1359 1117 1399 absoluto,
1137 1369 1209 1402 qua·

475 1420 547 1446 tuor
572 1412 799 1446 definitoribus
825 1418 855 1444 et
882 1411 1016 1444 totidem
1043 1411 1209 1444 visitatori-

474 1467 532 1500 bus
549 1465 811 1499 constituendum
831 1475 910 1505 csse,
933 1471 964 1497 et
984 1470 1155 1509 propterea
1176 1466 1207 1498 in

474 1531 513 1554 eo
539 1519 730 1553 ex-vicarios
757 1519 941 1561 (reservata
972 1524 1078 1552 tamen
1113 1519 1209 1552 sacul-

475 1578 537 1606 tate
564 1571 804 1605 interveniendi
831 1572 935 1605 solum
960 1571 1023 1605 illis
1049 1572 1103 1616 qui
1137 1582 1208 1605 eum

474 1625 535 1659 hac
561 1624 716 1668 qualitate
754 1624 1003 1658 ex-vicariorum
1042 1625 1080 1657 de
1118 1635 1209 1669 prae-

474 1677 558 1711 senti
591 1677 822 1720 reperiuntur)
852 1687 915 1710 non
946 1687 1015 1710 esse
1041 1677 1209 1710 admitten-

474 1730 542 1771 dos,
560 1729 755 1763 auctoritate
781 1730 967 1773 apostolica,
990 1734 1102 1763 tenore
1121 1740 1210 1773 prae-

473 1783 639 1823 sentium,
672 1783 878 1816 deceruimus
909 1788 940 1816 et
986 1783 1207 1824 declaramus,

473 1836 639 1881 quodque,
669 1841 816 1879 respectu
847 1836 1035 1869 eorui‘udem
1064 1837 1207 1879 vicesge-

473 1888 613 1922 rentium
635 1888 950 1929 constituendorum,
968 1889 1156 1921 constitutio
1178 1889 1209 1922 in

474 1952 544 1986 cap.
572 1941 687 1984 xxx1,§
718 1941 748 1982 6,
781 1947 831 1982 et,
863 1948 1023 1985 quatenus
1048 1952 1130 1985 opus
1156 1942 1208 1982 sit,

474 2004 545 2027 eam
571 1994 779 2034 declarando,
807 1995 1010 2028 observetur.
1038 1995 1210 2028 Praeterea

474 2057 538 2080 non
554 2057 652 2090 posse
668 2047 820 2080 constitui
839 2047 1093 2090 vieesgerentem
1112 2058 1211 2080 unum

474 2106 529 2134 aut
552 2101 665 2144 plures
691 2101 722 2134 in
748 2101 881 2134 diversis
898 2101 1109 2144 primodictae
1135 2101 1212 2134 Con-

474 2153 673 2196 grcgationis
699 2154 855 2197 partibus,
881 2154 942 2187 nisi
962 2158 1051 2187 extra
1076 2153 1212 2196 Congre-

473 2206 646 2248 gationcm‚
674 2212 730 2239 aut
767 2207 793 2239 si
827 2207 867 2240 ad
893 2207 994 2250 ipsius
1025 2206 1211 2250 Congrega-

476 2258 573 2291 tionis
599 2265 742 2292 extrema
760 2261 828 2293 loca
846 2260 995 2293 vicarium
1022 2261 1209 2302 generalem

473 2313 519 2346 irc
545 2312 729 2355 contigerit,
747 2318 779 2345 et
800 2320 889 2346 extra
912 2313 1016 2347 dictos
1034 2323 1127 2346 casus
1145 2324 1209 2346 non

472 2375 570 2409 posse
595 2365 749 2398 constitui
776 2366 837 2399 nisi
863 2377 961 2399 unum
991 2367 1023 2398 in
1051 2366 1210 2398 Lombar-

473 2418 547 2458 dia,
573 2418 598 2450 si
631 2418 715 2450 ultra
748 2424 875 2451 montes
910 2418 1075 2462 Apeninos
1112 2419 1208 2451 etiam

472 2470 557 2503 intra
570 2469 864 2512 Congregationem
883 2470 984 2514 ipsam
1006 2471 1107 2511 iverit,
1127 2481 1208 2514 quae

473 2522 637 2567 deputatio
684 2528 806 2555 tantum
850 2528 996 2566 tempore
1042 2523 1208 2556 absentiae

472 2575 588 2608 durare
628 2575 841 2619 intelligatur,
875 2581 908 2608 ut
939 2586 1057 2619 supra,
1086 2582 1117 2609 et
1141 2586 1207 2608 non

472 2628 625 2673 amplum,
661 2628 777 2662 harum
803 2628 886 2663 serie
923 2628 1133 2670 ordinamus;
1173 2634 1205 2662 et

1061 249 1237 275 [intumum
1264 247 1417 276 ROMANL'M

1256 301 1363 344 quoad
1400 311 1572 345 personam
1610 301 1828 346 deputandam
1858 312 1928 346 cap.
1961 307 1992 336 1v

1256 355 1328 386 rub.
1349 364 1457 395 xxviii,
1484 364 1571 386 num.
1595 355 1609 386 1
1633 354 1758 398 pariter
1782 355 1991 395 observem-3

1257 407 1410 450 quodque
1436 417 1500 440 non
1525 407 1627 450 possit
1653 406 1738 449 eligi,
1764 406 1818 450 qui
1850 418 1909 450 per
1938 418 1992 440 sex

1256 469 1358 492 annos
1397 460 1568 493 continuos
1608 470 1725 492 munus
1764 460 1994 504 quodcumque

1257 512 1486 546 iurisdictionis
1505 513 1697 553 exercuerit,
1718 513 1778 545 nisi
1798 513 1918 555 pariter
1935 523 1995 556 per

1258 564 1431 598 triennium
1457 565 1625 598 vacaverit.
1654 566 1696 598 Ac
1716 565 1851 598 ulterius
1871 565 1993 599 eisdem

1256 618 1536 660 vicesgerentibus
1584 617 1822 651 subministrari
1870 618 1992 662 aliquid

1257 666 1382 699 ratione
1409 677 1623 710 expensarum
1650 677 1666 699 a
1688 666 1916 708 conventibus,
1933 677 1993 710 pro

1256 719 1374 763 quibus
1400 719 1563 752 constituti
1589 719 1720 752 suerunt
1755 719 1993 762 vicesgerentes

1257 772 1450 814 huiusmodi,
1477 778 1513 805 ut
1536 783 1640 816 supra,
1661 772 1839 806 enunciatis
1863 772 1994 817 praedi-

1257 826 1315 859 ctis
1357 825 1531 859 Alexandri
1571 825 1836 868 praedecessoris
1877 824 1994 858 litteris

1256 878 1436 921 ceterisque
1467 878 1638 911 contrariis
1675 888 1740 911 non
1773 877 1991 919 obstantibus,

1256 931 1447 964 auctoritate
1474 936 1506 963 et
1531 936 1644 964 tenore
1661 930 1836 974 praedictis
1858 930 1994 964 interdi-

1256 984 1355 1018 cimus
1380 989 1411 1017 et
1436 984 1660 1028 prohibemus.

1299 1036 1357 1080 §le
1374 1036 1596 1070 Decernentes
1610 1036 1741 1081 pariter,
1757 1036 1888 1070 easdem
1903 1047 1993 1082 prae-

1255 1096 1364 1123 sentes
1381 1091 1505 1124 litteras
1529 1100 1662 1134 semper
1679 1090 1804 1131 firmas,
1824 1090 1946 1123 validas
1963 1096 1995 1124 et.

1255 1144 1401 1177 efficaces
1417 1143 1557 1177 existere
1577 1149 1608 1176 et
1624 1143 1704 1184 sore,
1723 1153 1864 1187 suosque
1881 1144 1992 1188 plena-

1255 1198 1320 1232 rios
1331 1203 1362 1231 et
1372 1198 1516 1240 integros
1528 1195 1659 1230 effectus
1668 1197 1777 1230 sortiri
1788 1202 1819 1230 et
1831 1197 1994 1239 obtinere,

1252 1261 1288 1284 ac
1309 1251 1385 1291 illis,
1401 1251 1440 1283 ad
1466 1261 1548 1294 quos
1573 1255 1700 1294 spectat
1718 1256 1749 1283 et
1766 1260 1825 1294 pro
1847 1256 1995 1295 tempore

1253 1304 1524 1348 quandocumque
1544 1304 1719 1347 spectabit,
1740 1304 1773 1336 in
1792 1304 1943 1338 omnibus
1964 1311 1996 1338 et

1252 1368 1312 1401 per
1333 1357 1443 1390 omnia
1466 1357 1656 1400 plenissime
1689 1356 1872 1400 suffragari,
1899 1363 1931 1391 et
1954 1359 1994 1391 ab

1252 1410 1298 1443 eis
1323 1409 1504 1453 respective
1539 1409 1770 1443 inviolabiliter
1807 1411 1992 1452 observari,

1252 1464 1362 1506 sicque
1397 1463 1429 1495 in
1464 1462 1656 1506 praemissis
1685 1473 1744 1506 per
1770 1473 1995 1508 quoscumque

1252 1516 1376 1549 iudices
1406 1515 1594 1549 ordinarios
1620 1520 1652 1547 et
1676 1515 1845 1558 delegatos
1862 1543 1870 1556 ,
1896 1516 1995 1549 etiam

1252 1579 1423 1602 causarum
1448 1568 1561 1612 palatii
1595 1569 1767 1612 apostolici
1805 1568 1995 1609 auditores,

1252 1623 1389 1656 iudicari
1415 1628 1447 1655 et
1470 1622 1599 1656 definiri
1615 1623 1746 1663 debere,
1761 1633 1797 1656 ac
1820 1622 1948 1656 irritum
1964 1628 1997 1656 ct

1253 1677 1350 1710 inane
1376 1677 1402 1710 si
1431 1686 1526 1709 secus
1547 1687 1648 1720 super
1680 1677 1731 1710 his
1760 1688 1778 1710 a
1806 1687 1993 1721 quoquam,

1253 1730 1368 1773 quavis
1393 1730 1598 1769 auctoritate,
1615 1729 1758 1763 scienter
1776 1730 1827 1764 vel
1845 1730 1996 1773 ignoran-

1254 1789 1316 1823 ter,
1343 1783 1519 1826 contigerit
1546 1783 1713 1816 attentari.

1299 1838 1313 1881 g
1338 1837 1369 1869 5.
1398 1836 1467 1870 Non
1493 1836 1698 1870 obstantibus
1719 1837 1895 1881 praedictis
1920 1837 1991 1871 Ale-

1256 1890 1367 1923 xandri
1398 1889 1663 1933 praedecessoris
1701 1890 1816 1924 litteris
1853 1890 1992 1935 aliisque

1255 1943 1445 1988 praemissis
1476 1953 1513 1976 ac
1536 1943 1824 1977 constitutionibus
1851 1948 1882 1977 et
1906 1944 1994 1978 ordi-

1256 1996 1442 2031 nationibus
1473 1996 1685 2040 apostolicis,
1714 2007 1774 2030 nec
1806 2007 1872 2031 non
1904 1996 1990 2031 Con-

1256 2049 1456 2093 gregationis
1499 2054 1531 2083 et
1569 2049 1699 2083 Ordinis
1739 2049 1962 2094 praefatorum
1982 2078 1990 2092 ,

1256 2103 1354 2136 etiam
1371 2102 1565 2143 iuramento,
1591 2102 1842 2136 confirmatione
1863 2108 1992 2147 aposto-

1254 2156 1325 2196 liea,
1353 2156 1402 2189 vel
1426 2156 1539 2199 quavis
1557 2155 1722 2189 firmitate.
1734 2156 1797 2189 alia
1820 2155 1992 2197 roboratis,

1255 2209 1384 2242 statutis
1411 2215 1443 2243 et
1470 2208 1779 2249 consuetudinibus,
1809 2208 1990 2252 privilegiis

1255 2272 1400 2305 quoque,
1418 2262 1553 2295 indultis
1574 2267 1606 2294 et
1619 2261 1737 2294 litteris
1754 2261 1944 2304 apostolicis
1958 2261 1992 2294 in

1254 2314 1452 2348 contrarium
1467 2314 1725 2358 praemissorum
1742 2314 1993 2358 quomodolibet

1255 2366 1430 2407 concessis,
1457 2366 1656 2399 confirmatis
1674 2371 1705 2399 ct
1725 2367 1906 2408 innovatis;
1924 2367 1993 2411 qui-

1253 2417 1313 2450 bus
1337 2418 1490 2451 omnibus
1520 2423 1552 2451 et
1581 2418 1736 2462 singulis,
1772 2419 1903 2452 illorum
1937 2425 1992 2453 te-

1253 2481 1349 2504 nores
1374 2471 1603 2514 praesentibus
1634 2482 1693 2514 pro
1726 2472 1825 2515 plene
1849 2477 1882 2505 et
1905 2471 1991 2505 suffi-

1252 2524 1377 2557 cienter
1394 2524 1556 2567 expressis
1572 2534 1608 2557 ac
1625 2525 1664 2558 de
1684 2525 1782 2558 verbo
1800 2526 1839 2558 ad
1854 2525 1989 2558 verbum

1251 2575 1385 2609 insertis
1411 2576 1580 2616 habentes,
1601 2577 1667 2610 illis
1692 2577 1772 2610 alias
1795 2577 1829 2610 in
1853 2587 1912 2610 suo
1938 2587 1990 2610 ro·

1250 2629 1329 2662 bore
1347 2629 1578 2674 permansuris
1605 2629 1644 2663 ad
1668 2630 1923 2676 praemissorum
1943 2630 1992 2663 ess

2005 253 2053 281 An.
2069 253 2097 280 C.
2119 252 2187 282 1713

2031 1051 2150 1075 Clausulam

2030 1847 2187 1869 emuntur-im

2003 1873 2124 1900 derogatio.
