2269 3203
922 210 1065 235 oteness
1090 208 1123 231 xi
1148 208 1195 232 1³1³.
1730 199 1794 233 853
1840 208 1889 234 An.
1906 207 1934 235 c.
1958 208 2021 235 ¹72¹

1090 256 1179 289 tione
1219 265 1390 289 causarum
1430 261 1495 289 tam
1538 256 1832 290 ecclesiasticarum

1091 321 1187 353 quam
1224 310 1434 353 profanarum
1472 310 1569 342 totius
1606 309 1831 343 Urbinatensis

1091 363 1224 396 ditionis
1256 364 1287 396 in
1320 363 1459 396 secunda
1486 369 1517 395 et
1542 363 1634 395 tertia
1673 363 1832 396 instantiis

108 214 157 242 An.
173 213 202 240 C.
225 212 289 240 1721

108 265 201 295 Μόσχε
214 275 260 295 1⁰⁶2
273 275 292 294 iu
305 261 436 294 moenia
460 260 608 304 pluribus
640 261 672 293 in
705 260 784 293 loeis
817 260 964 302 collapsa
993 263 1048 291 aut

108 302 500 349 2‘1'33053132’23collabentia
525 313 791 353 instauravimus;
819 312 887 345 eius
914 312 1048 354 insuper

108 355 168 375 uhu<
180 356 294 379 assignata,
325 366 332 372 .

108 387 166 402 mun<
180 381 293 401 smmi-„12-
305 367 429 400 civibus
443 366 523 399 iuris
537 367 707 410 utriusque
719 365 908 399 doctoribus
923 370 1046 398 certum

120 1445 245 1466 Res-*runnu*
256 1446 296 1475 pri-

111 1473 187 1518 iiiigii
197 1478 298 1522 '2⁰31ssssss
308 1486 472 1528 generalis
487 1492 518 1519 et
533 1487 572 1520 ad
586 1487 761 1530 collegium
780 1487 858 1520 iuris
877 1486 1046 1530 utriusque

111 1526 220 1545 doctorum
228 1532 239 1545 a
246 1526 298 1545 Pon·

111 1539 496 1594 pist-abusconces.doctorum,
516 1540 549 1572 in
564 1541 677 1574 eadem
695 1540 904 1574 Urbinatensi
919 1541 1047 1574 civitate

157 2345 251 2371 Bonosus
266 2352 300 2368 se·

115 2377 198 2399 quentis
222 2377 300 2394 con-21-

115 2401 201 2423 sunonis
215 2400 261 2422 lulli
273 2400 299 2422 11.

109 414 151 429 '¹¹¹’
167 411 257 428 “⁰⁶¹⁰‘'
303 419 467 463 fixumque
488 421 595 453 locum
612 420 695 453 inter
709 419 875 452 auditores
903 418 1046 450 tribuna-

303 474 392 513 lium,
409 483 490 516 quae
503 473 603 506 Rotae
623 478 865 515 nuncupantur,
882 471 1044 504 civitatum

302 531 492 559 nostrarum
510 526 660 559 Perusiae
678 532 709 558 et
726 525 903 558 Maceratae
922 525 955 557 in
976 534 1046 567 per-

301 584 440 622 petuum
459 579 710 621 assignavimus3
725 590 761 611 ac
777 588 842 611 non
858 578 901 611 ita
916 578 1045 621 pridem

301 632 390 675 pium
417 638 560 665 montem
595 631 840 664 frumentarium
870 642 943 664 cum
970 631 1044 664 dote

301 686 584 729 septingentorum
602 685 784 718 modiorum
805 684 971 724 frumenti,
989 684 1045 727 qui

302 739 479 782 quotannis
511 744 622 771 mutuo
654 738 854 782 pauperibus
887 737 956 771 dari
989 738 1045 770 de-

301 791 422 832 beant,
449 792 487 825 ad
525 791 587 825 hoc
623 797 657 824 ut
695 791 857 824 eiusmodi
897 790 1044 824 subsidio

302 845 446 889 propriis
479 844 728 878 necessitatibus
763 846 936 879 consulere
970 855 1045 888 pos-

303 899 367 932 sint
393 904 425 932 et
449 899 517 941 agri
543 899 734 942 pracsertim
760 899 920 932 culturam
953 899 1046 932 desc-

302 962 373 985 rere
388 963 452 985 non
471 958 638 994 cogantur,
653 951 748 985 certis
766 962 827 995 pro
849 953 937 985 recta
957 951 1044 985 illius

303 1006 587 1039 administratione
613 1006 747 1039 sancitis
773 1006 912 1048 legibus,
939 1005 1044 1039 erexi-

302 1070 373 1092 mus
391 1065 488 1102 atque
506 1059 956 1103 fundavimus;pluribusque
974 1059 1045 1092 aliis

303 1123 364 1146 nec
388 1104 572 1155 vulgaribus
597 1112 765 1146 benefieiis
799 1118 864 1145 tum
897 1113 1045 1146 eamdem

303 1165 442 1209 patriam
466 1171 622 1205 nostram,
650 1172 713 1198 tum
740 1165 836 1199 etiam
862 1166 1045 1209 peculiares

304 1217 392 1251 illius
410 1219 494 1251 cives
513 1219 671 1251 hactenus
688 1218 854 1261 prosecuti
873 1228 994 1259 sumus,
1016 1223 1047 1251 et

304 1271 343 1304 ad
370 1276 552 1304 extremum
576 1282 678 1315 usque
697 1272 780 1304 vitae
801 1277 929 1304 nostrae
951 1271 1046 1316 spiri-

305 1330 384 1365 tum,
411 1325 582 1358 adiurante
618 1325 763 1366 Domino,
791 1325 946 1368 prosequi
980 1336 1045 1358 non

305 1377 505 1412 desinemus.

351 1432 414 1476 56.
434 1432 524 1466 Nunc
541 1443 616 1467 vero
633 1433 671 1467 ad
686 1433 932 1468 universitatem
949 1432 1046 1467 studii

308 1592 450 1634 dudum,
473 1599 508 1626 ut
534 1594 736 1637 praefertur,
762 1600 886 1635 erecta,
919 1600 1048 1638 aposto-

305 1646 389 1680 licae
422 1652 552 1680 nostrae
594 1647 865 1681 considerationis
895 1648 1048 1681 intuitum

305 1705 545 1742 convertentes
572 1705 604 1734 et
635 1705 761 1743 gratum
786 1706 932 1734 nostrum
970 1711 1048 1744 erga

305 1753 374 1797 ipsa
406 1754 547 1786 animum
573 1753 721 1797 profiteri
755 1758 971 1798 testatumque
1009 1754 1048 1787 sa-

305 1817 378 1840 cere
400 1807 582 1851 cupientes,
601 1818 739 1851 aequum
764 1807 795 1840 in
821 1807 934 1851 primis
960 1807 1049 1840 duci-

305 1870 376 1893 mus
401 1859 451 1901 iis,
477 1871 559 1904 quae
585 1871 602 1893 a
626 1861 772 1904 pluribus
797 1860 949 1894 Romanis
967 1860 1049 1894 Pon-

306 1913 447 1947 tificibus
489 1914 799 1957 praedecessoribus
840 1915 962 1948 nostris
1008 1914 1048 1947 ad

306 1967 437 2000 illorum
464 1967 574 2008 decus,
607 1972 835 2001 ornamentum
866 1977 902 2000 ac
925 1967 1049 2000 utilita-

306 2026 369 2054 tem
394 2021 529 2064 provide
554 2025 650 2065 atque
682 2021 848 2065 sapienter
873 2021 1048 2054 constituta

307 2074 453 2115 suerunt,
491 2075 691 2118 apostolieae
724 2080 853 2108 nostrae
878 2074 1049 2108 confirma-

306 2127 403 2161 tionis
439 2127 541 2161 robur
565 2128 729 2168 adiicere,
756 2128 884 2171 aliaque
910 2129 1050 2171 desuper

306 2185 448 2214 statuere
488 2186 586 2225 atque
628 2180 803 2224 disponere
840 2181 1048 2224 quemadmo-

307 2235 383 2268 dum
407 2235 440 2268 in
464 2234 601 2269 Domino
627 2234 846 2278 conspicimus
872 2234 1049 2268 salubriter

309 2287 475 2331 expedire.

353 2342 368 2385 ἓ
393 2340 424 2375 7.
450 2343 527 2376 Cum
553 2343 671 2386 itaque,
691 2343 772 2376 sicut
792 2342 987 2386 accepimus,
1007 2342 1049 2375 se-

308 2394 379 2428 licis
418 2396 656 2429 reeordationis
693 2396 793 2429 lulius
825 2396 850 2429 ΙΙ
886 2396 1049 2429 Romanus

309 2447 467 2488 Pontifex,
484 2450 719 2492 praedecessor
735 2455 854 2490 noster,
872 2448 1050 2482 institutio-

307 2511 383 2534 nem
409 2502 545 2545 praesati
571 2503 701 2546 collegii
721 2513 737 2535 a
763 2503 927 2547 quondam
945 2502 1049 2535 Guido

308 2553 435 2588 Ubaldo
455 2553 567 2588 Urbini
594 2556 677 2589 duce
703 2555 835 2589 sactam¹
861 2566 921 2600 pro
940 2555 1051 2598 cogni-

343 2618 357 2644 1
380 2617 452 2645 Edit.
473 2617 552 2646 Main.
575 2617 639 2653 legit
657 2619 768 2654 factum
787 2620 825 2655 (R.
842 2620 890 2654 T.).

1090 418 1209 459 (causis
1235 428 1322 450 mere
1341 417 1573 450 ecclesiasticis
1600 417 1765 449 dumtaxat
1781 427 1835 449 ex-

1089 471 1218 514 ceptis)
1245 470 1388 513 benigne
1407 469 1638 513 approbaverit
1660 475 1692 501 et
1717 468 1834 501 contir-

1088 524 1232 564 maverit‚
1259 534 1294 556 ac
1319 524 1466 566 regulam
1487 523 1517 555 in
1537 523 1694 555 eiusmodi
1721 532 1833 555 eausa-

1089 588 1160 610 rum
1179 577 1343 610 decisione
1361 577 1554 610 servandam
1576 575 1832 620 praescripserit,

1088 632 1250 675 pluraque
1275 631 1338 664 alia
1363 631 1394 663 in
1422 631 1561 663 savorem
1597 629 1740 663 eiusdem
1767 630 1834 662 col-

1088 684 1165 727 legii
1192 684 1395 727 disposuerit
1424 694 1484 726 per
1509 692 1582 716 suas
1608 692 1693 715 anno
1718 692 1831 721 Mtht,

1089 748 1133 771 xli
1152 737 1308 770 kalendas
1326 736 1445 776 martii,
1464 737 1522 769 sub
1543 736 1678 780 plumbo
1698 735 1834 778 expedi-

1089 796 1135 823 tas
1161 790 1297 829 litteras,
1324 800 1463 833 quarum
1497 795 1591 823 tenor
1622 794 1670 821 est
1699 788 1752 831 qui
1785 798 1833 820 sc-

1088 843 1209 887 quitur,
1236 843 1404 876 videlieet:

1133 897 1147 940 ξ,
1165 898 1196 930 8.
1215 896 1326 930 Iulius
1344 896 1525 941 episcopus,
1540 906 1650 929 servus
1667 905 1828 928 serrorum
1902 903 2029 924 commum

1088 950 1166 990 Dei,
1194 949 1237 982 ad
1258 954 1451 993 perpetuam
1477 949 1525 982 rei
1550 949 1756 981 memoriam.
1784 931 2029 980 Adlssisslssfltfllssefffllt'

1842 985 1926 1009 collegii
1958 983 2029 1003 trede-

1088 1014 1211 1036 sacram
1236 1003 1322 1036 beati
1349 1003 1435 1036 Petri
1452 1002 1567 1036 Sedem
1590 1001 1698 1035 divina
1724 1001 1882 1044 dispo-cun
1903 1011 2027 1032 novumn„

1843 1038 1919 1063 quibus
1937 1043 1948 1062 p
1955 1043 2029 1056 rescri-

1088 1058 1205 1091 sitione
1242 1057 1420 1097 sublimati,
1459 1056 1614 1099 singulis,
1653 1065 1736 1098 quae
1773 1063 2028 1111 pr⁰¹i¹fc⁰ffifrississ¹3³ii⁰

1088 1121 1304 1154 personarum
1328 1109 1423 1143 nobis
1449 1114 1481 1142 et
1516 1109 1722 1152 Apostolicae
1756 1100 1916 1141 Sedi'sisffi
2021 1100 2030 1105 “

1090 1165 1279 1197 devotarum
1304 1174 1391 1207 pace,
1419 1163 1592 1196 commodo
1619 1168 1650 1195 et
1676 1162 1833 1205 tranquil-

1090 1219 1178 1251 litate
1203 1218 1373 1262 prosutura
1395 1217 1464 1250 sore
1486 1216 1728 1260 conspicimus,
1756 1226 1833 1259 apo-

1090 1271 1225 1304 stolicae
1251 1270 1478 1314 providentiae
1514 1269 1770 1303 sollicitudinem
1796 1268 1834 1301 li-

1089 1325 1206 1358 benter
1225 1324 1435 1364 intendimus,
1453 1329 1484 1357 et
1504 1324 1543 1356 ad
1569 1323 1698 1356 felicem
1720 1332 1833 1356 eorum

1090 1377 1355 1422 prosecutionem
1381 1383 1412 1410 et
1436 1376 1731 1417 confirmationem,
1760 1386 1834 1408 cum

1091 1443 1108 1464 a
1134 1432 1229 1465 nobis
1261 1431 1395 1475 petitur,
1430 1441 1526 1474 opem
1552 1435 1583 1462 et
1607 1440 1739 1472 operam
1776 1428 1835 1461 im-

1090 1485 1265 1529 pendimus
1289 1484 1447 1518 esficaces.
1470 1484 1553 1517 Sane
1581 1483 1726 1516 exhibita
1742 1482 1835 1515 nobis

1090 1549 1196 1582 nuper
1233 1549 1294 1582 pro
1332 1544 1424 1581 parte
1462 1537 1656 1570 dilectorum
1697 1536 1835 1569 liliorum

1091 1592 1211 1625 nobilis
1236 1591 1294 1624 viri
1315 1590 1509 1625 Guidobaldi
1530 1590 1622 1623 ducis
1641 1588 1836 1622 Urbinatew

1091 1646 1133 1679 sis
1174 1651 1206 1679 et
1244 1645 1470 1678 universorum
1510 1643 1720 1676 subditorum
1766 1642 1836 1675 eius

1090 1699 1204 1743 petitio
1230 1698 1430 1738 continebat,
1457 1697 1554 1741 quod,
1580 1697 1658 1730 lieet
1691 1695 1769 1729 olim
1794 1695 1836 1728 fe-

1092 1753 1162 1787 licis
1199 1752 1440 1786 recordationis
1466 1751 1652 1785 Alexander
1676 1750 1762 1793 Papa
1798 1749 1835 1781 Π

1091 1807 1328 1850 praedecessor
1364 1811 1485 1844 noster,
1512 1804 1650 1848 cupiens
1675 1803 1836 1837 indemni-

1093 1860 1148 1893 tati
1187 1859 1413 1892 universorum
1453 1858 1657 1891 subditorum
1701 1856 1835 1890 ducatus

1091 1912 1315 1947 L'rbinatensis
1340 1913 1522 1952 consulere,
1548 1911 1653 1955 ipsum
1679 1911 1833 1943 ducatum

1092 1966 1344 2000 L'rbinatensem
1371 1970 1403 1999 et
1427 1965 1587 1998 civitatem
1614 1963 1836 2006 Senogallien-

1092 2031 1171 2061 sem,
1197 2020 1351 2063 illiusque
1378 2019 1582 2057 districtum,
1607 2018 1647 2050 ab
1673 2017 1762 2050 omni
1789 2016 1836 2048 iu-

1092 2073 1283 2107 risdictione
1309 2073 1443 2106 rectoris
1462 2070 1649 2115 provinciae
1674 2070 1835 2103 Marchiae

1092 2127 1314 2160 Anconitanae
1333 2125 1551 2169 segregaverit
1571 2130 1603 2158 et
1623 2123 1835 2167 separaverit,

1093 2192 1128 2214 ac
1153 2186 1277 2214 eertum
1304 2180 1478 2223 collegium
1503 2180 1690 2219 doctorum,
1719 2178 1835 2210 Rotam

1092 2239 1322 2277 nuncupatam,
1348 2233 1379 2266 in
1405 2232 1621 2265 Romandiola
1645 2230 1833 2269 instituerit,

1092 2288 1131 2320 ad
1166 2286 1266 2331 quos¹
1293 2297 1406 2320 omnes
1441 2296 1555 2319 causae
1580 2285 1835 2328 appellationum

1092 2341 1124 2373 in
1151 2341 1411 2384 quibuscumque
1433 2339 1537 2372 causis
1556 2337 1785 2372 ecclesiasticis
1805 2341 1837 2370 et

1092 2394 1237 2437 profanis
1262 2394 1523 2432 devolverentur,
1551 2391 1772 2431 ordinaverit,
1804 2395 1836 2423 et

1093 2447 1179 2490 quod
1222 2453 1359 2490 propter
1403 2451 1586 2489 temporum
1626 2444 1834 2478 conditiones

1093 2500 1282 2534 huiusmodi
1298 2500 1457 2533 institutio
1472 2498 1622 2532 effectum
1643 2498 1754 2531 sortita
1768 2506 1833 2528 non

1094 2555 1208 2595 suerit;
1235 2553 1449 2586 nihilominus
1467 2553 1553 2586 idem
1573 2552 1646 2592 dux,
1665 2550 1761 2583 etiam
1781 2559 1834 2582 cu-

1131 2619 1140 2642 1
1163 2616 1278 2645 videtur
1293 2615 1437 2651 legendum
1452 2615 1489 2642 ad
1505 2615 1580 2650 quod
1597 2619 1636 2649 (a.
1650 2613 1700 2647 T.).
