2269 3203
237 221 285 248 An.
306 219 420 247 c.1710
464 209 528 244 380

264 441 385 462 ctausutae.

432 267 630 311 exemplaria
654 267 715 301 sihi
741 267 786 300 sic
811 266 926 300 tradita
958 266 1044 300 illico
1075 267 1166 300 flam—

432 321 492 354 mis
517 321 642 354 aboleri
674 326 801 354 curent.
833 321 867 353 ln
899 320 1095 353 contrarium
1129 320 1172 353 sa-

433 374 594 406 cientihus
606 384 670 406 non
681 373 884 406 obstantibus
894 373 1168 416 quibuscumque.

477 427 491 470 §
516 425 547 458 2.
586 426 626 459 Ut
663 431 771 459 autern
810 426 945 458 eaedem
984 430 1172 468 praesentes

434 480 562 513 litterae
602 479 640 512 ad
680 479 823 512 omnium
860 477 1006 511 notitiam
1048 477 1171 511 facilius

433 533 690 577 perducantur,
728 542 788 565 nec
828 532 1002 574 quisquam
1042 531 1172 564 illarum

434 586 650 630 ignorantiam
675 587 815 628 allegare
834 585 944 628 possit,
961 585 1121 623 volumus,
1143 590 1174 617 et

435 639 626 673 auctoritate
652 638 817 682 praedicta
843 638 1047 670 decernimus
1067 665 1074 678 ‚
1101 638 1172 670 illas

435 693 474 726 ad
499 693 604 725 valvas
631 691 783 725 basilicae
810 691 970 735 Principis
1003 692 1173 734 Apostolo-

434 755 504 778 rum
545 755 580 778 ac
605 744 825 778 Cancellariae
851 744 1072 787 apostolicae,
1098 754 1173 777 nec-

434 808 501 830 non
526 797 640 831 Curiae
667 798 830 840 generalis
856 797 972 830 Montis
1005 797 1172 836 Citatorii,

435 856 465 883 et
490 851 523 884 in
550 851 619 884 acie
646 850 855 894 Campillorae
884 851 922 883 de
948 849 1032 883 Urbe
1058 860 1119 893 per
1144 861 1173 883 a·

435 904 556 948 liquem
582 916 617 938 ex
644 905 831 938 cursoribus
856 904 989 944 nostris,
1016 910 1049 937 ut
1074 904 1174 937 moris

435 963 495 997 est,
521 958 686 1001 publicari,
713 957 910 1000 illarumque
935 957 1083 1000 exempla
1115 957 1173 989 ibi-

436 1011 507 1044 dem
534 1011 625 1044 affixa
652 1010 804 1054 relinqui,
828 1011 874 1043 sic
894 1021 971 1043 vero
993 1010 1173 1053 publicatas

435 1074 550 1096 omnes
577 1069 609 1096 et
633 1063 777 1106 singulos
797 1091 804 1103 ‚
833 1073 911 1106 quos
947 1068 1172 1103 concernunt,

435 1116 573 1159 perinde
599 1115 725 1149 afficere
752 1121 783 1149 et
801 1121 937 1156 arctare,
956 1126 992 1149 ac
1010 1116 1033 1148 si
1049 1115 1173 1148 unicui-

436 1179 499 1212 que
525 1169 655 1202 illorum
680 1170 899 1213 personaliter
923 1168 1106 1202 notificatae
1143 1174 1174 1202 et

435 1222 600 1255 intimatae
627 1222 776 1255 fuissent.
796 1222 940 1266 Ipsarum
959 1227 1067 1255 autem
1086 1233 1174 1265 prae-

436 1276 576 1308 sentium
600 1275 785 1308 litterarum
803 1276 1026 1319 transumptis,
1046 1286 1104 1308 seu
1125 1286 1173 1309 ex-

436 1328 561 1372 emplis,
588 1328 685 1361 etiam
711 1329 888 1372 impressiS,
918 1340 1013 1362 manu
1039 1329 1173 1362 alicuius

435 1381 554 1415 notarii
571 1383 693 1425 publici
713 1383 915 1426 subscriptis,
936 1388 967 1415 et
984 1382 1091 1425 sigillo
1106 1393 1173 1426 per·

436 1445 535 1469 sonae
553 1435 586 1468 in
605 1435 822 1468 ecclesiastica
840 1436 996 1478 dignitate
1015 1436 1173 1469 constitu-

435 1494 484 1522 tae
499 1489 641 1529 munitis,
651 1489 797 1522 eamdem
807 1499 939 1532 prorsus
953 1489 1051 1522 fidem
1066 1489 1173 1523 tamin

435 1541 555 1575 iudicio
574 1552 670 1585 quam
689 1547 778 1575 extra
795 1542 875 1575 illud
892 1542 1011 1586 ubique
1029 1544 1173 1576 locorum

435 1594 586 1635 haberi¹‚
606 1606 688 1638 quae
715 1595 892 1628 haberetur
916 1596 993 1639 ipsis
1022 1591 1173 1639 praesen‘ss

437 1648 521 1680 tibus
546 1649 572 1680 si
598 1648 705 1681 forent
731 1648 895 1682 exhibitae
921 1650 970 1682 vel
1008 1655 1169 1682 ostensae.

478 1701 591 1734 Datum
615 1701 748 1741 Romae,
774 1702 859 1745 apud
884 1701 915 1734 S.
942 1702 1088 1742 Petrum,
1115 1702 1172 1735 sub

435 1756 556 1788 annulo
582 1755 775 1795 Piscatoris,
813 1756 864 1788 die
899 1765 982 1789 xxvn
1015 1755 1172 1788 februarii

433 1817 560 1848 Muccx,
586 1808 793 1851 pontificatus
818 1809 920 1841 nostri
946 1819 1031 1841 anno
1058 1819 1086 1841 x.

470 1870 529 1897 Dat.
552 1870 596 1898 die
616 1870 648 1897 27
670 1870 802 1898 februarii
825 1871 909 1905 1710,
930 1871 1029 1906 pontif.
1052 1879 1123 1898 anno
1145 1879 1171 1898 x.

714 2041 885 2077 cxxxvii.

435 2126 646 2161 flammantur
660 2132 688 2161 et
698 2128 916 2171 prohibentur
931 2127 1007 2161 libri
1019 2128 1077 2160 sub
1096 2128 1172 2161 titu-

480 2180 521 2213 lis
546 2180 682 2224 Ragioni
704 2182 756 2214 del
782 2192 884 2224 regno
903 2182 934 2214 di
955 2181 1082 2225 Napoli,
1102 2191 1168 2214 ecc.

478 2233 522 2266 De
557 2244 591 2266 re
623 2233 852 2275 beneficiaria,
888 2240 948 2268 etc.
981 2234 1171 2268 Considera-

478 2286 563 2320 zioni
596 2287 953 2331 teologico-politiche,
982 2297 1061 2328 ecc„
1080 2292 1170 2330 parte

478 2340 584 2383 prima
595 2340 617 2372 ⁹.

471 2439 483 2464 1
506 2436 576 2464 Edit.
597 2436 680 2464 Main.
702 2436 767 2471 legit
785 2437 928 2465 habeatur
949 2438 988 2471 (R.
1008 2437 1057 2470 T.).

469 2481 486 2508 2
518 2481 715 2508 Constitutione
748 2481 921 2516 praecedenti
950 2481 1093 2507 damnatus
1121 2480 1171 2507 suit

434 2526 502 2553 liber
524 2526 680 2561 Rayionia
691 2534 747 2560 pro
758 2526 833 2553 della
845 2525 913 2553 citla
928 2525 958 2552 di
967 2524 1085 2560 Napoli,
1097 2533 1168 2558 ecc.;

434 2575 462 2598 et
481 2574 567 2598 const.
587 2579 644 2606 seq.
666 2570 754 2598 denuo
777 2570 919 2597 damnatur
943 2568 1096 2604 praedictus
1117 2573 1170 2596 ter-

434 2616 486 2643 tius
505 2615 593 2651 liber,
614 2619 639 2643 et
660 2615 785 2650 explicite
806 2614 864 2642 eius
884 2613 1007 2642 secunda
1022 2622 1105 2649 pars.

1014 217 1194 242 BULLARIUM
1204 256 1207 259 Ι
1218 217 1375 242 ROMANUM

1426 267 1560 294 Clemens
1585 265 1666 301 Papa
1684 265 1738 299 xt,

1333 313 1369 340 ad
1389 314 1564 346 perpetuam
1585 310 1630 338 rei
1651 309 1835 338 memoriam.

1259 373 1318 416 §¹¹-
1337 373 1424 413 Cum,
1451 373 1533 405 sicut
1557 371 1652 405 nobis
1678 371 1831 411 innotuit,
1849 371 1880 403 in
1906 371 1954 404 lu-

1216 436 1286 459 cem
1306 426 1489 470 prodierint
1506 424 1655 458 nonnulli
1676 424 1749 458 libri
1769 425 1828 457 sub
1851 423 1952 457 titulis

1216 478 1428 522 infrascriptis
1454 478 1624 511 videlicet:
1651 477 1712 510 1.“ς
1736 476 1879 520 Raqiom’
1902 475 1954 509 del

1214 542 1312 574 reqno
1338 531 1372 564 di
1396 531 1517 575 Napoli
1536 531 1626 564 nella
1645 541 1744 564 causa
1761 530 1807 563 de'
1819 530 1892 563 suoi
1908 529 1955 563 he-

1216 585 1308 627 nefici
1330 584 1547 623 ecclesiastici,
1576 584 1631 617 che
1650 584 1679 616 si
1700 582 1866 616 trattanel
1885 581 1956 616 real

1216 638 1351 670 concilio
1363 637 1449 671 della
1459 637 1582 670 Maesta
1595 636 1647 669 del
1656 647 1689 669 re
1706 639 1918 669 nuovamente
1934 645 1956 668 a

1217 691 1263 724 tal
1275 691 1374 734 affare
1388 690 1548 732 ordinato,
1563 690 1773 733 xv1119iu9n0
1786 699 1952 730 nnecvnu

1216 743 1276 776 02.OE
1307 744 1352 777 De
1393 754 1427 776 re
1467 743 1671 786 beneficiaria
1714 743 1955 777 dissertationes

1217 802 1289 837 tres,
1312 797 1370 829 ubi
1391 796 1500 831 Caroli
1527 796 1584 830 III
1604 797 1719 830 Austr.
1737 796 1833 840 Hisp.
1858 796 1955 840 reqis,

1213 850 1275 893 pii,
1291 849 1404 892 felicis,
1428 850 1568 890 victoris,
1594 849 1665 883 PP.
1691 849 1873 893 Augustini
1890 849 1955 882 edi-

1216 907 1323 941 ctum,
1351 913 1414 946 quo
1438 904 1604 945 fructuum
1637 903 1805 946 capionem
1837 903 1873 935 in
1907 912 1956 935 sa-

1216 955 1366 988 cerdotiis
1391 959 1598 988 eacternorum
1623 959 1651 987 et
1676 955 1871 998 vayantium
1895 954 1957 987 cle-

1216 1008 1359 1040 ricorum
1380 1007 1486 1048 iubet,
1509 1011 1572 1040 tum
1589 1017 1726 1047 summo,
1752 1011 1818 1040 tum
1836 1007 1956 1050 optimo

1217 1061 1288 1094 iure
1312 1065 1393 1094 recle
1414 1064 1512 1104 atque
1536 1059 1649 1093 ordine
1672 1061 1796 1103 factum
1826 1060 1956 1093 demon-

1216 1118 1351 1147 stratur.
1380 1114 1447 1147 Reoe
1470 1114 1530 1157 qui
1553 1113 1638 1146 sedet
1662 1113 1698 1146 in
1723 1107 1804 1146 solio
1839 1113 1959 1146 iudicii

1216 1167 1356 1212 dissipat
1372 1177 1465 1199 omne
1481 1166 1608 1199 malum
1627 1166 1754 1199 intuitu
1775 1176 1832 1200 suo
1847 1166 1954 1209 (Prov.

1216 1220 1291 1263 20),
1318 1230 1405 1253 anno
1431 1229 1593 1260 nnccvnu
1614 1219 1675 1253 3⁰⁵
1695 1219 1959 1254 Considerazioni

1219 1273 1542 1316 teoloqe'co-poliliclze
1573 1274 1654 1315 fatte
1684 1283 1702 1306 α
1726 1283 1786 1317 pro
1810 1272 1898 1316 deyti
1925 1282 1956 1305 e-

1216 1326 1295 1359 dicti
1326 1327 1360 1358 di
1392 1326 1423 1359 S.
1460 1326 1502 1358 M.
1540 1326 1700 1359 Cattolz'ca
1732 1327 1864 1359 intorno
1892 1326 1957 1360 alle

1215 1378 1340 1412 rendite
1353 1379 1586 1412 ecclesiastiche
1599 1379 1652 1412 del
1662 1389 1761 1423 reyno
1778 1379 1813 1411 di
1822 1378 1955 1422 Napoli,

1214 1437 1307 1475 parte
1328 1433 1452 1476 prima,
1480 1432 1647 1465 nell'amzo
1671 1442 1834 1467 unccvm:
1861 1442 1957 1466 vene-

1218 1485 1338 1519 rabiles
1363 1496 1438 1519 vero
1464 1486 1579 1519 fratres
1606 1486 1710 1519 nostri
1735 1485 1767 1519 S.
1784 1485 1868 1519 RE.
1889 1495 1957 1519 car-

1217 1539 1341 1572 dinales
1361 1540 1391 1571 in
1411 1540 1475 1572 tota
1500 1539 1667 1582 republica
1685 1539 1863 1572 christiana
1880 1549 1956 1573 con-

1218 1598 1264 1625 tra
1289 1592 1484 1626 haereticam
1510 1593 1701 1635 pravitatem
1719 1593 1889 1635 generales
1908 1593 1957 1626 in-

1218 1645 1391 1689 quisitores
1416 1657 1432 1678 a
1457 1645 1539 1678 Sede
1565 1646 1753 1688 Apostolica
1770 1645 1957 1689 specialiter

1219 1699 1389 1742 deputati,
1421 1699 1538 1732 auditis
1575 1700 1732 1732 librorum
1769 1698 1955 1733 huiusmodi

1218 1752 1362 1784 censuris
1379 1751 1438 1784 sibi
1456 1751 1578 1791 relatis,
1596 1751 1682 1792 illos,
1702 1758 1864 1795 tamquam
1882 1762 1956 1785 con-

1219 1806 1358 1838 tinentes
1383 1804 1624 1848 propositiones
1651 1805 1771 1845 salsas,
1797 1806 1882 1838 male
1907 1815 1956 1839 so-

1217 1865 1331 1892 nantes
1351 1885 1358 1898 ,
1384 1858 1570 1891 temerarias
1586 1885 1593 1898 ‚
1632 1857 1804 1891 seditiosas
1821 1885 1829 1899 ‚
1867 1868 1955 1891 erro-

1217 1923 1314 1953 neas,
1342 1912 1418 1945 Sedi
1443 1911 1647 1955 Apostolicae
1671 1911 1859 1953 iniuriosus,
1883 1913 1955 1945 uni-

1219 1966 1290 1998 tatis
1316 1971 1347 1998 et
1371 1964 1529 2008 primatus
1543 1964 1689 1998 eiusdem
1706 1963 1738 1997 S.
1759 1964 1796 1997 It.
1816 1964 1849 1997 E.
1867 1974 1955 1998 ever-

1217 2019 1299 2052 sivas
1318 2046 1326 2059 ,
1351 2018 1511 2051 libertatis
1538 2023 1569 2050 et
1604 2017 1815 2051 immunitatis
1852 2019 1955 2052 eccle·

1216 2072 1363 2105 siasticae
1387 2071 1519 2115 penitus
1536 2070 1767 2113 destructivas,
1788 2075 1954 2115 suspectas

1216 2126 1255 2159 de
1281 2126 1437 2166 haeresi,
1473 2125 1642 2158 schismati
1668 2130 1699 2158 et
1724 2124 1853 2158 haeresi
1877 2135 1953 2168 pro-

1214 2179 1326 2220 ximas,
1354 2179 1418 2211 imo
1440 2179 1538 2211 etiam
1557 2178 1739 2211 haereticas
1760 2177 1952 2221 respective,

1215 2232 1347 2264 omnino
1372 2231 1572 2264 damnandos
1591 2237 1623 2263 et
1638 2230 1863 2274 prohibendos
1880 2239 1951 2263 esse

1214 2285 1422 2318 censuerint:
1446 2284 1521 2316 hinc
1539 2289 1587 2316 est
1604 2284 1691 2327 quod
1705 2294 1775 2324 nos,
1793 2293 1852 2327 pro
1869 2293 1952 2317 com-

1213 2338 1311 2370 missa
1338 2337 1431 2371 nobis
1466 2336 1617 2369 divinitus
1654 2336 1762 2380 gregis
1798 2336 1950 2370 dominici

1214 2393 1308 2431 cura,
1336 2391 1514 2424 animarum
1550 2390 1694 2433 pretioso
1728 2390 1895 2424 salvatoris
1920 2395 1952 2424 et

1214 2443 1338 2476 domini
1363 2443 1465 2476 nostri
1490 2442 1559 2475 Iesu
1585 2442 1704 2475 Christi
1729 2443 1887 2486 sanguine
1905 2453 1951 2477 re—

1213 2497 1417 2540 demptarum
1441 2496 1595 2540 periculis
1620 2502 1716 2540 atque
1735 2497 1949 2537 detrimentis,

1214 2561 1294 2594 quae
1312 2560 1349 2583 ex
1367 2549 1556 2583 eorumdem
1581 2549 1739 2584 librorum
1761 2551 1901 2584 lectione
1919 2555 1951 2583 et

1213 2614 1270 2637 usu
1296 2604 1468 2646 provenire
1487 2608 1632 2646 possent,
1655 2604 1813 2647 pastorali
1834 2604 1949 2638 sollici-

1965 216 2015 244 An.
2035 215 2064 244 C.
2077 215 2149 245 17¹0

1990 383 2101 405 Librorum
2121 383 2149 404 ti-

1964 410 2001 431 tuli
2034 415 2148 437 eorumque

1964 441 2074 458 censurae.
