2269 3203
82 206 135 233 An.
152 204 184 233 C.
205 205 274 234 17¹5

277 254 364 287 ducti
391 254 587 298 primaevum
613 254 784 298 religionis
815 264 893 287 suae
928 254 1016 296 rigo-

277 318 344 340 rcm
370 318 499 342 servare
524 308 733 341 laudabiliter
752 312 914 349 satagunt,
942 318 1018 350 pro-

276 361 447 403 positum,
475 361 679 404 iuvandaque
711 369 825 394 eorum
863 360 1019 403 religiosa

275 414 396 453 studia,
423 421 454 447 et
479 415 510 447 in
530 415 579 447 via
600 413 728 447 Domini
749 424 959 457 progressus,
980 413 1018 446 ab

276 466 337 498 liae
361 466 475 499 Sancta
495 467 578 500 Sede
598 467 650 509 pie
669 467 915 510 prudenterque
934 476 1019 499 ema-
1040 465 1042 495 l

275 526 415 560 nai-unt,
443 532 507 564 quo
533 521 656 554 firmius
681 521 866 561 subsistant,
893 525 1019 563 aposto-

275 574 329 607 lici
355 575 543 608 muniminis
579 575 680 608 nostri
714 574 932 618 patrocinium
965 575 1041 608 ad-'

276 628 473 670 iungamus,
504 628 587 661 sicut
622 629 655 660 in
691 628 828 661 Domino
863 628 1042 671 expedire¹

278 681 488 714 arbitramur.

319 735 334 777 ἓ
358 735 389 767 l.
416 735 542 768 Dudum
568 735 730 779 siquidem
749 736 850 770 felicis
868 737 1021 770 recorda-

105 744 220 766 tnnoemiii
240 743 265 764 Xl

79 775 212 794 constitutio.

274 847 387 874 noster
412 843 571 875 nonnulla
600 843 729 876 decreta
765 853 824 886 pro
862 844 1019 876 reforma-

274 895 363 928 tione
391 900 468 928 tunc
491 895 699 929 existentium
729 897 862 929 fratrum
888 897 1019 940 provin-

273 947 340 980 ciae
354 948 614 981 Pedemontanae
628 948 757 982 Ordinis
768 950 887 983 Beatae
902 950 1018 984 Mariae

272 1001 414 1043 Yirginis
440 1002 479 1035 de
505 1002 613 1035 Monte
628 1002 774 1036 Carmelo
792 1014 809 1036 a
828 1004 933 1036 bonae
952 1014 1018 1036 me-

273 1055 396 1088 moriae
422 1054 555 1095 Palutio,
575 1055 651 1088 dum
673 1056 761 1095 vixit,
781 1056 812 1089 S.
835 1056 872 1088 R.
896 1056 930 1089 E.
951 1067 1019 1089 car-

275 1107 376 1140 dinali
393 1107 431 1140 dc
444 1108 573 1141 Alteriis
588 1115 782 1152 nuncupato,
799 1109 875 1142 dicti
887 1109 1017 1142 Ordinis

272 1161 358 1204 apud
385 1161 538 1194 eumdem
563 1161 792 1194 Innocentium
820 1163 1017 1206 praedeces-

274 1224 382 1246 sorem
404 1220 436 1247 et
459 1214 577 1247 Sedem
606 1215 784 1257 praefatam
810 1216 1016 1258 protectore¹

273 1267 361 1300 edita
385 1278 445 1311 per
468 1278 542 1300 suas
568 1268 693 1301 litteras
720 1268 752 1301 in
783 1268 879 1302 simili
917 1270 1040 1302 format

272 1319 384 1352 Brevis
409 1320 621 1358 confirmavit,
644 1321 766 1354 tenoris
785 1321 839 1365 qui
854 1322 1015 1365 sequitur,

271 1372 426 1406 videlicet
443 1384 450 1405 :

314 1426 528 1460 Innocentius
563 1427 660 1470 Papa
695 1427 761 1467 XI,
793 1427 836 1461 ad
868 1428 1017 1471 suturam

270 1481 320 1513 rei
342 1481 547 1520 memoriam,
575 1479 701 1525 Exponi
727 1482 834 1522 nobis,
864 1483 958 1516 etc.².

305 1543 403 1570 Datum
425 1543 535 1577 Romae,
550 1543 621 1580 apud
638 1543 662 1570 S.
678 1543 791 1571 Mariam
810 1544 949 1580 Maiorem,
965 1545 1016 1572 sub

270 1588 372 1615 annulo
394 1587 557 1622 Piscator-is,
578 1588 622 1615 die
642 1595 716 1615 xxvu
737 1589 826 1616 martii
845 1595 1015 1625 ,MDCLxxmb

271 1632 446 1668 pontificatus
466 1632 553 1659 nostri
573 1640 644 1659 auno
658 1638 696 1659 xl.

128 1699 262 1723 (toxffirmrio

77 1728 262 1753 „mmmm-mut
316 1696 332 1738 ᾗ
349 1694 380 1728 2.
407 1694 487 1728 Cum
512 1701 630 1735 autem,
649 1695 732 1728 sicut
749 1695 860 1728 dilecti
880 1696 936 1729 filii
955 1697 1016 1729 sra-

77 1754 338 1802 22},¹1',',-'⁰{-¹,¹¹¹¹¹¹¹⁰'[fes
365 1748 471 1782 dictae
498 1749 685 1791 provinciae
711 1749 804 1781 nobis
829 1759 936 1792 nuper
960 1760 1015 1783 ex-

154 1798 161 1802 ’
272 1802 350 1846 poni
376 1803 532 1842 fecerunt,
558 1802 618 1846 ipsi
645 1803 726 1836 duos
752 1808 940 1844 conventus,
967 1805 1015 1837 ul-

273 1861 323 1888 tra
354 1861 419 1889 tres
455 1856 537 1889 alios
570 1866 652 1899 quos
684 1856 876 1898 possident,
908 1856 1014 1890 eidem

271 1909 460 1952 provinciae
486 1909 571 1941 uniri
592 1908 807 1949 obtinuerint,
825 1920 861 1942 ac
878 1910 1014 1952 proinde

270 1962 493 2006 praeinsertas
535 1961 715 1995 innocentii
755 1962 1015 2005 praedecessoris

1040 667 1043 685 l

277 788 375 821 tionis
400 788 609 821 Innocentius
635 789 719 832 Papa
733 789 771 822 XI
788 790 1020 832 praedecessor
1041 803 1042 816 ³

906 204 1049 229 CLEMENS
1075 204 1106 228 XI
1132 205 1180 228 rt‘.

269 2015 411 2052 litteras.
442 2026 508 2060 quo
530 2021 702 2048 serventur
727 2017 871 2049 exactius
903 2022 935 2049 et
966 2027 1015 2050 re-

270 2070 390 2112 gularis
415 2069 622 2102 observantia
646 2068 678 2101 in
704 2069 815 2102 eadem
846 2069 1015 2112 provincia

269 2122 393 2156 firmius
419 2122 588 2163 solidetur,
614 2122 814 2165 apostolicae
840 2122 1013 2156 confirma-

270 2175 367 2209 tionis
385 2182 513 2209 nostrae
530 2175 698 2219 praesidio
716 2176 908 2208 communiri
931 2187 1014 2209 sum-

270 2239 405 2272 mopere
425 2229 633 2262 desiderent:
656 2239 724 2268 nos,
744 2229 831 2272 ipsos
850 2240 1014 2272 exponen·

272 2286 320 2314 tes
338 2282 535 2325 specialibus
561 2282 724 2315 favoribus
751 2288 784 2316 et
808 2283 919 2325 gratiis
937 2294 1013 2326 pro-

273 2335 366 2377 sequi
384 2337 538 2375 volentes,
557 2342 588 2369 et
605 2346 719 2369 eorum
741 2336 924 2379 singulares
941 2347 1014 2380 per-

273 2397 369 2420 sonas
401 2399 419 2421 a
450 2389 615 2431 quibusvis
647 2390 1013 2430 excommunicationis,

273 2440 495 2483 suspensionis
521 2447 551 2474 et
578 2442 768 2483 interdicti,
795 2443 933 2487 aliisque
962 2454 1013 2476 ec-

273 2492 463 2526 clesiasticis
487 2496 673 2536 sententiis,
697 2496 842 2529 censuris
876 2502 909 2529 et
935 2507 1013 2540 poe—

310 2566 319 2590 ¹
344 2552 414 2590 Edit.
435 2563 515 2591 Main.
536 2564 599 2600 legit
615 2569 809 2600 protectorem
828 2569 868 2596 (n.
885 2568 935 2601 τ.).

309 2609 325 2636 2
343 2608 457 2643 Reliqua
475 2608 536 2637 vide
556 2613 622 2637 tom.
643 2616 705 2645 aix,
726 2618 788 2647 pag.
809 2611 855 2639 75¹
878 2612 917 2647 (a.
932 2612 981 2647 r.).

1703 196 1762 231 701
1812 204 1909 234 Aac.
1933 205 2002 233 1715

1061 253 1121 294 uis,
1139 266 1156 286 a
1178 254 1247 287 iure
1267 254 1316 287 vel
1343 254 1381 286 ab
1408 254 1556 293 homine,
1576 255 1687 297 quavis
1712 265 1805 287 occa-

1060 307 1153 340 sione
1179 308 1228 340 vcl
1254 310 1352 340 causa
1377 308 1460 347 latis,
1482 307 1507 339 si
1535 307 1653 350 quibus
1671 318 1806 350 quomo·

1063 361 1189 393 delibet
1214 361 1389 394 innodatae
1416 360 1566 397 existunt,
1591 360 1628 392 ad
1656 361 1805 393 ellectum

1040 411 1042 425 '
1062 413 1286 456 praesentium
1323 414 1491 446 dumtaxat
1514 413 1803 456 consequendum,

1064 466 1180 498 harum
1215 466 1300 499 serie
1333 467 1540 499 absolventes
1572 472 1604 498 et
1639 467 1804 499 absolutas

1063 520 1132 552 sore
1157 525 1340 559 censentes,
1368 519 1664 563 supplicationibus
1694 530 1805 552 eorum

1063 573 1196 606 nominc
1214 573 1310 605 nobis
1335 583 1435 616 super
1460 573 1522 606 lioc
1544 573 1713 605 humiliter
1731 583 1806 616 por-

1063 626 1159 658 rectis
1178 626 1337 666 inclinati,
1356 627 1396 659 de.
1414 626 1650 659 venerabilium
1670 627 1804 659 fratrum

1063 685 1250 713 nostrorum
1276 680 1305 712 S.
1332 680 1368 712 R.
1399 679 1433 712 Ε.
1464 679 1676 712 cardinalium
1709 690 1807 723 super

1063 733 1235 777 disciplina
1253 733 1393 776 regulari
1413 733 1640 776 deputatorum
1655 733 1804 773 consilio,

1062 786 1284 830 praeinsertas
1309 787 1478 819 memorati
1506 787 1686 820 innocentii
1713 798 1806 830 prae-

1064 839 1245 873 decessoris
1271 840 1406 879 litteras,
1422 851 1494 872 cum
1521 840 1671 872 omnibus
1689 846 1721 873 et
1740 840 1805 873 sin·

1063 893 1146 935 gulis
1164 893 1195 925 in
1215 893 1261 926 eis
1279 893 1442 926 contentis
1467 893 1658 926 auctoritate
1677 899 1805 936 aposto-

1062 947 1131 986 lica,
1149 953 1263 980 tenore
1282 946 1512 989 praesentium,
1527 947 1755 980 confirmamus
1772 954 1805 980 et

1062 1001 1284 1044 approbamus
1303 1006 1335 1033 et
1348 1000 1547 1039 innovamus,
1564 1001 1692 1044 illisque
1707 1001 1803 1034 invi0-

1063 1054 1168 1087 labilis
1186 1054 1385 1096 apostolicae
1409 1054 1571 1087 firmitatis
1595 1055 1698 1087 robur
1722 1054 1804 1087 adii-

1062 1108 1182 1147 cimus;
1202 1108 1287 1140 salva
1307 1112 1413 1140 tamen
1438 1117 1568 1151 semper
1587 1107 1620 1140 in
1647 1108 1803 1150 praemis-

1062 1161 1104 1193 sis
1119 1160 1310 1193 auctoritate
1324 1160 1596 1203 Congregationis
1611 1164 1801 1194 eorumdem

1061 1214 1289 1247 cardinalium.

1105 1268 1119 1311 g
1143 1268 1175 1301 3.
1198 1268 1428 1308 Decernentes‚
1449 1269 1580 1302 easdem
1607 1274 1800 1312 praesentes

1061 1321 1188 1354 litteras
1212 1331 1341 1364 semper
1366 1321 1497 1361 firmas,
1522 1322 1644 1355 validas
1671 1327 1703 1356 et
1733 1322 1800 1355 effi-

1061 1384 1152 1407 caces
1178 1374 1316 1407 existere
1343 1379 1375 1406 et
1399 1374 1467 1407 sore
1485 1401 1492 1415 ,
1518 1385 1661 1418 suosque
1693 1376 1802 1418 plena·

1061 1426 1127 1459 rios
1152 1431 1184 1459 et
1209 1427 1356 1469 integros
1382 1426 1516 1460 effectus
1541 1428 1663 1462 sortiri.
1684 1434 1715 1461 et
1744 1429 1802 1462 ob·—

1061 1480 1174 1519 tinere,
1201 1490 1238 1512 ac
1262 1479 1338 1520 illis,
1367 1480 1405 1513 ad
1432 1491 1514 1524 quos
1534 1486 1660 1524 spectat
1685 1487 1718 1514 et
1741 1492 1800 1525 pro

1062 1538 1208 1576 tempore
1243 1533 1516 1577 quandocumque
1548 1534 1734 1578 spectabit,
1768 1535 1801 1568 in

1059 1586 1209 1620 omnibus
1229 1593 1260 1620 et
1284 1598 1342 1628 per
1359 1587 1467 1621 omnia
1486 1588 1676 1631 plenissime
1693 1587 1801 1621 suffra-

1059 1639 1150 1681 gari,
1185 1645 1217 1672 et
1241 1639 1280 1672 ab
1306 1639 1352 1673 eis
1378 1640 1559 1683 respective
1593 1640 1802 1674 inviolabiter

1059 1693 1236 1732 observari,
1251 1693 1363 1736 sicque
1379 1693 1411 1725 in
1426 1693 1614 1736 praemissis
1632 1704 1693 1736 per
1706 1704 1803 1737 quos-

1058 1757 1195 1790 cumque
1220 1746 1344 1779 iudices
1365 1746 1550 1779 ordinarios
1575 1752 1607 1779 et
1624 1746 1800 1789 delegatos,

1058 1802 1157 1835 etiam
1172 1812 1341 1835 causarum
1357 1802 1468 1845 palatii
1487 1802 1659 1846 apostolici
1678 1802 1801 1836 audito·

1059 1866 1121 1895 res,
1142 1855 1277 1888 iudicari
1304 1860 1335 1888 et
1361 1854 1489 1888 deliniri
1511 1855 1632 1888 debere
1648 1882 1655 1895 ,
1674 1866 1709 1888 ac
1728 1856 1802 1888 irri-

1058 1914 1127 1941 tum
1153 1915 1185 1942 et
1209 1908 1305 1941 inane
1323 1908 1348 1940 si
1367 1918 1458 1941 secus
1483 1918 1581 1952 super
1605 1909 1656 1942 his
1681 1920 1699 1942 a
1719 1919 1801 1952 quo-

1058 1973 1154 2006 quam
1170 1990 1177 2001 ,
1203 1963 1316 2006 quavis
1349 1962 1542 1995 auctoritate
1556 1989 1564 2002 ‚
1590 1962 1731 1995 scienter
1751 1963 1800 1996 vel

1058 2017 1256 2059 ignoranter,
1283 2016 1458 2059 contigerit
1476 2016 1641 2049 attentari.

1101 2070 1115 2113 ἓ
1140 2069 1172 2102 4.
1200 2069 1270 2102 Non
1296 2069 1503 2102 obstantibus
1522 2070 1671 2103 omnibus
1690 2075 1722 2104 et
1739 2069 1800 2104 sin-

1056 2123 1141 2165 gulis
1161 2123 1237 2163 illis,
1261 2133 1344 2166 quae
1363 2122 1394 2154 in
1415 2122 1629 2165 praeinsertis
1648 2123 1800 2159 lnnocerr

1057 2176 1091 2208 tii
1118 2175 1379 2218 praedecessoris
1405 2175 1520 2208 litteris
1545 2185 1698 2209 concessa
1723 2182 1799 2211 sunt

1056 2239 1123 2262 non
1148 2229 1286 2269 obstare,
1311 2229 1495 2271 ceterisque
1522 2230 1698 2262 contrariis
1728 2231 1798 2274 qui-

1056 2283 1268 2326 buscumque.

1099 2336 1113 2379 g
1143 2336 1175 2368 5.
1208 2335 1360 2368 Volumus
1396 2340 1502 2368 autem
1540 2341 1574 2368 ut
1611 2337 1798 2370 earumdem

1054 2388 1277 2433 praesentium
1302 2388 1481 2421 litterarum
1501 2389 1723 2433 transumptis,
1740 2400 1796 2423 seu

1055 2441 1220 2486 exemplis,
1247 2441 1343 2475 etiam
1369 2441 1547 2485 impressis,
1580 2453 1678 2476 manu
1704 2444 1798 2477 alicu·

1055 2496 1104 2529 ius
1128 2495 1247 2529 notarii
1272 2496 1392 2539 publici
1419 2496 1620 2540 subscriptis,
1640 2503 1671 2530 et
1687 2497 1796 2540 sigillo

1055 2560 1218 2592 personae
1236 2550 1270 2583 in
1293 2550 1513 2584 ecclesiastica
1542 2550 1699 2592 dignitate
1721 2560 1798 2583 con-

1053 2603 1186 2637 stitutae
1222 2603 1377 2646 munitis,
1405 2603 1517 2639 eadem
1547 2613 1680 2647 prorsus
1716 2602 1797 2637 sides

1839 1273 1961 1295 Clausulas.

1880 2077 1993 2104 „erogatio

1810 2106 1924 2126 conl-rarior
1931 2112 1971 2127 uin.

1859 2343 1920 2364 rides
1936 2346 1992 2365 travi-

1808 2373 1944 2396 summorum.
