2269 3203
79 209 127 238 An.
149 210 177 237 C.
199 210 264 238 1708

80 272 148 292 ini-un·
173 278 209 298 pm
233 269 335 303 re-per
366 259 522 303 quasdam
554 269 626 292 suas
658 258 781 291 litteras
816 257 1014 301 apostolicas

80 302 197 321 ⁶¹'‘³¹'⁰⁰⁰'
275 312 399 356 optimo
425 312 555 356 quidem
581 311 720 346 consilio
745 310 919 353 collegium
956 320 1012 343 seu

275 366 483 399 seminarium
509 365 721 409 apostolicum
741 363 942 407 pontificium
965 374 1015 407 pa-

275 421 393 452 storale
419 419 582 452 Urbanum
608 423 829 461 nuncupatum
855 427 913 460 pro
932 417 1014 450 exci-

275 472 404 515 piendis
429 478 460 505 et
485 471 610 505 alendis
643 470 868 504 sacerdotibus
904 480 1015 503 saccu-

275 526 416 566 laribus,
442 531 474 558 et
505 526 599 558 etiam
637 524 764 558 clericis
801 525 839 557 ad
876 523 1015 556 maiores

276 584 385 612 tamen
404 578 535 612 ordines
553 577 636 610 infra
653 583 776 610 certum
795 582 921 620 tempus
942 587 1015 620 pro-

275 631 451 672 movendis,
467 631 561 665 bonis
575 630 732 672 moribus,
746 630 866 674 pietate
889 635 920 663 et
938 631 1015 662 sana

276 685 424 718 doctrina
446 684 613 730 praeditiS,
633 694 668 717 ex
689 683 776 718 omni
791 688 887 726 gente
905 691 937 717 et
959 694 1015 716 na-

276 738 364 772 tione
390 738 613 779 desumendis‚
653 738 691 771 ad
729 736 878 771 effeetum
917 736 1013 770 tidem

275 792 469 825 catholicam
496 797 528 825 et
560 791 773 836 apostolicam
804 791 833 823 in
868 790 1014 834 partibus

275 844 465 886 infidelium,
483 851 615 889 totoque
637 851 797 878 terrarum
811 844 899 883 orbe,
918 844 1014 877 etiam
1034 866 1036 875 i

276 910 492 947 cumkeorum
524 900 607 933 vitae
640 899 840 939 discrimine,
872 898 895 931 si
930 908 1013 941 opus

275 953 367 993 soret,
393 954 597 998 propagandi
625 959 656 987 et
682 953 850 993 dilatandi,
877 951 1037 995 eamque}

277 1007 387 1040 tuendi
414 1013 445 1040 et
470 1007 682 1041 conservandi
714 1006 745 1039 in
780 1007 818 1039 iis
850 1006 930 1040 locis
961 1005 1014 1038 uhi

276 1061 338 1093 iam
365 1066 432 1094 sata
457 1061 629 1104 reperitur,
656 1060 799 1093 erexerit
820 1065 852 1093 et
870 1059 1017 1092 institue-

276 1113 328 1155 rit,
353 1113 481 1158 aliaque
507 1113 671 1155 statuerit,
698 1114 879 1147 decreverit
903 1119 934 1145 et
965 1123 1017 1146 or-

277 1166 438 1200 dinaverit
470 1177 529 1210 pro
566 1167 650 1200 selici
685 1167 847 1210 gubernio
884 1165 1015 1208 collegii

276 1230 333 1252 seu
360 1220 525 1255 seminarii
544 1225 576 1253 et
593 1221 798 1253 alumnorum
814 1219 1014 1259 huiusmodi,

276 1278 310 1305 ut
335 1272 367 1305 in
392 1272 567 1316 praedictis
594 1273 712 1306 litteris
738 1283 837 1316 super
861 1272 925 1304 boc
950 1272 1017 1304 edi-

277 1325 316 1359 tis
341 1326 470 1369 plenius
488 1331 519 1359 et
534 1326 667 1359 uberius
693 1325 894 1359 continetur:
922 1335 1018 1368 expe-

276 1379 393 1413 rientia
425 1384 533 1413 tamen
570 1385 775 1423 compertum
804 1380 859 1418 est,
887 1378 1018 1411 iuvenes

278 1433 356 1466 istos
383 1444 418 1472 ex
444 1433 633 1476 longinquis
675 1443 711 1466 ac
737 1432 834 1466 etiam
861 1431 1018 1465 extremis

278 1487 388 1520 mundi
415 1487 560 1530 partibus
585 1487 623 1520 ad
649 1486 734 1520 idem
760 1485 937 1528 collegium
960 1496 1017 1518 seu

279 1540 492 1573 seminarium
523 1540 730 1580 accede-ntes,
757 1539 906 1582 caelique
940 1550 1018 1582 qua-

280 1594 370 1627 litate
395 1603 431 1626 ac
463 1593 547 1626 vitae
580 1593 676 1626 etiam
713 1592 839 1626 ratione
876 1592 960 1626 inter
983 1603 1040 1628 sc2

280 1647 418 1680 maxime
445 1647 601 1687 diversOS,
628 1657 664 1680 ex
692 1647 818 1680 assidua
842 1647 875 1679 in
905 1646 1018 1679 studiis

280 1711 317 1733 ac
348 1700 411 1743 piis
443 1699 605 1733 exercitiis
643 1699 865 1743 occupatione,
899 1698 1017 1742 quibus

280 1764 391 1787 eorum
418 1758 533 1786 natura
554 1758 689 1799 assueta
721 1763 788 1785 non
813 1758 890 1793 erat,
917 1752 1020 1795 gravi-

280 1813 330 1841 ter
346 1807 439 1849 affici,
460 1813 507 1847 et,
533 1806 688 1851 paulatim
707 1807 822 1840 exinde
841 1812 1016 1840 contracta-

279 1871 352 1894 rum
365 1860 605 1904 aegritudinum
617 1862 725 1900 eausa,
745 1866 795 1892 aut
812 1866 1017 1903 praemature
1040 1862 1041 1907 j

281 1914 453 1954 decedere,
482 1919 533 1947 aut
562 1913 724 1947 inhabiles
755 1914 793 1946 ad
826 1914 955 1946 labores
987 1910 1044 1954 in}

279 1968 491 2001 missionibus
517 1967 727 2000 sustinendos
748 1967 905 2007 evadere,
933 1967 1019 2010 quod
1040 1958 1042 2018 ᾗ

280 2031 347 2054 non
372 2021 489 2054 accidit
513 2019 694 2053 Germanici
718 2019 873 2063 pontificii
900 2024 1021 2053 cetero-
1041 2029 1042 2054 3

282 2085 417 2118 rumque
443 2074 599 2107 similium
625 2074 843 2116 collegiorum
870 2084 885 2105 a
912 2074 1019 2105 clarae

896 208 1035 232 ctEltENs
1062 208 1093 232 XI
1118 208 1166 232 Pr.

1695 197 1760 231 322
1807 207 1855 234 An.
1877 205 1904 234 c.
1922 206 1991 234 1708

1057 255 1269 289 cardinalium
1296 255 1434 298 negotiis
1458 255 1689 298 Propagaudae
1708 256 1795 289 Fidei
1809 270 1912 299 ¹empnam
1927 270 1994 289 am..-

1059 309 1330 353 praepositorum,
1356 320 1437 353 quae
1463 309 1607 352 cogitare
1643 314 1675 342 et
1699 297 1994 354 agere{32:3515[filiiflii

1060 373 1225 406 nunquam
1251 363 1370 396 desinit
1402 373 1440 396 ca
1472 373 1554 406 quae
1586 350 1996 406 primodicto-Zi'nflilf'sflssii'ss

1059 426 1130 448 rum
1157 416 1288 459 collegii
1321 422 1353 448 et
1377 417 1582 449 alumnorum
1608 415 1694 448 bono
1721 402 1995 458 pro-i1⁷ffffli11is¹.t.*'¹'‹¹iliif⁸.

1060 469 1163 502 sutura
1188 469 1368 512 cognoscit,
1397 469 1554 513 emptioni
1590 469 1724 501 alicuius
1751 454 1996 501 si-lliss‘kn'ssssf23'212223

1060 523 1143 555 milis
1169 523 1243 561 loci,
1270 534 1325 555 seu
1358 523 1482 563 vineae,
1514 533 1616 566 prope
1653 527 1684 554 et
1711 526 1799 554 extra
1811 508 1906 528 '¹²¹¹‘¹⁵‘³'

1060 577 1187 610 moenia
1213 576 1318 616 Urbis,
1342 576 1396 609 ubi
1423 576 1555 609 iuvenes
1576 575 1732 619 praedicti
1754 585 1801 607 sa-

1060 630 1169 663 nitatis
1194 631 1244 663 vel
1272 629 1508 662 oblectamenti
1539 631 1634 662 causa
1660 627 1802 671 quando-

1059 694 1120 727 que
1149 683 1287 716 recreari
1313 688 1345 716 et
1370 683 1454 716 vires
1479 683 1626 726 recipere
1645 683 1800 721 valerent,

1059 738 1207 781 pluribus
1222 737 1353 770 abhinc
1370 737 1463 770 annis
1481 737 1622 770 studiose
1638 735 1799 776 incubuit,

1059 796 1090 824 et
1114 801 1173 824 nos
1191 796 1358 834 postremo
1378 790 1416 823 ad
1436 790 1522 823 bunc
1541 790 1690 823 eflectum
1712 793 1801 822 scuta

1059 851 1198 887 quatuor
1222 845 1312 878 mille
1338 849 1489 877 monetae
1523 854 1676 877 romanae
1703 843 1800 876 obtu-

1059 896 1161 935 limus,
1188 901 1220 928 ut
1248 896 1317 939 ipsa
1342 895 1559 939 Congregatio
1579 900 1626 928 tot
1647 894 1800 938 expensis

1060 949 1250 983 missionum
1286 954 1499 993 praegravata
1536 948 1575 981 ab
1608 947 1800 980 huiusmodi

1061 1003 1268 1036 incommodo
1313 1002 1551 1036 sublevaretur.
1587 1001 1648 1034 Sed
1687 1011 1720 1034 re
1758 1001 1799 1034 ob

1061 1062 1253 1090 enascentes
1272 1056 1390 1100 passim
1410 1055 1616 1089 difficultates
1635 1055 1801 1097 hucusque

1062 1112 1221 1153 protracta
1250 1111 1343 1152 (nam
1369 1109 1423 1142 ubi
1451 1109 1579 1141 inventa
1612 1113 1660 1141 est
1683 1118 1802 1151 oppor-

1063 1163 1181 1196 tunitas
1214 1163 1274 1196 loci
1309 1169 1339 1196 et
1369 1162 1543 1195 salubritas
1576 1162 1671 1201 aeris,
1701 1161 1801 1194 defuit

1063 1217 1209 1249 voluntas
1252 1216 1456 1248 dominorum
1505 1215 1654 1258 proprias
1694 1214 1802 1247 vineas

1061 1270 1202 1303 alienare
1236 1270 1444 1303 renuentium
1462 1297 1469 1310 ‚
1498 1274 1529 1302 et
1559 1269 1614 1301 ubi
1651 1273 1803 1312 prompta

1062 1329 1129 1357 crat
1158 1324 1292 1363 occasio,
1327 1322 1524 1356 deficiebant
1555 1322 1729 1365 qualitates
1763 1321 1802 1354 ad

1062 1377 1273 1420 indigentiam
1300 1377 1496 1420 exoptatae),
1516 1375 1653 1409 dilectus
1672 1374 1803 1408 tandem

1063 1429 1146 1463 tilius
1171 1435 1283 1464 noster
1306 1430 1418 1463 Petrus
1444 1430 1474 1463 S.
1498 1429 1661 1463 Laurentii
1688 1429 1718 1461 in
1745 1428 1803 1461 Da-

1062 1496 1154 1518 maso
1173 1484 1351 1528 nuncupati
1366 1483 1478 1518 S.R.E.
1495 1483 1650 1516 diaconus
1661 1482 1804 1516 cardina-

1063 1539 1100 1572 lis
1114 1538 1295 1572 Ottobonus
1310 1543 1526 1581 nuncupatus,
1542 1537 1686 1570 eiusdem
1697 1536 1802 1569 S.R.E‚

1063 1591 1360 1630 vicecancellarius,
1391 1596 1487 1634 atque
1519 1601 1602 1623 unus
1633 1601 1668 1622 ex
1697 1589 1803 1622 cardi-

1063 1646 1193 1679 nalibus
1219 1645 1383 1689 praefatae
1409 1643 1690 1687 Congregationis,
1723 1643 1803 1676 adeo

1063 1700 1151 1732 utilis
1167 1702 1195 1733 et
1215 1699 1365 1732 salutaris
1383 1697 1630 1731 deliberationis
1651 1696 1801 1729 effectum

1063 1754 1201 1787 ulterius
1227 1752 1348 1786 differri
1374 1762 1439 1785 non
1465 1751 1604 1795 paticus,
1630 1751 1729 1784 menti
1767 1761 1804 1783 ac

1064 1807 1239 1839 intentioni
1264 1810 1395 1838 nostrae
1430 1810 1459 1837 et
1492 1805 1597 1838 dir-tac
1623 1804 1805 1847 Congrega-

1065 1860 1160 1893 tionis
1185 1860 1378 1897 adhaerens,
1404 1868 1531 1891 necnon
1559 1858 1628 1890 zelo
1648 1867 1805 1900 propaga-

1066 1914 1161 1946 tionis
1199 1917 1329 1945 sanctae
1364 1912 1453 1944 Fidei
1493 1916 1524 1944 et
1560 1911 1803 1944 conservandae

1064 1967 1169 2000 bonae
1188 1965 1382 1999 valetudinis
1401 1965 1604 1997 alumnorum
1624 1964 1662 1996 ad
1684 1974 1802 1996 munus

1064 2021 1291 2065 apostolicum,
1319 2018 1426 2052 divina
1451 2018 1577 2051 favente
1612 2017 1725 2060 gratia,
1750 2027 1804 2050 vo-

1040 2057 1209 2123 {catorum
1249 2073 1373 2111 ductus,
1411 2071 1537 2104 vineam
1575 2071 1607 2104 in
1644 2071 1801 2104 contrada

281 2128 459 2162 memoriae
478 2127 637 2170 Gregorio
654 2127 719 2160 Xlll
742 2127 880 2170 aliisque
899 2126 1019 2159 nostris
1041 2131 1043 2170 ζ
1066 2128 1184 2162 Dat-ioli
1210 2128 1242 2159 in
1269 2125 1475 2159 eminentiori
1502 2125 1562 2158 situ
1584 2130 1672 2158 extra
1693 2135 1802 2158 muros

282 2181 590 2225 praedecessoribus
624 2180 779 2213 Romanis
812 2179 1020 2212 Pontificibus
1041 2175 1043 2227 ξ
1066 2181 1250 2225 praedictae
1272 2179 1366 2213 Urbis
1393 2178 1543 2223 positam,
1563 2177 1647 2211 aeris
1662 2178 1805 2210 saluber-

284 2240 466 2269 erectorum
501 2234 650 2274 alumnis,
690 2243 830 2278 quorum
855 2233 1019 2274 levamini,
1042 2231 1044 2290 ᾗ
1066 2235 1150 2274 rimi,
1175 2245 1247 2267 cum
1272 2234 1393 2278 palatio
1420 2238 1452 2266 et.
1480 2232 1552 2265 aliis
1579 2231 1804 2264 mansionibus

284 2287 384 2331 quieti
410 2293 442 2321 et
465 2287 694 2331 tranquillitati
727 2287 863 2330 provide
895 2288 1023 2320 consul·
1042 2291 1044 2340 1
1066 2289 1105 2322 de
1123 2287 1330 2332 pertinentiis
1348 2285 1535 2320 monasterii
1558 2285 1706 2318 abbatiae
1727 2295 1806 2316 nun-

285 2346 352 2374 tum
378 2347 427 2375 est
445 2341 483 2374 de
502 2341 610 2384 aliquo
628 2340 667 2373 ad
684 2340 913 2373 amoenitatem
941 2341 1022 2373 sacto

285 2394 369 2435 loco,
394 2393 449 2427 ubi
474 2394 677 2427 vacationum
710 2398 857 2437 tempore
883 2394 931 2427 vel
958 2399 1021 2426 sta-

288 2447 362 2479 tutis
387 2447 478 2480 boris
510 2447 697 2481 intermisso
723 2447 830 2480 studio
863 2447 1022 2480 honestae

288 2499 500 2532 recreationis
518 2502 613 2533 causa
637 2499 853 2533 conveniunt:

122 2560 218 2581 Studium
233 2566 278 2579 ι·.Γ

95 2586 196 2607 dinanum
227 2586 279 2605 (It-n-

97 2613 221 2639 :zreeatiionis
242 2605 483 2639 vonerabilium
509 2605 644 2639 fratrum
668 2611 857 2640 nostrorum
882 2607 913 2640 S.
931 2607 968 2639 R.
989 2607 1022 2639 E.

334 2553 349 2596 ᾗ
372 2552 404 2585 9..
430 2553 511 2586 Hinc
535 2559 712 2597 propterea
735 2553 950 2597 Congregatio
976 2565 1026 2587 ve-

1066 2347 1199 2385 cupatae
1225 2340 1256 2373 S.
1280 2340 1442 2373 Laurentii
1464 2344 1555 2372 extra
1580 2348 1689 2371 muros
1716 2348 1804 2380 prae·

1067 2395 1172 2428 dictae
1197 2393 1290 2426 Urbis
1316 2393 1346 2426 S.
1376 2392 1547 2435 Augustini
1575 2391 1804 2424 canonicorum

1044 2454 1045 2486 1
1068 2447 1263 2490 regularium
1290 2456 1345 2479 seu
1370 2445 1505 2478 alterius
1536 2444 1676 2485 Ordinis,
1716 2444 1805 2476 cuius

1045 2500 1136 2545 ,ipse
1161 2500 1274 2533 Petrus
1300 2498 1474 2532 cardinalis
1507 2499 1607 2531 abbas
1641 2507 1696 2530 seu
1732 2506 1807 2540 per-

1045 2555 1185 2600 {petuus
1222 2552 1518 2586 commendatarius
1546 2561 1582 2584 ex
1616 2550 1804 2583 commenda

1045 2601 1047 2645 ῗ
1070 2605 1107 2639 ad
1139 2606 1186 2639 sui
1211 2606 1307 2639 vitam
1332 2606 1371 2638 de
1403 2604 1568 2648 praedicto
1605 2602 1805 2636 monasterio
