2269 3203
78 208 129 237 An.
149 207 178 236 C.
197 208 264 237 1707

272 257 490 291 cardinalium
518 263 548 291 et
575 258 693 291 editam
720 268 736 289 a
754 261 828 290 tunc
855 257 1015 290 existente

273 311 430 355 episcopo
467 311 692 355 Ipporegiensi
719 321 754 343 ac
793 322 809 343 a
847 310 1014 343 nonnullis

273 365 344 399 aliis
371 364 534 408 episcopis
559 370 672 397 contra
699 364 786 397 aliud
806 364 961 404 edictum,
981 370 1015 396 ut

272 418 465 462 praefertur,
493 417 692 461 publicatum
721 417 752 449 iu
780 417 866 450 dicta
887 417 1013 450 civitate

272 469 494 515 lpporegiensi
511 470 562 503 die
577 480 619 503 xu
640 470 761 503 mensis
777 469 845 503 iulii
865 479 1012 509 nucxcix,

272 535 369 567 aegre
396 524 535 557 serentes
561 523 700 566 delegati
717 533 816 567 super
841 534 1014 556 conserva-

273 579 361 612 tione
386 589 421 611 ac
447 578 609 611 reunione
636 578 796 621 regestri,
824 578 863 610 ad
891 577 1013 610 instan-

272 632 347 664 tiam
388 630 626 675 patrimonialis
671 630 835 673 generalis
882 630 932 663 die
967 641 1011 663 xu

271 684 344 717 maii
371 695 457 717 anno
483 693 569 718 ,unce
603 694 720 716 novum
747 683 919 716 ediderunt
944 678 1011 716 edi-

271 744 364 778 ctum,
390 737 467 777 sive,
499 743 533 769 ut
565 737 666 778 aiunt,
692 737 898 780 rescriptum,
926 736 1009 780 typis

271 791 456 823 mandatum
483 795 514 823 et
548 790 679 833 publice
713 790 851 829 affixum,
888 791 919 822 in
947 800 1009 833 quo

270 844 490 884 declararunt,
519 854 591 876 esse
610 854 676 877 non
695 842 841 886 potuisse
868 848 1007 876 mentem

270 896 415 930 eiusdem
441 896 677 940 archiepiscopi
705 896 809 930 edicta
846 896 934 940 prius
969 897 1008 929 ab

268 949 347 993 ipsis
372 951 578 994 promulgata
604 949 750 990 irritare,
779 955 824 990 et,
850 954 1008 992 quatenus

269 1003 445 1044 voluisset,
472 1003 504 1036 id
529 1009 695 1047 praestare
737 1013 801 1036 non
841 1002 1006 1046 potuisse;

270 1057 394 1090 nullum
409 1062 594 1101 propterea,
615 1057 801 1097 invalidum,
820 1067 855 1089 ac
880 1056 1007 1089 irritum

269 1109 371 1153 ipsius
389 1109 630 1154 archiepiscopi
645 1110 785 1143 edictum
801 1110 1008 1150 declarando,

269 1173 305 1196 ac
331 1162 467 1206 insuper
491 1163 726 1206 praecipiendo
751 1164 783 1196 in
809 1163 959 1196 omnibus
978 1169 1008 1195 et

268 1228 328 1261 per
352 1217 460 1250 omnia
477 1228 609 1251 suorum
629 1218 810 1251 edictorum
834 1218 1009 1250 observan-

269 1271 354 1312 tiam,
380 1281 445 1304 non
472 1271 624 1304 obstante
659 1272 788 1304 illorum
822 1272 1007 1305 irritatione

267 1324 349 1357 sacta
373 1335 432 1368 per
453 1324 572 1358 dictum
594 1325 888 1369 archiepiscopum,
915 1327 1004 1359 illum

267 1379 431 1412 monendo
470 1389 509 1412 ne
546 1379 677 1412 illorum
714 1380 940 1413 executionem
973 1381 1006 1414 iu

266 1435 431 1476 posterum
459 1432 614 1473 turbaret,
641 1433 699 1465 sub
722 1436 825 1477 poena
843 1434 1007 1467 reductio-

266 1486 316 1519 nis
341 1496 476 1519 suorum
502 1486 665 1520 bonorum
681 1487 930 1530 temporalium;
953 1499 1005 1521 eo-

266 1540 406 1583 demque
430 1540 528 1573 modo
546 1540 674 1573 irritum
693 1540 901 1574 declararunt
919 1541 1005 1575 aliud

267 1592 409 1626 edictum
435 1604 496 1636 per
521 1593 647 1637 aliquos
669 1604 705 1626 ex
727 1594 904 1637 episcopis,
923 1594 1005 1628 sicut

266 1645 498 1690 praemittitur,
515 1647 766 1689 promulgatum,
786 1646 934 1680 similiter
952 1648 1005 1680 dc-

267 1699 424 1733 clarando
450 1704 593 1732 mentem
619 1700 807 1733 eorumdem
842 1710 912 1733 esse
939 1711 1003 1733 non

267 1752 413 1795 potuisse
430 1753 595 1786 contrario
621 1753 728 1786 edicto
746 1753 889 1796 ipsorum
912 1753 1004 1786 iuris-

265 1804 427 1838 dictiones
464 1805 605 1846 turbare,
633 1811 674 1846 et,
700 1811 862 1850 quatenus
886 1807 1005 1839 voluis-

264 1864 349 1899 sent,
374 1869 439 1892 non
467 1859 613 1902 potuisse
640 1859 671 1891 id
697 1869 869 1903 peragere,
897 1871 1003 1904 neque

265 1912 471 1946 exactionem
499 1923 636 1946 onerum
662 1918 826 1946 certorum
860 1924 895 1947 ac
925 1915 1003 1948 solvi

264 1971 495 1999 consuetorum
521 1977 537 1998 a
569 1966 817 2010 possidentibus
854 1966 939 2000 bona
972 1967 1002 2000 in

264 2023 404 2053 catastro
431 2019 594 2063 descripta
619 2024 716 2063 atque
749 2020 930 2053 edictorum
952 2031 1005 2053 su-

263 2083 323 2117 per
358 2074 421 2108 hoc
454 2074 617 2107 editorum
644 2073 868 2107 executionem
903 2074 1004 2118 impe-

263 2127 355 2169 dire3
383 2138 420 2161 ac
444 2132 633 2171 propterea,
661 2130 783 2160 attenta
809 2127 1004 2161 notorietate

263 2180 415 2225 antiquae
440 2181 664 2224 possessionis
685 2181 798 2214 eadem
817 2191 916 2214 onera
938 2181 1006 2214 exi-

263 2235 370 2278 gendi,
393 2235 425 2267 in
452 2237 489 2268 ea
513 2235 772 2268 conservandum
799 2246 868 2268 esse
890 2235 1003 2268 ducale

263 2288 511 2332 patrimonium,
531 2299 602 2322 cum
621 2288 873 2322 inhibitionibus
887 2299 1005 2333 oppor-

264 2342 360 2383 tunis,
387 2342 621 2386 praecipiendo
646 2343 782 2387 insuper
814 2343 1003 2376 corumdem

263 2395 424 2428 laicalium
444 2396 626 2429 edictorum
645 2396 862 2429 omnimodam
889 2397 1001 2430 obser-

263 2448 412 2489 vantiam,
426 2450 484 2482 sub
499 2450 627 2492 poenis,
644 2451 751 2494 quoad
778 2450 888 2493 laicos,
907 2451 1003 2484 etiam

264 2501 500 2545 corporalibus,
528 2507 559 2535 et
583 2504 748 2538 monendo
775 2504 945 2549 episcopos
969 2512 1004 2538 ut

263 2555 467 2589 abstinerent
499 2555 538 2588 ab
575 2557 721 2590 ulteriori
760 2558 1003 2601 perturbatione

263 2610 297 2644 in
315 2608 588 2643 concernentibus
603 2613 667 2643 tam
689 2611 916 2646 executionem
937 2612 1003 2646 edi-

350 2671 431 2702 Bull.
452 2672 536 2702 Rom.
554 2687 584 2692 -
605 2672 664 2701 Vol.
680 2672 756 2701 XXI.
901 2675 935 2704 35

915 208 1054 232 CLEMENS
1082 208 1111 232 x]
1138 208 1184 231 1¹¹³.

1698 199 1761 232 0273

1059 262 1183 290 ctorum
1211 266 1305 300 quam
1332 266 1469 289 oncrum
1504 257 1714 298 exactionem,
1740 258 1798 290 suh

1059 312 1162 354 poena
1188 311 1387 344 reductionis
1409 321 1521 344 corum
1542 311 1701 344 bonorum
1726 318 1799 345 tem-

1059 365 1234 408 poralium.
1263 364 1332 398 Non
1361 365 1432 397 tulit
1457 365 1604 408 profecto
1630 365 1713 397 idem
1748 365 1797 398 ln-

1058 418 1227 451 nocentius
1240 418 1472 461 praedecessor
1483 418 1617 451 inultam
1629 429 1796 451 remanere

1059 476 1119 502 tam
1160 481 1290 513 gravem
1335 471 1580 504 ecclesiasticae
1623 471 1794 512 libertatis,

1056 528 1151 567 atque
1178 523 1412 557 iurisdictionis
1437 525 1630 565 laesionem,
1656 525 1722 564 sed,
1741 536 1797 568 ap-

1056 578 1224 621 probando
1250 578 1417 611 decretum
1445 589 1461 611 a
1487 579 1630 622 praestita
1655 578 1797 621 Congre-

1055 631 1183 673 gatione
1209 631 1422 664 cardinalium
1456 632 1516 664 hac
1546 632 1578 664 in
1605 642 1640 664 re
1674 632 1794 664 editum

1055 684 1106 717 die
1131 695 1187 718 vui
1214 684 1293 717 iunii
1320 684 1395 718 dicti
1423 684 1498 717 anni
1526 695 1623 724 unce,
1649 684 1794 718 eiusdem

1054 737 1279 771 executionem
1314 738 1565 781 archiepiscopo
1603 738 1793 771 Taurinensi

1053 790 1187 834 aliisque
1210 791 1375 835 episcopis
1392 791 1543 824 iniunxit.
1562 791 1670 825 Tenor
1688 796 1794 824 autem

1053 844 1174 877 decreti
1200 850 1245 878 est
1274 850 1306 877 ut
1332 845 1498 889 sequitur:

1808 210 1856 236 An.
1879 208 1908 235 C.
1927 209 1993 235 1707

1092 912 1322 950 Archiepiscopo
1345 913 1541 949 Taurinensi,
1571 914 1620 951 qui
1642 913 1792 951 procedat,
1834 923 1990 954 nncfssiumsa-

1051 970 1138 999 prout
1160 961 1195 990 de
1216 962 1289 998 iure,
1313 966 1372 990 tam
1397 965 1499 991 contra
1527 962 1680 1000 delegatos
1703 972 1791 1000 quam
1804 951 1991 996 2⁰.¹}„³„⁹]<⁴'‘ifi.⁸1s1‘[.ff‚³12

1051 1010 1287 1047 patrimonialem
1301 1013 1328 1039 et
1340 1011 1510 1045 romerium,
1526 1021 1577 1048 pro
1594 1011 1792 1049 publicatione
1804 1004 1852 1048 {ffi‘
1864 1003 1990 1053 ,ffi‘ssfseffss

1051 1058 1137 1086 edicti
1168 1060 1295 1088 emanati
1327 1060 1380 1088 sub
1413 1060 1459 1088 die
1492 1070 1533 1089 ΧΠ
1566 1061 1645 1097 maii,
1677 1070 1792 1088 necnon
1804 1060 1853 1077 '¹¹¹¹'-

1051 1110 1152 1135 contra
1175 1117 1276 1136 omnes
1299 1109 1348 1146 qui
1381 1110 1586 1138 executionem
1617 1109 1711 1138 eidem
1742 1109 1794 1138 de-

1051 1160 1130 1185 creto
1151 1158 1360 1195 praestiterint.
1380 1159 1621 1188 Communicetur
1648 1159 1793 1197 episcopis

1051 1207 1121 1235 ordo
1145 1207 1230 1235 datus
1249 1207 1479 1245 archiepiscopo,
1497 1212 1526 1237 et
1547 1208 1720 1245 iuiungatur
1737 1209 1792 1236 eis-

1050 1256 1125 1291 dem,
1150 1260 1189 1288 ut,
1212 1257 1241 1284 in
1265 1266 1333 1284 casu
1356 1257 1562 1294 publicationis
1584 1257 1708 1294 praefati
1731 1258 1792 1286 edi-

1050 1305 1087 1333 cti
1110 1305 1140 1333 in
1163 1313 1262 1334 eorum
1286 1306 1479 1341 dioecesibus,
1503 1306 1675 1344 procedant,
1704 1308 1793 1343 prout

1050 1356 1086 1384 de
1104 1355 1175 1386 iure,
1193 1359 1295 1384 contra
1317 1356 1459 1384 affixores
1475 1359 1504 1384 et
1521 1356 1730 1394 publicatores,
1753 1358 1792 1392 et,

1050 1408 1195 1441 quatenus
1218 1405 1254 1433 de
1277 1405 1386 1433 eisdem
1410 1414 1469 1433 non
1492 1405 1624 1442 possiut¹
1647 1407 1793 1440 constare,

1049 1454 1210 1491 procedant
1243 1454 1273 1481 in
1303 1463 1432 1491 genere,
1456 1453 1633 1482 declarando
1660 1454 1793 1482 incursos

1048 1503 1077 1530 in
1097 1512 1235 1531 censuras
1257 1512 1358 1531 omnes
1372 1503 1420 1540 qui
1436 1503 1495 1531 tale
1517 1502 1646 1531 edictum
1662 1503 1792 1540 promul-

1048 1553 1194 1590 gaverint,
1216 1552 1263 1580 vel
1279 1551 1373 1581 eidem
1396 1551 1552 1581 dederint²
1572 1552 1791 1589 executionem,

1048 1604 1076 1630 et
1098 1601 1204 1630 deinde
1226 1601 1398 1639 procedant,
1421 1603 1508 1639 prout
1530 1601 1566 1630 de
1588 1601 1666 1637 iure,
1690 1603 1792 1630 contra

1047 1659 1149 1679 omnes
1172 1650 1220 1686 qui
1243 1649 1378 1687 praefato
1401 1650 1497 1678 edicto
1526 1650 1557 1678 in
1586 1659 1685 1678 eorum
1709 1649 1790 1678 dioe-

1048 1699 1160 1728 cesibus
1184 1698 1320 1727 dederint
1343 1699 1559 1728 executionem.

1091 1756 1235 1800 Cumque
1255 1756 1358 1789 dictus
1376 1756 1657 1800 archiepiscopus,
1671 1756 1703 1789 in
1720 1767 1791 1791 exe·
1810 1774 1986 1796 31.,.,5..,f5„m„.

1838 1808 1931 1828 “lu-“7⁰1‘'
1947 1808 1985 1827 pru

1047 1809 1210 1843 cntionem
1241 1809 1384 1843 mandati
1422 1809 1483 1842 sibi
1518 1809 1664 1850 iniuncti,
1702 1802 1987 1853 astigififflfflimnem.

1047 1862 1197 1895 iussisset
1226 1862 1439 1895 monitorium
1471 1868 1585 1895 contra
1618 1863 1708 1906 ipsos
1735 1861 1987 1909 de·‡32ssss{¹⁵fii,¹}s31'ii²g

1047 1916 1172 1958 legatos
1198 1921 1229 1948 et
1253 1916 1514 1959 patrimonialem
1541 1917 1729 1958 generalem
1755 1927 1788 1949 a·
1799 1908 1883 1930 ‘stmffi'

1048 1968 1173 2012 liosque
1185 1969 1265 2002 inihi
1282 1979 1455 2012 expressos
1471 1974 1502 2001 et
1515 1970 1787 2013 comprehensos,

1048 2021 1163 2055 iisdem
1189 2022 1385 2065 assignando
1404 2022 1579 2055 terminum
1598 2023 1788 2067 quindecim

1048 2075 1175 2108 dierum
1202 2076 1240 2109 ad
1267 2076 1523 2119 comparendum
1558 2081 1588 2110 et
1614 2077 1789 2110 dicendum

1048 2140 1174 2162 causam
1202 2140 1300 2173 quare
1333 2129 1494 2163 declarari
1527 2140 1593 2163 non
1630 2130 1789 2164 deberent

1048 2183 1171 2216 incursi
1199 2184 1230 2216 in
1257 2194 1410 2217 censuras
1437 2189 1468 2216 et
1497 2194 1619 2228 poenas
1645 2195 1661 2217 a
1688 2184 1787 2217 sacris

1047 2236 1226 2270 canonibus
1242 2243 1272 2270 et
1287 2237 1478 2280 apostolicis
1494 2237 1787 2271 constitutionibus

1048 2291 1260 2323 comminatas
1279 2296 1414 2334 propter
1429 2290 1687 2334 publicationem
1699 2302 1787 2334 prae-

1049 2343 1101 2376 fati
1129 2343 1225 2376 edicti
1259 2343 1337 2376 editi
1376 2343 1426 2376 die
1457 2354 1501 2377 xli
1527 2343 1600 2376 maii
1638 2344 1786 2377 eiusdem

1047 2397 1132 2437 anni,
1160 2396 1280 2429 nedum
1307 2407 1368 2440 per
1400 2396 1508 2429 curiae
1535 2397 1659 2430 laicalis
1690 2398 1787 2430 satel-

1047 2451 1136 2483 litum
1173 2450 1390 2493 praesectum,
1425 2450 1521 2493 vulgo
1546 2451 1780 2490 baroncellum,

1046 2503 1256 2536 monitorium
1282 2503 1461 2547 praefatum
1480 2513 1552 2536 cum
1567 2503 1697 2536 notorio
1712 2513 1786 2536 con-

1083 2574 1093 2600 1
1116 2573 1188 2601 Edit.
1210 2573 1293 2601 Main.
1314 2573 1380 2610 legit
1393 2574 1506 2609 possint
1525 2576 1563 2608 (n.
1584 2576 1633 2608 T.).

1080 2620 1096 2647 2
1116 2618 1189 2647 Edit.
1209 2619 1290 2648 Maia.
1310 2619 1378 2656 legit
1397 2619 1508 2648 dederit
1527 2619 1569 2654 (R.
1584 2619 1632 2653 τ.).
