2269 3203
293 232 342 261 An.
360 232 390 260 c.
413 232 481 260 ¹715
525 223 590 257 Gali

486 286 582 324 atque
609 282 791 324 discutiant,
811 289 851 325 et,
869 283 894 315 si
913 283 990 326 quid
1011 293 1071 326 pro
1093 284 1220 316 meliori

435 350 438 352 ·
486 334 590 368 dictae
627 335 818 368 Academiae
859 335 1014 378 regimine
1056 336 1222 378 corrigen-

319 766 437 788 Clausulas.

486 387 584 428 dum,
621 388 888 430 praecipiendum
923 398 979 420 seu
1014 388 1221 420 statuendum

486 450 559 472 esse
578 441 773 480 censuerint,
798 452 858 484 pro
884 438 1002 473 tradita
1028 440 1089 472 sibi
1118 452 1135 473 a
1163 441 1223 473 Do-

484 492 572 526 mino
604 493 777 536 prudentia
810 493 998 535 corrigere,
1032 494 1222 536 praecipere

486 551 583 588 atque
597 551 737 579 statuere
757 556 822 579 non
841 546 998 586 omittant,
1018 546 1152 588 eiusque
1170 546 1224 579 ho-

485 608 570 638 num,
589 597 761 631 utilitatem
786 603 817 631 et
842 599 1050 637 incrementa,
1069 603 1221 642 quantum

486 649 519 682 in
544 650 620 693 ipsis
650 650 720 690 erit,
747 650 834 684 omni
861 652 947 691 cura,
968 650 1076 684 studio
1101 660 1137 683 ac
1161 660 1223 693 ope

485 708 713 745 promoveant.

529 755 543 798 g
565 755 596 788 7.
623 755 856 796 Decerncntes‚
875 756 1004 789 easdem
1033 762 1223 799 praesentes

485 807 608 841 litteras
652 813 683 842 et
721 809 982 850 constitutiones,
1009 820 1067 842 seu
1104 814 1223 842 statuta

483 861 697 904 praeinserta,
723 872 856 905 semper
887 861 1009 902 sirmas,
1036 862 1158 894 validas
1193 866 1224 894 et

485 913 630 947 efficaces
656 914 795 948 existere
820 920 851 948 et
875 915 957 955 fore,
987 925 1130 958 suosque
1155 915 1224 957 ple-

483 966 592 1000 narios
616 972 648 1000 et
671 967 819 1010 integros
838 966 971 1000 effectus
989 966 1100 1000 sortiri
1118 972 1151 999 et
1167 967 1224 999 ob-

484 1020 602 1061 tinere,
628 1031 664 1054 ac
687 1020 765 1060 illis,
787 1020 826 1053 ad
852 1031 934 1063 quos
957 1025 1082 1063 spectat
1107 1025 1139 1053 et.
1163 1030 1223 1063 pro

485 1078 631 1115 tempore
667 1072 939 1115 quandocumque
975 1073 1153 1115 spectabit,
1190 1073 1222 1105 in

484 1124 635 1157 omnibus
654 1130 685 1157 et
704 1135 763 1168 per
780 1124 889 1158 omnia
905 1125 1096 1168 plenissime
1111 1124 1224 1158 suffra-

484 1179 563 1220 gari,
593 1184 624 1211 et
648 1178 687 1211 ab
714 1179 759 1212 eis
786 1178 965 1222 respective
991 1179 1224 1212 inviolabiliter

484 1232 662 1272 observari,
676 1232 789 1275 sicque
807 1232 839 1264 in
856 1231 1042 1275 praemissis
1056 1242 1114 1275 per
1128 1242 1224 1275 quos-

483 1295 623 1328 cumque
640 1285 763 1318 iudices
782 1285 967 1318 ordinarios
985 1290 1016 1318 et
1045 1286 1222 1328 delegatos,

485 1338 582 1371 etiam
604 1348 774 1371 causarum
791 1339 909 1381 'palatii
934 1338 1103 1381 apostolici
1133 1338 1223 1371 audi·

487 1395 574 1424 tores
600 1396 632 1424 et
662 1391 691 1424 S.
717 1391 755 1424 R.
781 1391 816 1423 E.
844 1391 1039 1430 cardinales,
1061 1390 1158 1424 etiam
1184 1391 1223 1423 de

483 1444 585 1477 latere
605 1445 740 1486 legatos,
758 1445 885 1477 sublata
902 1444 948 1476 eis
971 1454 1008 1476 ac
1025 1454 1139 1476 eorum
1157 1443 1224 1475 cui-

484 1497 564 1530 libet
584 1497 695 1540 quavis
711 1496 805 1530 aliter
825 1496 990 1530 iudicandi
1006 1502 1038 1529 et
1062 1493 1223 1539 interpre-

485 1550 574 1583 tandi
600 1551 749 1583 facultate
762 1555 794 1583 et
813 1549 1016 1590 auctoritate,
1037 1549 1171 1582 iudicari
1193 1553 1224 1581 et

485 1602 612 1636 definiri
638 1603 777 1643 debere,
805 1614 841 1636 ac
867 1603 991 1636 irritum
1016 1607 1048 1636 et
1075 1603 1170 1634 inane
1198 1601 1223 1634 si

486 1666 581 1689 secus
607 1656 774 1700 superbis
801 1667 818 1688 a
843 1666 1014 1699 quoquam,
1039 1655 1149 1699 quavis
1171 1665 1224 1687 au-

487 1709 648 1749 ctoritate,
669 1709 811 1742 scienter
829 1709 877 1742 vel
899 1709 1098 1751 ignoranter,
1125 1707 1225 1740 conti-

488 1761 571 1804 gerit
584 1762 747 1795 attentari.
763 1762 832 1795 Non
848 1762 1051 1795 obstantibus
1066 1760 1224 1804 praedicti

486 1815 712 1848 Lateranensis
730 1815 865 1848 Concilii
879 1815 1051 1848 novissime
1070 1814 1224 1847 celebrati

486 1868 524 1900 de
539 1873 629 1901 certo
644 1869 844 1901 notariorum
858 1877 1006 1907 numero,
1023 1867 1074 1900 cui
1089 1877 1148 1910 per
1164 1867 1226 1899 hoc

486 1921 564 1954 alias
590 1922 748 1964 derogare
770 1931 836 1954 non
856 1920 1068 1960 intendimus,
1088 1920 1224 1963 aliisque

486 1973 771 2007 constitutionibus
797 1979 829 2007 et
857 1973 1115 2007 ordinationibus
1149 1984 1226 2017 apo-

487 2027 624 2068 stolicis,
643 2038 687 2066 ac,
719 2033 879 2071 quatenus
905 2038 986 2070 opus
1016 2027 1064 2067 sit,
1095 2026 1225 2069 collegii

488 2080 646 2112 dictorum
672 2081 873 2114 notariorum
899 2091 934 2113 ac
966 2080 1150 2123 praedictae
1176 2080 1222 2111 οἰ-

486 2132 601 2173 vitatis,
627 2133 761 2177 aliisque
795 2134 969 2176 quibusvis,
1007 2133 1103 2166 etiam
1140 2133 1225 2165 iura·

488 2191 606 2226 mento,
626 2186 872 2220 confirmatione
882 2187 1071 2230 apostolica,
1085 2187 1134 2219 vel
1150 2196 1226 2229 qua-

488 2240 534 2272 vis
561 2239 714 2273 firmitate
739 2240 801 2273 alia
829 2240 992 2273 roboratis
1009 2266 1016 2278 ,
1043 2240 1170 2272 statutis
1195 2244 1227 2271 et

488 2291 779 2325 consuetudinibus
792 2318 799 2332 ,
818 2292 997 2335 privilegiis
1015 2302 1158 2335 quoque,
1178 2292 1226 2324 in-

489 2345 586 2378 dultis
618 2350 650 2378 et
680 2345 798 2378 litteris
823 2345 1010 2388 apostolicis
1035 2345 1068 2376 in
1101 2350 1226 2377 contra-

488 2398 572 2430 rium
596 2398 847 2441 praemissorum
875 2396 1126 2441 quomodolibet
1150 2407 1227 2429 con-

489 2450 595 2491 cessis,
620 2451 818 2484 coniirmatis
845 2457 876 2484 et
901 2451 1082 2491 innovatis3
1110 2450 1226 2493 quibus

490 2504 642 2536 omnibus
672 2509 703 2536 et
734 2504 897 2546 singulis,
932 2504 1062 2536 illorum
1095 2508 1226 2535 tenores

490 2557 716 2600 praesentibus
741 2567 801 2600 pro
836 2558 933 2599 plene
966 2561 996 2588 et
1028 2555 1226 2588 sufficienter

492 2610 653 2655 expressis
682 2620 717 2643 ac
745 2610 783 2642 de
808 2610 907 2643 verbo
940 2610 978 2642 ad
1011 2608 1146 2641 verbum
1180 2609 1227 2641 in-

1068 233 1248 259 BULLARIUM
1271 233 1426 258 ROMANUM
2013 232 2062 259 An.
2078 232 2106 260 C.
2128 233 2196 261 1715

1265 283 1358 316 sertis
1382 283 1550 322 babenteS,
1571 282 1634 315 illis
1653 281 1730 315 alias
1748 282 1779 314 in
1800 291 1856 314 suo
1881 280 2002 315 robore

1264 334 1495 378 permansuris,
1516 334 1554 368 ad
1572 334 1824 378 praemissorum
1847 333 2003 373 effectum,

1266 388 1326 421 bac
1339 389 1404 421 vice
1416 389 1591 427 dumtaxat,
1609 388 1796 431 specialiter
1805 392 1838 420 et
1851 397 2003 431 expresse

1265 441 1474 484 derogamus
1507 441 1689 484 ceterisque
1722 439 1892 474 contrariis
1927 439 2004 483 qui—-

1263 494 1475 537 buscumque.

1309 546 1323 589 ξ
1355 545 1386 579 8.
1416 547 1571 579 Volumus
1607 551 1714 579 autem
1730 572 1737 586 ,
1774 545 1861 588 quod
1898 544 2002 578 dictus
2077 555 2197 576 numiam

1984 597 1990 603 .
2013 582 2121 602 emittendi
2149 587 2197 606 pro-

1265 599 1392 632 Laelius
1418 599 1610 640 modernus,
1630 609 1666 632 ac
1689 610 1750 642 pro
1776 604 1922 642 tempore
1941 608 2124 631 ext-sessionem
2143 608 2197 638 'aaa

1267 657 1356 685 stens
1381 652 1569 695 praedictae
1603 652 1796 686 Academiae
1828 662 1885 685 seu
1909 635 2198 684 Ιηεῑί-Ἇῖἓσὲὦῖἒὲἷὼω

1267 704 1325 736 tuti
1351 704 1555 738 scientiarum
1573 715 1715 748 praeses,
1741 709 1914 748 antequam
1933 714 2003 746 gra-

1268 757 1310 790 tia
1332 758 1506 791 creationis
1531 758 1564 790 in
1589 763 1735 791 nostrum
1756 763 1786 790 et
1801 757 1893 790 Sedis
1915 767 2004 800 prae·

1268 809 1370 843 dictae
1394 810 1566 850 notarium,
1585 810 1643 850 illi,
1658 816 1693 842 ut
1709 821 1817 853 supra,
1837 810 2002 849 concessa,

1266 863 1391 906 perfrui
1418 865 1532 904 valeat,
1558 863 1590 896 in
1609 864 1758 896 manibus
1778 863 1913 896 alicuius
1933 872 2006 905 per-

1267 926 1366 949 sonae
1391 916 1423 948 in
1450 916 1607 959 dignitate
1640 916 1857 949 ecclesiastica
1883 915 2005 948 consti-

1267 974 1354 1001 tutae
1379 969 1619 1012 professionem
1639 968 1714 1001 fidei
1739 969 1826 1001 iuxta
1851 969 2003 1001 articulos

1267 1021 1393 1065 pridem
1412 1032 1429 1054 a
1447 1021 1531 1054 dicta
1547 1021 1630 1055 Sede
1646 1021 1830 1065 propositos
1851 1030 2003 1064 expresse

1268 1074 1416 1107 emittere
1442 1080 1473 1107 et
1498 1075 1629 1107 solitum
1655 1074 1818 1107 fidelitatis
1843 1073 2006 1107 iuramen-

1266 1134 1332 1160 tum
1358 1133 1523 1171 pracstare
1550 1127 1683 1160 omnino
1709 1131 1881 1167 teneatur;

1309 1181 1323 1223 ξ
1359 1180 1390 1214 9.
1429 1180 1585 1224 Quodque
1622 1180 1812 1214 earumdem
1848 1180 2201 1234 ΡιῚιθεεη-ωπῖνΓ-ἶῖἒὲιωιιῑο·

1266 1234 1344 1266 tium
1365 1235 1547 1266 litterarum
1572 1233 1793 1276 transumptis,
1816 1243 1871 1266 seu
1897 1243 2004 1266 exem·
2128 1228 2133 1233 ’

1265 1287 1339 1329 plis,
1383 1287 1478 1319 etiam
1518 1286 1695 1329 impressis,
1732 1296 1827 1318 manu
1868 1285 2004 1319 alicuius

1265 1339 1383 1371 notarii
1402 1338 1524 1381 publici
1543 1337 1744 1381 subscriptis,
1762 1343 1794 1371 et
1810 1337 1917 1380 sigillo
1935 1348 2007 1380 per-

1265 1401 1362 1424 sonae
1388 1392 1419 1424 in
1437 1390 1655 1425 ecclesiastica
1673 1390 1830 1433 dignitate
1849 1390 2007 1423 constitu-

1267 1450 1316 1478 tae
1346 1445 1499 1485 munitis,
1531 1444 1644 1478 eadem
1676 1454 1807 1487 prorsus
1831 1442 1912 1476 fides
1936 1444 2006 1476 ubi-

1267 1508 1328 1541 que
1346 1499 1492 1531 locorum
1519 1502 1550 1530 et
1574 1497 1720 1540 gentium
1749 1501 1811 1529 tam
1836 1496 1868 1528 in
1887 1496 2006 1529 iudicio

1267 1561 1364 1594 quam
1387 1555 1476 1583 extra
1500 1549 1580 1582 illud
1606 1548 1773 1588 habeatur,
1796 1559 1879 1592 quae
1906 1548 2006 1581 habe-

1267 1609 1355 1636 retur
1376 1602 1453 1646 ipsis
1475 1601 1702 1646 praesentibus
1726 1602 1752 1634 si
1784 1601 1892 1634 forent.
1915 1601 2007 1634 exhi·
2267 1611 2269 1637 ι

1267 1657 1355 1689 bitae
1381 1657 1429 1689 vel
1459 1662 1620 1689 ostensae.
2266 1666 2269 1679 ι

1312 1709 1425 1741 Datum
1443 1708 1580 1746 Romae,
1599 1708 1686 1751 apud
1712 1707 1744 1741 S.
1764 1707 1896 1740 Mariam
1912 1707 2006 1740 Maio·
2266 1699 2267 1754 i

1268 1772 1349 1801 rem,
1366 1761 1424 1794 sub
1443 1762 1567 1794 annulo
1585 1759 1770 1800 Piscatoris,
1789 1760 1842 1793 die
1863 1770 1905 1792 xii
1926 1759 2007 1792 iunii
2266 1760 2269 1790 l

1268 1823 1416 1854 MDCCXV,
1442 1812 1651 1857 pontificatus
1675 1813 1781 1846 nostri
1807 1823 1892 1846 anno
1917 1823 1968 1846 xv.

1304 1875 1363 1902 Dat.
1385 1875 1429 1903 die
1451 1874 1483 1902 12
1503 1874 1570 1902 iunii
1591 1874 1670 1908 1715,
1691 1873 1790 1910 pontif.
1811 1882 1882 1901 anno
1902 1881 1946 1900 xv.

1574 1999 1701 2033 CCXXI.

1270 2071 1491 2112 Confirmatur
1508 2070 1669 2104 decretum
1686 2069 1828 2113 capituti
1846 2068 2009 2112 qeneralis

1314 2124 1547 2157 monachorum
1574 2123 1845 2167 Conqreqationis
1870 2121 2008 2154 Fulien-

1313 2178 1356 2210 sis
1381 2177 1419 2210 cle
1443 2178 1625 2211 mutatione
1649 2176 1875 2210 sandaliorum
1891 2175 1927 2207 in
1947 2175 2009 2207 cal-

1313 2229 1410 2262 ceos¹.

1481 2293 1616 2320 clemens
1637 2293 1718 2326 Papa
1737 2292 1790 2325 XI,

1409 2338 1445 2363 ad
1465 2336 1599 2363 futuram
1619 2336 1663 2363 rei
1683 2335 1865 2362 memoriam.

1312 2396 1327 2438 ἓ
1345 2396 1377 2428 1.
1396 2396 1520 2438 Exponi
1538 2396 1634 2429 nobis
1652 2406 1758 2439 nuper
1775 2396 1848 2428 fecit
1869 2396 2005 2429 dilectus
2091 2402 2200 2423 Decretum

2016 2429 2201 2455 praedictumcum

1268 2447 1352 2481 iilius
1375 2448 1487 2481 Petrus
1514 2459 1530 2481 a
1555 2448 1585 2481 S.
1606 2448 1789 2489 Catharina,
1818 2449 1908 2491 prior
1931 2455 2148 2492 pro-eiuscausis-

1305 2529 1314 2554 1
1339 2528 1357 2553 Α
1380 2527 1460 2554 Paulo
1481 2527 1499 2554 V
1521 2532 1607 2555 const.
1629 2528 1670 2555 ed.
1694 2534 1804 2562 nncvm,
1825 2527 1867 2554 die
1887 2527 1920 2554 28
1936 2536 2005 2554 mar-

1269 2572 1308 2604 tii,
1329 2572 1424 2607 pontis.
1446 2579 1486 2606 ιιι,
1508 2579 1635 2600 concessa
1650 2572 1699 2600 fuit
1719 2572 1831 2599 facultas
1847 2571 2006 2599 conficiendi

1268 2624 1344 2644 ceras
1365 2617 1455 2652 Agnus
1475 2615 1530 2642 Dei.
