2269 3203
63 209 112 238 An.
127 209 155 237 C.
176 209 245 237 1715

878 209 1018 233 CLEMENS
1043 209 1074 232 XI
1099 210 1146 233 PP.

254 256 325 297 bus,
347 256 460 290 aliisve
486 257 612 300 poenis,
628 268 683 290 eos
710 257 775 289 sere
801 266 921 295 omnes,
940 256 993 299 qni

255 309 362 342 cidem
387 309 522 343 Sanctae
555 310 627 343 Seili
659 309 802 342 debitam
836 308 994 341 obedien-

256 363 329 394 tiam
356 363 610 406 praestiterunt,
638 368 759 395 temere
797 371 859 394 non
887 361 993 393 minus

253 426 348 458 (pinni
365 415 521 458 sacrilege
540 415 738 454 afflixerunt;
752 415 897 457 adeoque
914 414 991 446 certi

253 478 364 501 sumus
398 468 483 510 quod
519 478 554 500 ex
588 467 655 500 solii
691 467 860 499 memorati
895 466 990 499 edicti

252 520 393 553 lectione
420 521 558 564 quilibet
583 530 679 552 sanae
707 524 878 562 rectaeque
901 529 991 551 inen-

254 573 291 605 tis
316 583 382 606 non
408 574 504 606 ruodo
529 572 616 605 illius
650 572 831 605 evidentem
858 572 990 605 nullita—

253 630 329 665 tem,
346 636 456 659 verum
473 625 569 658 etiam
585 624 786 657 manifestam
802 624 988 657 iniustitiam

250 678 421 721 perspicue
459 677 630 719 intelliget.
660 676 833 720 Ambigcre
866 683 989 720 praete-

251 741 307 763 rea
324 740 387 763 non
406 740 585 773 possumus,
604 729 681 772 quin
706 729 843 762 horrore
862 730 989 772 perfun-

250 782 374 816 dendus
402 783 443 815 sit
468 782 615 826 quisquis
641 782 720 815 illud
747 782 886 824 legerit,
913 783 988 816 dum

250 835 333 867 inter
357 840 465 868 cetera
492 835 668 878 perspiciet
700 845 735 868 ac
760 835 866 868 animo
893 846 988 878 repu-

250 887 330 920 tabit
355 887 393 921 co
417 887 611 921 temeritatis
637 893 828 930 perventum
848 899 931 929 esse,
955 893 988 921 ut

248 940 415 983 potestatis
452 945 580 973 exterae
616 940 726 974 titulus
762 940 914 984 potestati
941 940 986 973 illi

247 993 468 1033 adscribatur,
495 1004 590 1036 quam
615 1004 673 1026 nos
699 1004 757 1036 per
781 994 910 1026 beatum
933 993 989 1026 Pe-

249 1050 333 1077 trum
358 1045 493 1088 eiusque
519 1056 722 1078 successores
744 1056 760 1077 a
779 1045 914 1078 Domino
935 1056 987 1078 ac-

247 1097 392 1140 cepimus
419 1097 451 1130 in
477 1097 571 1130 terris
595 1097 779 1139 maximam,
799 1103 830 1130 ct
851 1109 932 1141 quae
957 1099 987 1131 in

248 1149 384 1192 indigno
403 1150 546 1183 haerede
568 1160 633 1182 non
652 1150 776 1190 deficit,
796 1151 932 1193 perinde
952 1161 988 1183 ac

247 1203 273 1236 si
290 1203 419 1236 Siciliae
433 1212 569 1245 regnum
583 1208 671 1234 extra
688 1208 847 1234 terrarum
873 1204 986 1236 orbem

246 1256 344 1289 situm
363 1261 467 1296 esset,
491 1265 563 1287 cum
586 1255 749 1287 neminem
767 1265 851 1298 pene
870 1255 985 1288 lateat¹

247 1309 344 1342 verba
370 1308 434 1348 illa,
461 1308 580 1351 quibus
607 1307 746 1349 inclytus
776 1307 986 1340 Claravallen-

246 1362 290 1395 sis
322 1361 421 1394 abbas
445 1360 627 1404 Eugenium
653 1359 839 1393 Pontificem
864 1361 986 1394 allocu-

247 1420 295 1448 tus
320 1414 401 1447 suit:
428 1413 507 1448 Orbe
536 1413 721 1446 eoeeunclum
745 1413 797 1453 ei,
823 1414 883 1456 qui
906 1414 986 1456 sorte

246 1468 326 1501 volet
343 1467 526 1511 eoept'orare,
544 1476 628 1510 quae
645 1476 710 1500 non
727 1466 768 1499 ad
786 1470 876 1499 luam
889 1468 985 1510 perli-

245 1524 323 1554 uent
339 1519 482 1553 curanfl.
507 1519 587 1552 lllnd
610 1519 744 1562 insuper
764 1519 915 1552 omnibns
935 1531 984 1553 sa-

246 1575 285 1607 tis
311 1573 515 1616 exploratum
540 1583 576 1605 ae
600 1573 695 1615 plane
721 1572 885 1615 cognitum
915 1573 983 1606 sore

245 1625 420 1666 eredimus,
447 1625 591 1658 eiusdem
617 1625 790 1658 saecularis
812 1625 981 1668 potcstatis

245 1678 454 1712 administros
472 1704 480 1719 ‚
508 1678 584 1710 dnm
608 1678 640 1709 in
672 1682 851 1710 memorato
877 1677 981 1711 edicto

246 1731 380 1765 vetitum
396 1731 577 1770 voluerunt,
600 1741 641 1763 ne
659 1730 889 1774 cuiuscumque
910 1741 982 1774 spe·

244 1783 304 1817 cici
329 1783 486 1826 rescripta
507 1784 573 1816 ullo
599 1783 697 1816 modo
723 1777 905 1816 executioni
927 1784 980 1817 de-

244 1836 393 1870 mandari
411 1836 563 1877 debeant,
585 1836 645 1868 nisi
664 1836 752 1878 prius
770 1836 808 1868 ab
826 1836 980 1870 advocato

243 1889 342 1923 fiscali
364 1888 445 1932 regii
470 1888 657 1932 patrimonii
683 1889 849 1931 recognita
874 1900 909 1921 ae
929 1900 980 1933 ap-

243 1942 380 1986 probata
416 1940 561 1981 suerint,
596 1951 747 1984 expresse
782 1941 978 1975 declarando

244 1995 350 2028 cidem
383 1995 537 2027 advocato
568 1993 667 2026 fiscali
704 1994 881 2027 iniunctum
908 2005 978 2028 esse

243 2057 388 2088 munus,
414 2046 544 2091 praevio
580 2047 727 2080 examine
744 2074 751 2087 ,
785 2047 979 2080 discutiendi

243 2111 284 2134 an
309 2099 467 2134 eiusmodi
499 2100 658 2143 rescripta
682 2101 783 2133 ullum
808 2101 976 2146 praeiudi-

243 2155 327 2187 cium
353 2153 545 2197 privilegiis‚
571 2153 698 2196 legibus
720 2159 751 2186 et
771 2155 980 2187 consuetudi-

243 2207 337 2240 nibus
353 2208 455 2249 regni,
476 2207 524 2240 vel
545 2205 669 2238 iuribus
693 2205 801 2249 regiis,
820 2213 872 2239 aut
891 2218 981 2250 prae-

245 2259 430 2293 eminentiis
460 2264 604 2292 assertae
638 2258 745 2301 regiae
770 2260 979 2293 monarchiae

245 2311 363 2345 inferre
395 2311 543 2355 possint,
570 2312 743 2345 execrabili
775 2312 870 2345 nimis
902 2323 979 2346 ausu

245 2368 377 2397 conatos
397 2364 495 2397 fuisse
514 2365 712 2407 praedictum
738 2365 926 2398 advocatum
945 2366 980 2398 ss-

245 2417 364 2450 sealem
389 2416 583 2450 iudiciorum
597 2418 803 2461 Apostolicae
825 2418 916 2452 Sedis
938 2419 980 2451 iu-

245 2468 350 2502 dicem
375 2469 594 2510 constituere,
627 2480 663 2503 ac
700 2481 764 2504 uno
798 2471 979 2515 eodemque

281 2541 291 2565 1
315 2538 409 2565 Potius
428 2537 487 2571 lege
508 2539 616 2566 lateant
634 2541 674 2573 (a.
694 2541 743 2574 12).

278 2582 295 2609 Ε).
314 2582 340 2610 S.
361 2581 453 2616 Rern„
473 2581 515 2608 De
536 2581 663 2617 consid„
682 2583 729 2611 lib.
749 2591 788 2620 111,
811 2593 869 2620 cap.
888 2587 912 2612 1.

352 2635 431 2665 Bull.
446 2635 576 2665 Rom.—
595 2635 656 2664 Vol.
675 2637 749 2666 XXI.
894 2638 928 2666 82

1040 262 1183 299 tempore
1209 257 1379 290 sublimem
1407 257 1495 290 illam
1521 264 1717 301 potestatem
1740 259 1777 291 li-

1037 309 1133 351 gandi
1161 315 1258 352 atque
1280 309 1427 342 solvendi
1450 310 1544 342 nobis
1571 321 1606 342 ac
1633 311 1776 343 Romano

1036 361 1181 395 Pontifici
1201 373 1258 405 pro
1275 368 1422 405 tempore
1437 362 1585 395 existenti
1605 375 1621 395 a
1640 363 1775 396 Domino

1037 415 1202 455 traditam,
1229 427 1311 458 quae
1337 426 1401 449 non
1428 416 1544 449 ancilla
1571 421 1630 454 est,
1656 417 1711 448 sed
1739 417 1775 448 li-

1035 468 1134 508 bera,
1164 469 1265 511 ipsius
1291 468 1467 501 saecularis
1496 469 1664 511 potestatis
1690 469 1773 501 arbi-

1036 520 1096 552 trio
1118 521 1276 554 subiicere
1299 527 1330 554 et
1352 521 1554 564 mancipare,
1575 532 1646 554 eum
1667 526 1774 554 tamen

1034 572 1172 605 sciamus
1209 574 1294 616 quod
1327 573 1530 616 magistratui
1562 584 1599 606 ac
1636 573 1774 616 principi

1033 625 1238 658 sacerdotum
1266 625 1542 668 exprobantibus:
1565 625 1775 668 Praecipien-

1032 675 1070 708 (Io
1100 679 1326 721 praecepimus
1362 677 1447 709 vobis
1482 687 1521 709 ne
1553 677 1708 709 doceretis
1739 677 1774 709 in

1031 729 1158 761 nomine
1183 730 1259 770 islo,
1288 734 1315 762 cl
1336 740 1401 762 ecce
1425 729 1573 772 replestis
1593 729 1771 762 Ierusalem

1031 780 1178 814 doctrina
1205 781 1347 821 resli·a¹,·
1375 782 1486 814 Petrus
1506 787 1537 814 et
1557 782 1695 825 apostoli
1724 793 1773 815 re-

1031 834 1253 876 sponderunt:
1275 834 1410 868 Obede're
1434 838 1556 877 oportet
1582 834 1644 867 Deo
1667 835 1771 877 mayz's

1030 896 1126 929 quam
1142 887 1341 920 hominibus.
1358 887 1492 920 Demum
1507 897 1567 920 nec
1581 887 1704 930 pariter
1718 887 1773 919 du-

1031 938 1178 979 bitamus,
1201 939 1279 983 quin
1305 940 1443 983 quilibet
1463 940 1654 980 catholicus,
1674 940 1769 972 etiam

1031 991 1151 1034 absque
1177 991 1273 1024 ullius
1304 992 1476 1035 peculiaris
1510 998 1639 1024 nostrae
1666 991 1772 1024 decla-

1031 1043 1165 1077 rationis
1185 1045 1232 1077 vel
1252 1044 1484 1078 admonitionis
1506 1055 1578 1088 ope,
1594 1044 1668 1077 satis
1687 1044 1771 1087 agni-

1032 1102 1119 1129 turus
1144 1107 1203 1140 per
1228 1108 1261 1130 sc
1286 1098 1348 1138 sit,
1373 1108 1468 1141 quam
1494 1096 1692 1140 irregularis,
1717 1098 1771 1130 ab-

1031 1161 1108 1183 sona
1134 1161 1169 1183 ac
1195 1151 1386 1184 sc-andalosa
1408 1151 1523 1184 existat
1547 1151 1685 1194 praesnti
1705 1151 1770 1184 edi-

1030 1205 1069 1235 cti
1096 1205 1275 1242 conclusio,
1294 1204 1325 1236 in
1348 1215 1420 1246 qua,
1439 1204 1476 1236 ad
1503 1203 1681 1247 iniquitatis
1704 1215 1768 1237 non

1030 1255 1136 1287 minus
1163 1266 1257 1298 quam
1282 1256 1440 1289 nullitatis
1466 1257 1567 1300 ipsius
1593 1257 1689 1290 edicti
1719 1267 1770 1289 cu-

1030 1310 1167 1351 mulum,
1195 1310 1494 1352 transgressoribus
1521 1315 1552 1343 et
1584 1315 1770 1343 contraven-

1031 1361 1161 1402 toribus‚
1185 1362 1247 1394 illis
1273 1372 1391 1406 nempe
1416 1362 1578 1404 fidelibus,
1601 1363 1654 1406 qui
1680 1364 1769 1396 nulla

1029 1414 1219 1457 interposite}
1257 1417 1369 1456 mora,
1403 1421 1623 1460 promptoque
1659 1415 1767 1448 animo

1029 1468 1178 1500 mandata
1214 1467 1392 1510 apostolica
1424 1468 1599 1501 observant
1627 1473 1663 1501 et
1688 1479 1764 1501 exe-

1027 1525 1180 1563 quuntur,
1197 1521 1409 1565 Romanoque
1424 1521 1583 1561 Pontifici,
1601 1521 1687 1554 beati
1708 1521 1766 1554 Pe-

1028 1573 1066 1605 tri
1093 1575 1314 1617 apostolorum
1340 1574 1499 1618 principis
1521 1574 1710 1614 successori,
1733 1581 1765 1607 et

1026 1626 1096 1659 lesu
1122 1626 1240 1660 Christi
1267 1628 1404 1668 vicario,
1434 1638 1541 1660 veram
1567 1628 1654 1660 illam
1682 1628 1762 1661 obe-

1026 1679 1298 1723 dientia1·n‚qnam
1317 1681 1344 1714 ei
1362 1680 1559 1724 quicumque
1585 1681 1765 1714 catholicus

1025 1732 1057 1765 in
1082 1733 1284 1775 professione
1310 1733 1386 1767 fidei
1413 1734 1571 1777 spondet,
1596 1740 1763 1776 praestare

1024 1795 1088 1818 non
1114 1786 1305 1826 detrectant,
1333 1787 1447 1820 eadem
1473 1787 1650 1820 saecularis
1676 1792 1765 1830 pote-

1023 1844 1085 1871 stas
1101 1849 1223 1881 poenas
1242 1839 1392 1882 imponit,
1413 1840 1439 1872 si
1458 1839 1672 1873 ecclesiastici
1695 1840 1764 1883 qui-

1024 1892 1096 1924 dem
1122 1892 1263 1933 suerint,
1291 1894 1564 1932 tainsaeeulares
1590 1903 1685 1936 quam
1713 1904 1764 1925 re-

1023 1947 1152 1987 gulares
1169 1973 1176 1986 ,
1204 1946 1426 1989 occupationis
1452 1946 1612 1979 bonorum
1641 1951 1765 1989 tempo-

1023 1998 1137 2031 ralium
1162 2010 1198 2032 ac
1224 1999 1310 2032 exilii
1337 2010 1353 2031 a
1378 2009 1498 2042 regno,
1526 2004 1688 2043 tamquam
1714 2010 1763 2032 se-

1022 2052 1147 2085 ditiosis
1172 2052 1388 2095 publicaeque
1421 2052 1666 2095 tranquillitatis
1692 2063 1763 2095 per-

1023 2104 1265 2144 turbatoribus,
1299 2105 1325 2137 si
1359 2115 1434 2138 vcro
1466 2105 1538 2138 laici
1574 2105 1761 2146 extiterint,

1022 2157 1255 2200 indignationis
1271 2157 1371 2201 ipsius
1389 2157 1563 2190 saecularis
1579 2159 1760 2200 potestatis,

1022 2216 1152 2254 praeter
1177 2210 1255 2243 alias
1292 2221 1415 2253 poenas
1447 2210 1533 2256 illius
1560 2211 1695 2244 arbitrio
1721 2211 1762 2244 ir-

1022 2263 1182 2306 rogandas
1214 2273 1317 2306 usque
1343 2264 1381 2296 ad
1407 2268 1544 2297 mortem
1578 2265 1760 2297 naturalem

1022 2315 1191 2349 inclusive.

1065 2367 1080 2410 ξ
1104 2368 1135 2401 3.
1166 2367 1383 2400 Nihilominus
1413 2378 1489 2408 nos,
1525 2369 1579 2412 qni
1609 2380 1762 2412 quor-um

1021 2473 1182 2507 Ecclesiae
1209 2473 1325 2506 iurium
1358 2478 1536 2507 asserto1es
1562 2475 1593 2507 in
1621 2482 1716 2508 tertls
1743 2488 1761 2509 a

1022 2526 1157 2559 Domino
1182 2526 1347 2559 constituti
1374 2537 1493 2569 sumus,
1515 2528 1617 2570 p1ohe
1643 2528 1762 2562 intelli-

1059 2590 1069 2614 1
1092 2589 1155 2617 Act.
1176 2588 1287 2624 Aposc„
1310 2596 1368 2625 cap.
1391 2596 1416 2624 v,
1437 2596 1507 2617 vers.
1523 2588 1567 2616 ⁶28.

1672 202 1735 235 649
1782 211 1829 238 An.
1852 209 1880 238 c.
1903 210 1974 239 ¹715

1836 2379 1956 2399 nectat-atio

1771 2403 1844 2425 numiui
1848 2409 1873 2424 ιιι
1892 2405 1924 2425 edi
1928 2406 1956 2426 cti

1022 2431 1159 2463 cumque
1197 2425 1260 2453 tam
1294 2421 1504 2464 Apostolicae
1544 2421 1635 2455 Sedis
1666 2432 1895 2480 (ιιιῑιιηξυυέιιυῶιιιευε
1918 2431 1955 2451 da
