2269 3203
77 232 127 261 An.
144 230 173 258 C.
196 228 265 258 1703

272 279 462 319 provincialis
480 278 647 319 provinciae
665 277 831 308 huiusmodi
855 287 921 308 cum
938 278 1018 308 illius

273 328 479 359 definitoribus
511 326 740 366 provincialibus
773 326 856 356 illum
889 336 923 356 ex
956 326 1020 366 ipsa

275 377 424 416 provincia
448 376 578 406 nominet
601 380 627 405 et
650 376 737 414 eligat
768 385 820 415 pro
835 375 936 405 eadem
955 384 1021 414 pro-

275 426 380 455 vincia.

315 483 343 504 x.
382 474 557 503 Procurator
593 474 739 512 generalis
775 474 864 504 totius
904 473 1021 504 Ordinis

274 523 413 563 praedicti
437 523 466 553 in
490 524 618 563 capitulo
641 523 771 561 generali
795 524 959 553 correctivo
987 522 1021 552 ad

272 572 444 603 sexennium
477 577 589 603 tantum
624 573 790 603 alternatim
822 573 957 611 eligatur,
982 572 1020 601 ita

273 621 383 651 scilicet
400 623 449 651 ut¹
466 631 518 661 pro
532 632 589 651 uno
603 622 744 652 sexennio
755 622 793 651 sit
805 631 841 651 ex
854 621 1020 660 Hispaniae,

271 669 371 700 Italiae
394 675 442 700 aut
465 670 641 708 Lusitaniae,
674 680 724 710 pro
747 671 804 700 allo
828 679 896 700 vero
919 679 1022 699 sexen-

272 720 320 749 nio
342 729 377 750 ex
399 719 509 750 Galliae
533 720 693 759 provinciis
717 720 874 759 praedictis
893 730 900 757 ς
925 719 949 749 is
972 728 1023 749 au-

272 774 330 799 tem
353 770 383 799 in
405 769 483 799 Urbe
506 769 652 809 praedicta
669 779 721 809 pro
737 769 873 808 gerendis
896 769 1022 807 negotiis

272 818 361 848 totius
384 818 535 857 religionis
554 818 684 848 residere
706 818 821 855 debeat,
852 817 952 856 ibique
974 827 1023 847 ex-

272 868 371 907 pensis
393 868 525 898 omnium
549 867 766 907 provinciarum
799 866 869 896 dicti
903 866 1022 896 Ordinis

272 921 452 947 sustentetur
479 918 558 948 iuxta
588 917 680 947 dictas
703 917 952 953 constitutiones;
977 926 1023 946 ce-

272 970 368 996 terum
402 967 513 1007 primus
546 971 719 1006 procurator
745 966 890 1005 generalis
923 966 1024 996 huius-

274 1015 352 1045 modi
384 1016 422 1045 sit
454 1025 488 1046 ex
520 1016 607 1046 dietis
642 1015 810 1055 Hispaniae,
844 1015 944 1045 Italiae
973 1020 1022 1045 aut

274 1063 441 1094 Lusitaniae
464 1065 636 1104 provinciiS,
660 1065 795 1104 sequenti
824 1074 893 1094 vero
921 1073 1024 1094 sexen-

274 1113 323 1142 nio
345 1114 382 1143 sit
405 1123 439 1143 ex
464 1114 618 1153 praedictis
642 1114 801 1153 provinciis
824 1113 946 1144 Galliae.

315 1170 354 1192 XI.
378 1162 538 1193 Serventur
565 1163 635 1193 dicti
658 1162 777 1193 Ordinis
800 1163 1023 1193 constitutiones

275 1209 350 1240 libro
374 1220 395 1249 1,
419 1221 484 1251 cap.
508 1220 618 1250 xxxvii,
642 1212 655 1250 ἓ
682 1211 727 1249 12,
752 1221 818 1251 pag.
841 1212 911 1241 ⁹205.

316 1269 366 1290 x11.
390 1260 514 1290 Ministri
546 1260 696 1299 generales
730 1261 801 1290 dieti
823 1260 941 1291 Ordinis
971 1270 1023 1300 pro

276 1314 406 1350 tempore
429 1310 520 1340 futuri
543 1310 670 1341 habeant
692 1310 858 1340 facultatem
881 1310 974 1341 libere
996 1315 1024 1341 et

276 1369 328 1400 per
349 1369 380 1390 se
402 1360 479 1390 solos
501 1360 672 1390 nominandi
694 1360 766 1390 duos
784 1361 959 1391 secretarios
975 1370 1022 1400 ge—

276 1409 402 1448 nerales,
427 1409 476 1449 qui
499 1409 541 1439 eis
563 1409 678 1439 assidue
701 1410 862 1440 inserviant
895 1414 922 1440 et
951 1410 1024 1440 assi—

275 1462 365 1497 stant,
389 1468 513 1499 quorum
548 1469 624 1490 unus
657 1459 694 1489 sit
727 1469 760 1489 ex
793 1459 879 1489 dictis
901 1459 1020 1495 Galliae,

276 1507 350 1538 alter
370 1517 439 1538 vero
462 1518 496 1538 ex
519 1509 688 1548 Hispaniae,
712 1508 814 1539 Italiae
842 1513 891 1539 aut
913 1509 1024 1539 Lusita—

276 1557 342 1587 niae
365 1557 538 1597 provinciis,
557 1558 678 1598 quique,
696 1558 776 1588 iuxta
800 1559 1023 1589 constitutiones

277 1610 306 1636 et
326 1606 487 1637 additiones
501 1607 678 1646 praedictas,
695 1607 828 1645 graduati
851 1607 886 1637 de
909 1607 1024 1638 iustitia.

278 1665 341 1686 esse
363 1655 498 1693 debeant,
523 1660 552 1686 et
574 1655 659 1686 ambo
683 1666 783 1686 vocem
806 1657 834 1686 in
868 1657 1024 1696 praedictis

279 1705 416 1745 capitulis
447 1705 634 1744 generalibus
668 1706 800 1736 electivis
829 1706 966 1745 habeant,
990 1717 1024 1737 ac

279 1755 415 1794 expensis
446 1755 577 1794 ipsorum
611 1755 813 1785 ministrorum
841 1756 1023 1794 generalium

278 1807 493 1833 sustententur.

112 1868 142 1890 ῃ.
159 1869 268 1894 „ndum
318 1863 380 1885 xm.
403 1854 503 1891 Quoad
536 1854 704 1893 graduatos,
739 1855 907 1894 magistros,
939 1865 1022 1895 prae-

87 1896 184 1923 ³¹¹³⁵q²¹⁹·
279 1908 407 1935 sentatos
430 1908 458 1934 et
481 1904 698 1943 praedicatores
729 1905 882 1943 generales
908 1905 1024 1935 Ordinis

280 1953 401 1993 praefati
425 1963 476 1993 pro
493 1953 577 1983 dictis
594 1953 753 1993 provinciis
769 1953 879 1984 Galliae
898 1964 950 1994 per
965 1964 1026 1984 me-

279 2007 425 2033 moratum
449 2003 580 2042 proxime
604 2003 736 2033 futurum
760 2003 921 2043 capitulum
938 2013 1025 2043 gene-

280 2051 341 2081 rale
363 2051 560 2091 provideatur.

325 2101 340 2144 ἓ
364 2100 397 2134 2.
424 2101 501 2134 Cum
530 2107 652 2142 autem,
669 2101 753 2134 sieut
772 2102 884 2135 eadem
900 2102 1026 2146 exposi-

282 2153 327 2186 tio
345 2153 575 2197 suhiungebat‚
596 2154 673 2187 dicti
692 2154 884 2187 Franciscus
910 2161 940 2188 et
957 2154 1026 2189 Cle-

281 2217 373 2239 mens
408 2213 638 2250 procuratores
664 2209 833 2250 generales
851 2235 858 2248 ,
885 2208 1025 2251 capitula

282 2260 481 2301 huiusmodi,
517 2272 582 2304 quo
619 2261 742 2294 firmius
782 2262 963 2294 subsistant
994 2267 1024 2295 et

282 2320 453 2348 serventur
470 2316 624 2355 exactius,
642 2316 841 2360 apostolicae
859 2316 1027 2349 confirma-

282 2366 379 2400 tionis
405 2374 533 2402 nostrae
559 2369 741 2412 patrocinio
767 2370 970 2411 communiri,
990 2381 1025 2403 ac

283 2420 361 2453 alias
387 2428 571 2465 opportune
598 2423 630 2456 in
655 2424 845 2466 praemissis
881 2435 898 2456 a
930 2424 1025 2457 nobis

284 2473 448 2515 provideri
472 2480 504 2507 et
527 2481 561 2508 ut
585 2475 669 2509 infra
694 2476 856 2519 indulgeri
882 2487 1025 2510 summo-

285 2533 363 2567 pere
389 2525 590 2561 desiderent:
608 2539 677 2569 nos,
700 2529 847 2572 ipsorum
862 2530 1024 2564 Francisci

287 2583 318 2611 et
342 2577 516 2613 Clementis
542 2588 788 2624 procuratorum
820 2583 1026 2627 generalium

323 2642 333 2668 1
352 2639 486 2670 Particula
500 2645 530 2672 uc
546 2651 596 2672 nos
612 2644 736 2673 addimus
752 2646 788 2682 (a.
805 2647 853 2681 τ.),

116 484 145 505 Dt-
165 490 262 510 pro-*ura-

80 514 125 532 tore
142 511 241 538 generali,

121 1174 151 1196 De
176 1174 265 1201 quibus-

80 1202 129 1222 ἀίω
164 1202 264 1222 consutu-

80 1229 180 1250 tionibus.

94 1282 124 1303 De
140 1282 264 1307 :catenarus

80 1310 224 1335 generalibus.

137 2108 270 2130 Confirmatio

89 2135 202 2156 relatorum
235 2142 271 2157 ta-

90 2163 210 2188 paulorum.

903 227 1045 253 CLEMENS
1069 226 1101 252 xl
1125 227 1176 252 1³1².

1714 218 1756 254 93
1805 228 1855 257 An.
1872 228 1901 256 e.
1921 228 1991 258 1703

1060 276 1142 310 votis
1170 277 1231 309 hae
1256 276 1286 309 in
1312 286 1356 317 re,
1382 282 1539 321 quantum
1573 287 1644 310 cum
1670 277 1805 312 Domino

1062 340 1247 373 possumus,
1273 330 1495 363 favorabiliter
1529 341 1674 363 annuere
1696 331 1806 364 volen-

1064 389 1121 423 tes,
1140 394 1175 415 ac
1193 394 1304 417 eorum
1327 389 1358 416 et
1383 384 1466 416 infra
1485 384 1725 417 nominatorum
1746 385 1808 417 sra-

1064 443 1147 469 trum
1166 448 1320 481 expresse
1335 438 1562 481 professorum
1573 438 1702 471 Ordinis
1717 449 1808 481 prae-

1065 490 1141 523 dicti
1179 491 1363 533 singulares
1402 502 1562 534 personas
1595 502 1612 524 a
1639 491 1806 534 quibusvis

1063 545 1421 584 excommunicationis,
1453 545 1680 588 suspensionis
1706 550 1737 577 et
1764 545 1808 577 in-

1066 597 1206 637 terdicti,
1221 598 1359 641 aliisque
1378 598 1608 631 ecclesiasticis
1623 598 1808 638 sententiis,

1065 651 1212 684 censuris
1229 658 1260 684 et
1277 653 1402 695 poenis,
1418 663 1434 684 a
1452 652 1522 685 iure
1541 652 1590 685 vel
1605 652 1644 684 ab
1664 652 1806 692 homine,

1066 704 1178 746 quavis
1196 706 1368 738 occasione
1389 707 1437 738 vel
1464 707 1560 738 causa
1586 705 1672 746 latis,
1693 705 1717 737 si
1737 705 1808 748 qui-

1066 757 1125 790 bus
1159 758 1408 801 quomodolibet
1445 758 1620 792 innodatae
1653 759 1806 799 existunt,

1066 811 1103 844 ad
1125 812 1276 844 effectum
1302 812 1527 856 praesentium
1547 812 1712 845 dumtaxat
1733 822 1809 845 con-

1066 864 1280 908 sequendum,
1302 865 1415 898 harum
1442 865 1526 899 serie
1553 866 1759 899 absolventes
1777 870 1809 898 et

1066 918 1228 951 absolutas
1260 919 1328 952 sore
1358 925 1543 960 censentes,
1563 919 1809 963 supplicationi-

1066 972 1126 1004 bus
1165 973 1355 1006 eorumdem
1382 973 1545 1007 Francisei
1576 979 1607 1006 et
1633 973 1807 1007 Clementis

1066 1032 1315 1069 procuratorum
1334 1027 1536 1069 generalium
1562 1028 1693 1061 nomine
1714 1028 1807 1061 nobis

1067 1090 1166 1123 super
1191 1081 1255 1113 hoc
1280 1081 1448 1114 humiliter
1473 1081 1632 1124 porrectis
1650 1081 1806 1122 inclinati,

1068 1135 1106 1168 de
1122 1135 1393 1178 Congregationis
1409 1137 1643 1170 nonnullorum
1656 1147 1692 1170 ex
1711 1147 1809 1170 vene-

1068 1188 1224 1221 rabilibus
1255 1189 1408 1222 sratribus
1437 1191 1558 1223 nostris
1583 1190 1615 1223 S.
1633 1190 1669 1222 R.
1686 1190 1721 1223 E.
1745 1200 1809 1223 car-

1067 1242 1230 1276 dinalibus
1268 1254 1365 1286 super
1402 1244 1465 1277 hoc
1503 1244 1634 1287 negotio
1670 1255 1687 1277 a
1712 1245 1808 1278 nohis

1066 1296 1252 1339 specialiter
1278 1297 1452 1341 deputatae
1487 1297 1636 1338 consilio,
1656 1307 1808 1341 praenar-

1067 1354 1136 1382 rata
1161 1350 1317 1393 capitula,
1343 1361 1414 1383 cum
1436 1351 1589 1384 omnibus
1615 1356 1646 1384 et
1671 1351 1808 1394 singulis

1067 1403 1098 1434 in
1125 1402 1171 1436 eis
1199 1404 1372 1444 contentis,
1396 1404 1588 1437 auctoritate
1615 1404 1807 1448 apostolica,

1067 1462 1180 1490 tenore
1201 1457 1431 1501 praesentium,
1447 1458 1667 1502 approbamus
1690 1463 1811 1492 eteon-

1066 1510 1242 1552 firmamus,
1263 1511 1396 1555 illisque
1423 1511 1623 1545 inviolabilis
1650 1512 1811 1556 apostoli-

1066 1575 1121 1598 eae
1148 1564 1306 1598 firmitatis
1325 1566 1427 1598 robur
1445 1566 1624 1606 adiicimus,
1644 1577 1680 1600 ac
1698 1577 1811 1600 ornnes

1067 1623 1099 1651 et
1123 1619 1271 1661 singulos
1292 1619 1370 1652 iuris
1390 1625 1422 1653 et
1442 1620 1516 1652 sacti
1536 1620 1690 1661 desectus,
1709 1620 1736 1653 si
1755 1620 1811 1664 qui

1067 1672 1216 1716 desuper
1256 1673 1506 1717 quomodolibet
1548 1673 1809 1716 intervenerint,

1067 1727 1270 1769 supplemus.

1111 1780 1125 1822 ἓ
1149 1779 1181 1813 3.
1205 1779 1464 1821 Ceterum‚selici
1483 1791 1710 1825 prosperoque
1732 1781 2008 1836 dicticiffirumugot·

1066 1832 1196 1866 Ordinis
1223 1834 1375 1876 regimini
1402 1840 1435 1867 et
1459 1835 1619 1877 gubernio
1638 1835 1812 1868 salubriter
1822 1843 1850 1863 ³⁴1
1866 1822 2008 1864 ῑιῖἷῖνωῗίῗῗιῗ

1822 1870 1916 1896 pitulum¹
1933 1872 1954 1890 ut
1969 1875 2007 1895 ap—

1067 1887 1242 1930 providere
1268 1888 1449 1932 cupientes,
1470 1899 1505 1921 ac
1531 1888 1570 1921 de
1589 1888 1812 1932 infrascripto-
1822 1897 1921 1922 prvbauo
1937 1900 2008 1922 xmo·

1067 1951 1136 1973 rum
1160 1941 1307 1974 eiusdem
1328 1941 1460 1974 Ordinis
1485 1942 1707 1985 professorum
1733 1941 1809 1983 fide,
1822 1929 2008 1988 {312¹r0r³⁰{3iii¹r¹ffl

1067 1995 1252 2037 prudentia,
1272 1995 1470 2038 integritate,
1491 1996 1658 2036 charitate,
1678 1983 1947 2039 vigilan-¹⁰¹²'⁴‘¹'“'

1068 2048 1110 2080 tia
1132 2053 1163 2081 et
1187 2048 1358 2090 religionis
1392 2048 1462 2081 zelo
1491 2049 1666 2092 plurimum
1692 2049 1725 2082 in
1750 2049 1811 2082 Do—

1067 2101 1155 2134 mino
1181 2102 1303 2142 contisi,
1338 2101 1474 2136 dilectos
1509 2102 1594 2136 filios
1621 2102 1812 2146 Gregorium

1069 2154 1107 2187 de
1133 2155 1163 2187 la
1188 2155 1302 2198 Forge,
1330 2155 1362 2187 in
1399 2157 1490 2188 sacra
1516 2156 1680 2199 theologia
1712 2158 1813 2200 magi-

1069 2214 1184 2250 strum,
1206 2209 1238 2241 in
1256 2209 1411 2242 vicarium
1430 2211 1639 2252 generale1n3
1667 2221 1703 2243 ae
1727 2210 1813 2244 Iose-

1068 2262 1170 2305 phum
1198 2263 1238 2295 du
1261 2263 1334 2296 Bois
1359 2265 1540 2296 conventus
1567 2264 1605 2296 de
1632 2263 1718 2304 Cala,
1751 2274 1812 2308 pro

1068 2315 1211 2359 antiquis
1237 2316 1414 2360 provinciis
1433 2317 1583 2350 Franciae
1609 2322 1640 2350 et
1658 2317 1814 2351 Norman-

1069 2369 1165 2410 diae,
1200 2369 1353 2403 loannem
1379 2370 1536 2403 Roubaud
1570 2373 1747 2405 conventus
1774 2372 1812 2404 de

1068 2422 1243 2456 Catalauno
1269 2434 1329 2466 pro
1354 2423 1529 2467 provinciis
1554 2424 1746 2468 Campaniae
1783 2431 1814 2458 et

1068 2477 1248 2518 picardiae,
1280 2477 1437 2520 ignatium
1453 2477 1614 2520 Vigneaux
1634 2479 1814 2511 conventus

1069 2531 1109 2564 de
1128 2530 1283 2571 Meduleo,
1300 2531 1376 2564 dicti
1397 2530 1527 2564 Ordinis
1553 2532 1733 2575 respective
1758 2531 1814 2564 mi-

1069 2584 1204 2624 nistros,
1232 2595 1290 2628 pro
1315 2584 1494 2628 provinciis
1520 2584 1662 2628 Linguae
1687 2584 1811 2618 Oecita-

1069 2638 1142 2672 niae
1168 2644 1199 2672 et
1223 2638 1407 2682 provinciae
1435 2639 1581 2672 eiusdem
1604 2638 1753 2680 Ordinis,
1780 2644 1813 2672 et
