2269 3203
73 236 123 263 An.
142 235 169 265 C.
194 235 260 263 1723

263 283 404 327 pelliceo
430 283 534 317 induti
560 284 592 317 in
618 283 773 323 ecclesiis,
804 282 922 326 quibus
948 282 1003 315 ad-

263 336 375 380 scripti
401 336 532 378 fuerint,
558 337 674 369 missae
701 335 905 369 conventuali
931 344 1003 368 cum

264 394 359 423 cantu
384 390 576 430 celebratae,
601 400 729 422 necnon
754 389 869 432 primis
903 393 934 421 et
958 398 1004 421 se-

263 443 377 477 cundis
402 443 546 486 vesperis
571 443 667 476 officii
694 443 807 475 diebus
833 441 1003 474 dominicis

263 496 398 539 aliisque
423 496 513 529 sestis
540 497 700 528 assistant.
727 494 878 533 Quinimo
909 494 1003 527 enixe

265 550 444 589 hortamur,
472 554 508 581 ut
532 549 675 593 episcopi
709 548 846 581 aliarum
879 547 1005 580 dioece-

263 612 344 643 sum,
369 602 402 634 in
428 602 546 646 quibus
570 612 639 635 mos
673 602 729 634 ille
755 601 922 634 institutus
948 601 1005 634 ha-

264 660 376 688 ctenus
402 665 467 688 non
493 654 601 695 suerit,
628 654 660 686 id
686 654 717 686 in
742 658 913 697 posterum
939 664 1005 686 ser-

263 707 331 741 vari
366 712 480 740 curent
517 706 549 739 in
586 706 758 746 omnibus,
797 717 833 739 ac
869 706 1004 749 insuper

264 765 413 803 satagant
444 764 477 792 ut
514 769 628 792 omnes
662 758 875 792 ecclesiastici
912 769 1005 802 prae-

264 813 343 846 dicti
358 813 454 846 etiam
468 812 698 845 collationibus
717 811 879 844 habendis
896 822 1004 844 coram

262 865 416 909 parochis
440 865 506 898 suis
531 866 581 898 vel
606 864 676 898 aliis
703 865 742 897 ab
768 865 923 908 episcopo
950 865 1005 897 de-

262 918 381 962 putatis
399 928 496 962 super
513 918 639 951 casibus
662 917 881 951 conscientiae
898 917 1005 951 sorum

263 971 536 1005 concernentibus
563 976 594 1004 et
618 982 718 1014 super
744 971 861 1003 ritibus
878 982 913 1003 ac
934 981 1006 1004 cae-

264 1025 420 1058 remoniis
447 1024 546 1057 sacris
570 1024 734 1058 intersint.

85 1085 210 1121 ‘nmmum
223 1089 255 1116 ,οι
310 1076 394 1120 ς’ῙΟ.
413 1076 451 1109 Et
471 1076 623 1119 quoniam
643 1077 675 1109 in
697 1077 874 1120 praedictis
891 1077 1006 1120 Hispa-

69 1113 394 1164 {tl'ffffittifflltnim-um
420 1129 530 1172 regnis
555 1129 691 1172 reperiri
716 1130 935 1162 intelleximus
956 1129 1006 1162 be-

76 1169 248 1190 Stirpi-intantum

71 1194 128 1216 quae
147 1197 196 1212 vero
219 1181 385 1216 iia-neiicia
415 1188 447 1215 et
478 1183 677 1225 capellanias
715 1183 813 1215 etiam
851 1183 890 1215 de
922 1183 1007 1215 iure-

70 1216 121 1236 hunt
156 1218 255 1239 minorem

71 1243 154 1293 liii?
175 1250 256 1296 ‘'³3¹0ss
267 1241 458 1279 patronatus
483 1236 532 1268 vel
558 1235 853 1268 ecclesiasticorum
879 1235 928 1268 vel
954 1235 1007 1267 lai-

71 1296 394 1332 concqramqrsinecorum‚
437 1288 529 1320 nullo
570 1293 678 1320 tamen
719 1294 807 1321 certo
845 1293 1007 1331 proventu

70 1326 136 1348 'mm
149 1325 242 1344 ‘mmm'
265 1342 449 1381 instructas,
476 1342 527 1374 vel
545 1341 625 1374 adeo
644 1346 678 1373 ut
695 1351 762 1374 non
780 1342 819 1374 ad
841 1341 1007 1374 dimidiam

266 1405 327 1427 nec
355 1394 396 1427 ad
427 1393 553 1426 tertiam
586 1399 711 1436 partem
749 1404 911 1436 congruae
948 1404 1006 1436 pro

265 1447 392 1481 clericis
417 1447 456 1479 ad
482 1456 591 1480 sacros
618 1447 750 1480 ordines
775 1447 1008 1490 promovendis

266 1499 470 1533 necessariae
496 1499 695 1539 ascendant;
721 1499 813 1532 malis
831 1499 916 1532 haud
937 1499 1008 1542 qui-

267 1553 338 1586 dem
363 1552 487 1585 levibus
513 1552 589 1585 inde
621 1551 864 1595 erumpentibus
898 1562 1008 1585 occur-

266 1615 338 1638 rere
364 1604 545 1648 cupientes‚
570 1605 741 1637 statuimus
769 1611 800 1637 et
816 1605 1007 1638 mandamus

265 1657 354 1701 quod
379 1656 528 1700 episcopi
554 1657 593 1690 ad
623 1656 857 1689 beneficiorum
890 1663 921 1690 et
957 1668 1008 1690 ca-

264 1711 496 1754 pellaniarum,
522 1720 604 1752 quae
630 1711 755 1742 nullum
785 1715 909 1743 certum
935 1710 1008 1743 red-

267 1764 367 1796 ditum
388 1763 522 1802 habent,
547 1762 812 1805 suppressionem
833 1763 938 1795 statim
955 1763 1008 1795 de-

266 1815 408 1849 veniant.
435 1815 479 1848 De
505 1815 576 1848 aliis
601 1825 675 1848 vero
705 1814 874 1848 beneficiis
901 1821 931 1849 et
956 1827 1007 1849 ca-

267 1868 430 1911 pellaniis,
456 1878 591 1911 quarum
618 1874 724 1901 certus
747 1879 872 1900 annuus
886 1868 1006 1902 fructus

267 1921 305 1953 ad
331 1926 543 1954 memoratam
561 1922 677 1954 saltem
695 1921 823 1954 tertiam
843 1932 1007 1965 congruae

266 1979 393 2017 partem
418 1984 485 2007 non
511 1974 667 2013 ascendit,
696 1974 904 2007 decernimus
926 1975 1007 2008 nulli

266 2027 300 2059 in
324 2032 492 2070 posterum
518 2027 752 2060 conferendam
773 2038 845 2061 esse
871 2028 1007 2071 primam

269 2084 435 2112 tonsuram
462 2079 585 2112 ratione
611 2079 690 2112 iuris
724 2080 917 2123 assequendi
951 2081 1008 2114 ali-

268 2132 355 2175 quod
380 2143 417 2165 ex
444 2132 538 2165 dictis
562 2132 732 2166 beneficiis
751 2139 781 2166 et
799 2134 1005 2177 capellaniis.

268 2185 373 2229 thue
397 2190 630 2228 patronatuum
655 2185 737 2225 iura,
757 2191 913 2229 quantum
938 2186 1008 2220 sieri

266 2238 382 2281 possit,
409 2239 494 2271 salva
518 2244 716 2278 remaneant,
742 2239 839 2272 liceat
863 2239 1008 2282 patronis

268 2297 332 2323 tam
358 2291 583 2324 ecclesiasticis
610 2302 706 2335 quam
731 2291 821 2324 laicis
852 2292 892 2324 ad
924 2292 1009 2326 dicta

268 2342 427 2376 beneficia
451 2349 483 2376 et
506 2345 705 2387 capellanias
738 2344 917 2385 nominare,
944 2355 1008 2378 non

270 2401 377 2428 tamen
401 2397 500 2428 veluti
526 2397 566 2429 ad
598 2396 756 2430 beneficia
793 2398 1009 2431 ecclesiastica

269 2447 470 2490 requirentia
487 2447 540 2480 in¹
559 2449 764 2482 nominandis
782 2450 917 2492 primam
942 2456 1009 2483 ton-

269 2510 388 2539 suram,
404 2500 461 2532 sed
487 2505 652 2543 tamquam
685 2503 724 2535 ad
750 2503 856 2545 legata
880 2503 950 2546 pia;
977 2508 1009 2536 et

269 2553 441 2593 nominati,
461 2553 587 2586 tametsi
602 2554 740 2596 primam
756 2560 922 2589 tonsuram
943 2565 1007 2589 non

306 2615 316 2641 ¹
338 2614 492 2650 Praeposit.
513 2614 544 2642 in
564 2622 613 2642 nos
633 2615 757 2644 addimus
777 2616 812 2652 (a.
828 2616 877 2652 r.).

860 232 1068 258 ixNoOEtht'S
1096 233 1150 257 xm
1176 232 1224 257 ΓΡ.

1689 223 1753 256 aar»

1046 282 1214 322 habentes,
1249 291 1285 315 ea
1310 281 1451 314 retinere
1489 281 1614 325 possint
1652 281 1696 314 nti
1734 281 1787 325 pia

1046 335 1153 378 legata
1187 345 1259 368 cum
1300 344 1400 368 onere
1440 333 1639 376 adimplendi
1678 334 1788 368 omnia

1046 398 1145 421 onera
1170 398 1187 420 a
1212 387 1440 420 fundatoribus
1465 386 1623 419 iniuncta.

1091 440 1187 483 git.
1213 440 1284 473 Nun
1320 440 1389 472 sine
1427 439 1513 482 gravi
1551 439 1649 471 animi
1686 440 1986 496 ”0⁵¹¹“1.⁴³¹¹¹·³”¹,{¹,¹¹f,¹::·„²;

1801 483 1844 496 {titii

1047 495 1164 528 dolore
1201 494 1298 527 etiam
1324 493 1518 537 accepimus,
1544 493 1644 536 quod,
1679 491 1897 536 quam-smus
1928 505 1932 522 ι
1961 506 1985 521 ιι,-

1801 529 1827 548 tit·
1838 529 1875 548 bu<
1887 511 1985 554 ptquitinn

1047 559 1142 591 quam
1183 547 1371 580 Tridentina
1402 547 1548 589 Synodus
1588 546 1788 585 decreverit,
1802 555 1987 601 emingoVsa-3¹35:

1048 612 1174 642 omnes,
1202 601 1258 645 qui
1284 601 1490 645 parochiales
1516 602 1565 634 vel
1585 601 1663 634 alias
1682 589 1851 633 curam‘mo
1875 588 1893 627 'si
1917 609 1986 626 mon-n

1048 655 1230 687 animarum
1256 664 1412 686 annexam
1440 653 1600 686 habentes
1635 634 1987 689 ecclesias2¹:1¹3,⁵23¹ss‚1?„¹}{;]‘’'

1048 717 1255 750 quocumque
1282 707 1377 740 modo
1402 706 1560 746 obtinent,
1588 706 1707 739 debere
1728 706 1794 739 dic-

1047 760 1108 793 bus
1133 761 1248 792 saltem
1274 759 1446 792 dominicis
1472 764 1503 791 et
1529 759 1618 791 sestis
1641 759 1794 792 solemni-

1047 813 1106 845 bus
1139 813 1253 856 plebes
1281 812 1342 844 sibi
1375 812 1563 844 commissas
1596 821 1656 854 pro
1681 813 1738 844 sua
1763 817 1794 845 et

1047 876 1157 899 earum
1173 865 1351 909 capacitate
1366 876 1499 909 pascere
1514 864 1708 898 salutaribus
1726 875 1795 898 ver-

1047 919 1116 959 bis,
1143 919 1291 952 docendo
1317 929 1354 951 ca
1380 928 1461 962 quae
1499 917 1729 951 christifideles
1755 918 1795 950 ad

1047 974 1185 1005 salutem
1218 971 1302 1005 scire
1343 976 1498 1015 oportet,
1529 981 1565 1004 ac
1599 971 1794 1014 explicando

1049 1024 1176 1058 divinae
1207 1025 1289 1067 legis
1322 1030 1499 1068 praecepta
1535 1024 1677 1067 fideique
1716 1024 1796 1066 dog-

1049 1085 1145 1118 mata,
1173 1088 1360 1122 puerosque
1380 1078 1523 1111 eiusdem
1537 1077 1611 1110 fidei
1632 1076 1795 1110 rudimen-

1050 1131 1090 1163 tis
1122 1130 1310 1170 imbuendo‚
1351 1135 1382 1163 et
1415 1130 1505 1162 brevi
1542 1129 1694 1172 facilique
1728 1139 1796 1162 ser-

1050 1194 1147 1217 mone
1172 1184 1248 1216 vitia
1267 1183 1491 1216 denuntiando
1514 1193 1597 1226 quae
1618 1183 1793 1222 declinare,

1050 1242 1081 1269 et
1105 1237 1238 1269 virtutes
1268 1247 1346 1279 quas
1369 1236 1484 1269 sectari
1511 1240 1682 1278 oporteat3
1709 1235 1796 1268 nihi-

1051 1290 1192 1322 lominus
1230 1289 1379 1322 nonnulli
1406 1288 1663 1332 parrochialium
1691 1289 1794 1321 eccle-

1051 1342 1172 1375 siarum
1219 1348 1371 1382 rectores,
1410 1343 1504 1381 haec,
1543 1352 1625 1384 quae
1662 1351 1795 1374 suarum

1051 1396 1189 1438 partium
1215 1396 1296 1428 adeo
1321 1401 1404 1435 sunt,
1427 1395 1706 1438 praetermittunt,
1727 1395 1795 1428 cul-

1051 1459 1125 1492 pam
1165 1449 1356 1482 huiusmodi
1394 1448 1521 1481 amoliri
1564 1448 1708 1481 nitentes
1744 1449 1794 1482 vel

1051 1506 1222 1545 praetextu
1255 1501 1533 1540 immemorabilis,
1567 1502 1623 1534 sed
1662 1501 1795 1544 quidem

1052 1565 1177 1597 pravae,
1195 1554 1450 1594 consuetudinis,
1476 1555 1524 1587 vel
1551 1554 1626 1597 quia
1651 1554 1731 1590 haec
1755 1555 1794 1587 ab

1052 1607 1129 1650 ipsis
1156 1612 1326 1651 praestare
1363 1617 1497 1640 necesse
1534 1617 1599 1639 non
1632 1607 1793 1647 videatur,

1051 1666 1247 1704 suppetente
1273 1659 1427 1693 nimirum
1453 1660 1549 1703 copia
1574 1660 1710 1693 aliorum
1737 1661 1794 1693 ha-

1052 1713 1199 1745 bentium
1240 1723 1348 1745 sacras
1386 1713 1562 1746 conciones
1589 1713 1620 1745 in
1646 1713 1718 1746 aliis
1745 1723 1796 1746 ec-

1052 1765 1158 1798 clesiis
1211 1766 1352 1807 itemque
1406 1765 1623 1798 imbuentium
1674 1776 1794 1808 pueros

1052 1817 1212 1862 mysteriis
1248 1817 1324 1850 fidei
1368 1819 1418 1851 vel
1451 1818 1483 1850 in
1520 1818 1642 1851 scholis
1675 1820 1725 1852 vel
1761 1819 1795 1851 in

1052 1870 1224 1913 computis.
1247 1871 1291 1903 Ne
1317 1871 1438 1914 itaque,
1462 1871 1522 1903 sub
1548 1871 1635 1903 inani
1661 1871 1796 1905 istarum

1053 1924 1253 1967 aliarumque
1275 1924 1428 1957 similium
1443 1925 1686 1957 excusationum
1705 1936 1796 1968 prae-

1053 1982 1154 2017 textu,
1176 1982 1263 2009 tanta
1284 1976 1484 2009 christianae
1503 1977 1704 2020 reipublicae
1722 1988 1795 2020 per-

1052 2030 1152 2062 nicies
1193 2035 1350 2068 struatur,
1389 2029 1535 2062 districte
1576 2030 1794 2073 praecipimus

1052 2083 1190 2125 singulis
1222 2082 1451 2125 Hispaniarum
1481 2082 1738 2127 archiepiscopis
1763 2088 1795 2116 ct

1053 2136 1231 2179 episcopm,
1258 2141 1292 2168 ut
1315 2135 1449 2168 omnino
1483 2135 1634 2176 efficiant,
1653 2137 1742 2180 quod
1762 2148 1796 2170 o-

1052 2199 1143 2222 mnes
1170 2189 1203 2228 ii,
1229 2189 1283 2232 qui
1317 2189 1500 2222 animarum
1525 2200 1635 2222 curam
1662 2196 1791 2232 gerunt,

1052 2241 1162 2274 munia
1186 2241 1353 2284 praedicta
1378 2252 1437 2284 per
1462 2241 1599 2284 seipsos,
1626 2244 1685 2282 vel,
1705 2243 1732 2275 si
1753 2243 1795 2275 le-

1051 2293 1162 2336 gitime
1188 2294 1336 2336 impediti
1363 2294 1493 2334 fuerint,
1526 2305 1584 2336 per
1609 2294 1690 2327 alios
1723 2295 1793 2328 ido-

1051 2357 1130 2379 neos
1145 2346 1320 2388 diligenter
1330 2353 1543 2390 exequantur.
1557 2347 1588 2380 Si
1603 2358 1679 2381 vero
1693 2348 1792 2391 aliqui

1051 2409 1116 2432 non
1142 2400 1216 2432 satis
1241 2400 1366 2432 habiles
1391 2400 1431 2432 ad
1458 2400 1511 2433 illa
1525 2399 1673 2433 obeunda
1699 2411 1794 2443 repe-

1051 2452 1191 2492 riantur,
1220 2452 1319 2484 iidem
1337 2453 1578 2496 archiepiscopi
1602 2453 1792 2496 etepiscopi

1051 2514 1110 2547 per
1145 2504 1224 2536 alios
1249 2515 1266 2537 a
1298 2515 1330 2536 se
1358 2505 1582 2547 deputandos,
1609 2504 1791 2547 sumptibus

1051 2557 1273 2599 parochorum
1306 2557 1411 2590 minus
1437 2557 1645 2597 idoneorum,
1671 2567 1793 2599 oppor-

1052 2614 1128 2642 tune
1154 2609 1299 2653 suppleri
1325 2615 1462 2650 curent;
1496 2615 1528 2643 et
1559 2610 1591 2642 in
1625 2615 1792 2654 posterum

1800 233 1846 258 An.
1865 232 1892 259 C.
1917 232 1983 259 ¹723
