2269 3203
98 215 151 244 An.
171 213 200 243 C.
218 214 286 243 1718

135 1867 162 1889 Ut
185 1869 292 1887 contuma-

108 1900 144 1916 cb!
159 1894 292 1920 resipiscant.

927 211 1067 236 CLEMENS
1092 211 1123 235 xl
1148 211 1195 236 1³1³.

295 268 390 297 tatem
417 263 559 296 exaltare
585 272 618 294 se
645 262 727 295 velle
753 261 946 298 declarant,
977 261 1034 293 sed
1056 264 1058 306 }

293 326 327 349 re
353 316 421 359 ipsa
448 315 645 359 deprimunt.
672 316 746 347 dnm
774 314 901 347 interim
922 314 1058 346 frater-l

294 369 428 403 nitatem
455 369 515 412 ipsi
543 373 774 406 contemnunt,
803 367 1035 400 audacissimus}

295 422 461 455 inferioris
487 422 564 454 cleri
593 421 764 455 rebellioni
784 422 962 453 fomentum
982 420 1036 452 tri-

295 476 408 514 buunt,
434 475 686 518 universumque
713 473 965 506 ecclesiasticum
985 484 1036 506 or-

296 528 405 561 dinem
431 528 523 561 laicis
550 527 796 566 tribunalibus,
822 527 869 559 vel
904 526 934 558 in
969 526 1036 568 ipsa

295 581 464 624 religionis
490 583 596 620 causa,
622 581 776 614 indecore
801 590 836 612 ac
865 589 1035 623 perperam

295 634 411 667 subiici
449 645 515 667 non
553 634 734 666 attendunt.
770 633 813 666 De
850 633 967 665 veteris
1001 642 1037 664 ac

295 699 397 722 novae
422 688 504 731 legis
529 687 724 727 discrimine,
752 693 913 730 tamqnam
939 685 979 718 de
1002 696 1036 717 re
1058 684 1059 733 ᾗ

296 742 374 785 ipsis
400 742 476 775 solis
501 742 684 785 perspecta,
710 741 810 773 multa
839 745 869 772 et
894 740 1059 783 plerum-¹

296 805 358 838 qne
385 794 545 828 inutiliter
563 794 738 837 disputant,
758 803 923 836 novaeque
946 803 1038 836 prae·
1058 817 1059 824 ,

295 847 469 887 stantiam,
511 857 605 890 quam
638 857 751 880 omues
788 852 969 889 agnoscunt
1007 851 1037 878 et

294 899 507 944 profitentuii,
533 900 694 933 inculcare
722 910 786 932 non
813 899 983 939 desinunt,
1003 910 1037 931 u-
1058 892 1059 895 ¹

297 953 441 997 triusqne
465 960 572 987 tamen
590 953 671 996 legis
690 952 939 997 plenitudinem,
955 963 1037 996 qnae
1058 976 1059 980 ,

297 1006 1036 1048 estdilectio,minimeobservant.Charitatem

298 1061 378 1094 nulli
414 1060 592 1104 impensius
629 1060 783 1100 laudant,
817 1060 899 1092 nulli
935 1059 1038 1103 impu-

298 1114 426 1148 dentius
453 1115 590 1155 violant,
620 1113 746 1147 divinae
773 1113 895 1156 gratiae
925 1113 1060 1146 verita-¹

298 1173 362 1200 tem
380 1167 585 1210 praedicant,
610 1177 705 1209 qnam
727 1166 905 1198 catholicus
930 1167 1039 1198 nullus
1060 1171 1061 1204 ζ

299 1226 410 1264 negat,
433 1221 490 1254 sed
509 1220 668 1253 damnatis
688 1220 855 1253 erroribus
876 1219 1037 1258 faventes,

298 1273 427 1317 spiritui
467 1272 591 1316 gratiae
634 1272 864 1305 contumeliam
906 1272 1036 1304 faciunt.
1060 1277 1062 1286 ‘

298 1326 390 1365 Quod
414 1337 490 1359 vero
514 1336 574 1358 nos
601 1326 640 1358 de
665 1325 859 1368 pusillorum
885 1325 1039 1358 scandalo

298 1379 458 1413 sollicitos
481 1378 657 1422 plurimum
684 1378 856 1417 excruciat,
878 1377 957 1410 illud
984 1383 1039 1417 est,

299 1432 387 1476 quod
413 1432 490 1464 dum
514 1431 663 1474 plerique
690 1440 802 1463 eorum
822 1430 902 1463 haec
921 1430 1042 1463 faciunt

298 1485 350 1518 vel
375 1484 584 1518 consentiunt
608 1483 811 1523 facientibus,
836 1483 944 1516 adhuc
968 1494 1040 1527 spe-

300 1539 390 1571 cioso
416 1537 557 1581 quodam
576 1536 749 1570 ementitae
770 1536 951 1570 severitatis
969 1537 1041 1570 ami·

301 1596 352 1623 ctu
378 1600 412 1623 se
433 1594 654 1632 contegentes,
682 1589 849 1632 rigidioris
875 1590 1041 1623 doctrinae

301 1643 439 1686 gloriam
465 1647 596 1686 captare
614 1652 680 1675 non
707 1648 849 1682 cessant,
869 1643 1042 1676 instituen-

301 1697 429 1739 daeque
467 1695 500 1728 in
538 1695 654 1728 melius
681 1695 932 1728 christianorum
957 1696 1040 1729 vitae

301 1755 332 1783 et
356 1749 395 1782 ad
426 1759 572 1782 normam
607 1748 771 1791 Evangelii
797 1750 1042 1793 componendae

303 1805 408 1837 zelum
432 1802 603 1845 magnifice
629 1807 806 1835 ostentant.

349 1857 363 1900 g
380 1856 412 1890 3.
431 1855 534 1895 Quare
559 1866 628 1894 nos,
647 1855 864 1899 perniciosam
884 1856 967 1889 hanc
981 1858 1043 1890 lar-

305 1920 385 1950 vam,
411 1919 492 1953 quae
511 1908 682 1941 animabus
701 1908 936 1952 pretiosissimo
954 1908 1045 1942 Chri·
1065 1913 1066 1934 l

303 1963 342 1996 sti
367 1962 527 2006 sanguine
558 1961 738 2005 redemptis
772 1967 897 1994 certum
930 1973 1043 2005 parare

303 2022 414 2060 posset
438 2015 570 2049 exitium
590 2042 596 2055 ,
621 2016 728 2058 palam
759 2015 954 2056 detrahere,
991 2026 1045 2047 nr·
1065 2003 1067 2038 l

305 2075 400 2113 gente
425 2079 486 2102 nos
512 2067 681 2112 apostolici
705 2068 876 2101 ministerii
902 2069 1040 2107 debito,

305 2123 462 2163 volentes,
490 2122 579 2165 ipsos
604 2121 746 2165 primum
773 2121 963 2158 aberrantes
982 2122 1045 2154 fra-

304 2181 393 2216 tres,
418 2180 454 2208 ut
477 2175 556 2208 alias
582 2185 680 2218 saepe
706 2174 857 2218 privatim
882 2175 1016 2208 fecimus
1034 2201 1041 2214 ,

305 2229 435 2272 publice
458 2228 557 2261 modo
583 2233 615 2261 et
639 2238 748 2261 coram
767 2228 920 2260 universa
936 2228 1045 2260 Eccle-

305 2281 352 2314 sia
375 2282 515 2315 monitos
541 2281 675 2314 facimus
691 2308 698 2321 ,
736 2291 776 2314 ne
813 2281 872 2314 sibi
909 2277 1069 2314 ulterius'

307 2333 347 2366 de
369 2334 447 2367 falsa
461 2334 632 2367 exactioris
648 2334 840 2378 disciplinae
855 2335 939 2367 fama
954 2335 1046 2367 blan-

308 2385 446 2428 diantur;
471 2398 578 2431 neque
605 2388 691 2420 enim
711 2398 786 2420 vera
803 2388 905 2421 virtus
923 2388 1045 2430 absque

308 2439 493 2473 humilitate
511 2468 518 2481 ‚
544 2441 647 2484 pietas
677 2441 799 2484 absque
836 2441 1044 2481 obedientia,

309 2492 487 2526 christiana
512 2493 640 2526 demum
658 2494 814 2537 perfectio
836 2494 956 2537 absque
975 2494 1046 2527 clia-

308 2544 404 2577 ritate
429 2550 539 2588 potest
559 2546 750 2579 consistere.
767 2546 867 2579 Porro
885 2557 967 2589 quae
986 2547 1048 2579 hu-

311 2597 441 2637 militas,
466 2606 598 2631 sensum
623 2598 790 2642 proprium
808 2599 970 2632 communi
989 2599 1047 2632 fra-

1077 266 1162 293 trum
1187 261 1376 299 sententiae,
1400 262 1476 304 quin
1497 265 1526 293 et
1547 271 1714 304 supremae
1729 262 1816 294 beati

1077 312 1163 346 Petri
1191 313 1366 346 cathedrae
1393 313 1512 346 iudicio
1542 313 1700 346 obstinate
1725 325 1818 357 prae-

1079 365 1189 399 ferre‘?
1214 366 1299 404 Quae
1324 366 1521 405 obedientia,
1538 367 1726 409 apostolicis
1742 367 1819 399 deti-

1078 419 1256 452 nitionibus
1283 420 1461 452 reluctari‘.l
1486 419 1572 457 Quae
1598 420 1728 452 tandem
1745 420 1819 451 elia-

1078 473 1165 512 ritas,
1191 473 1318 505 iniuriis
1340 479 1371 505 et
1388 473 1599 506 contumeliis
1624 483 1731 515 agere,
1746 473 1818 509 iras,

1081 525 1164 557 rixas
1191 531 1222 557 et
1246 525 1474 558 contentiones
1511 524 1633 567 ubique
1671 524 1820 557 dissemi-

1079 588 1157 611 nare
1176 578 1190 609 ἱ)
1216 579 1400 621 Agnoscam
1425 578 1536 621 igitur,
1565 577 1664 610 divini
1687 577 1820 611 luminis

1080 630 1256 664 irradiante
1284 631 1439 674 fulgore,
1467 642 1560 674 qnam
1590 631 1739 675 gravibus
1770 641 1820 663 co-

1079 694 1146 717 ram
1172 684 1237 717 Deo
1253 689 1285 717 et
1298 684 1441 717 Ecclesia
1456 685 1598 717 reatibus
1618 689 1649 717 et
1666 683 1821 727 periculis

1080 737 1296 770 involvantur.
1324 737 1530 770 llleminerint
1554 737 1711 780 scriptum
1740 746 1820 775 esse,

1080 791 1168 835 qnod
1193 792 1292 836 quasi
1312 795 1481 835 peccatum.
1506 790 1676 823 ariolandi
1705 794 1748 823 ese
1773 800 1821 823 re-

1078 855 1237 888 pusmare,
1259 849 1286 877 ee
1311 845 1406 889 qzcasi
1431 844 1532 877 scelus
1552 843 1761 876 idololatriae
1778 847 1822 875 es!

1080 898 1166 932 nolle
1191 899 1402 942 acquiescere.
1424 897 1662 941 Omnipotentis
1679 897 1748 938 Dei,
1769 897 1822 940 qni

1081 952 1231 996 superbis
1255 952 1400 990 resistit,
1429 952 1630 984 tremendum
1656 956 1685 983 et
1718 950 1824 983 immi-

1058 1001 1059 1043 ]
1081 1017 1160 1040 nens
1177 1005 1238 1038 sibi
1255 1005 1409 1038 iudicium
1427 1005 1574 1044 timeant,
1591 1003 1823 1047 Ecclesiaeque

1081 1070 1193 1104 pacem
1219 1059 1316 1092 simul
1343 1064 1374 1092 et
1398 1058 1599 1101 reipublicae
1635 1058 1821 1101 tranquilli-

1082 1118 1179 1146 tatem
1204 1113 1399 1156 perturbare
1421 1112 1550 1145 tandem
1572 1111 1748 1155 aliqnando
1770 1111 1824 1144 de-

1082 1167 1207 1198 sistant.
1234 1165 1390 1208 Reliquos
1416 1165 1535 1197 deinde
1561 1175 1617 1197 vos
1636 1174 1748 1196 omnes
1767 1173 1825 1207 per

1060 1219 1268 1269 ¹‚universum
1294 1223 1454 1250 terrarum
1482 1218 1595 1250 orbem
1622 1217 1823 1259 apostolicae

1083 1271 1158 1305 fidei
1182 1272 1325 1304 cultores
1351 1276 1486 1314 paterne
1513 1271 1742 1310 admonemus,
1767 1280 1825 1302 re-

1083 1325 1242 1368 quirimus
1259 1330 1291 1357 et
1307 1325 1518 1363 obtestamur,
1539 1329 1587 1363 ut,
1615 1323 1652 1355 ad
1675 1333 1749 1361 eos,
1770 1323 1824 1367 qui

1083 1378 1220 1411 veniunt
1244 1377 1282 1410 ad
1307 1388 1362 1410 vos
1392 1377 1425 1410 in
1456 1376 1657 1410 vestimentis
1693 1377 1823 1416 ovium,

1083 1432 1186 1475 probe
1213 1430 1463 1474 dignoscendos,
1490 1429 1706 1463 certissimam
1726 1430 1826 1469 illam,

1085 1495 1179 1529 quam
1204 1484 1359 1517 Dominus
1384 1494 1420 1516 ac
1440 1483 1587 1516 Salvator
1609 1488 1719 1516 noster
1735 1483 1826 1516 nobis

1083 1537 1234 1581 reliquit,
1260 1538 1405 1580 regulam
1432 1535 1634 1577 adhibeatis,
1658 1536 1824 1576 videlicet,

1083 1592 1110 1625 A
1138 1590 1298 1634 fructibus
1323 1593 1442 1623 eorum
1460 1591 1654 1633 cognoscetis
1679 1601 1740 1622 eos.
1766 1589 1825 1627 Qui

1085 1650 1192 1678 autem
1218 1645 1341 1677 fructus
1368 1644 1422 1677 isti
1448 1644 1525 1685 sint,
1553 1655 1589 1677 ex
1615 1654 1743 1681 eorum,
1769 1642 1826 1686 qui

1085 1696 1334 1732 constitutioni¹
1360 1702 1491 1730 nostrae
1529 1708 1601 1730 sese
1634 1697 1825 1729 submittere

1085 1755 1276 1791 renuerunt,
1292 1750 1494 1784 contumacia
1507 1749 1748 1793 provenientes,
1767 1749 1826 1782 toti

1085 1804 1149 1837 iam
1175 1814 1259 1847 pene
1286 1803 1466 1836 christiano
1492 1803 1561 1835 orbi
1589 1803 1722 1835 nimium
1755 1812 1827 1846 per-

1086 1857 1187 1900 specti
1213 1862 1290 1890 sunt
1315 1863 1345 1889 et
1369 1856 1532 1889 manifesti
1554 1867 1561 1896 3
1589 1856 1628 1888 de
1655 1856 1720 1901 illis
1745 1866 1824 1899 pro-

1086 1915 1226 1954 pterea,
1252 1919 1292 1942 ne
1330 1909 1530 1942 acerbissimi
1569 1909 1690 1941 doloris
1725 1908 1827 1941 nostri

1065 1989 1066 1998 ,
1086 1964 1220 1996 vulnera
1243 1962 1433 1995 refricemus
1448 1989 1455 2003 ,
1479 1961 1640 2005 prolixius
1667 1961 1776 2005 eloqui
1794 1961 1829 1994 li-

1086 2017 1204 2049 benter
1229 2014 1427 2048 absistimus.
1454 2014 1560 2047 Nolite
1586 2025 1675 2057 ergo,
1709 2013 1765 2047 filii
1785 2013 1829 2046 di-

1087 2068 1255 2102 lectissimi
1277 2095 1284 2108 ,
1309 2078 1432 2111 vosque
1457 2067 1685 2111 potissimum,
1714 2067 1768 2111 qni
1793 2072 1828 2099 ut

1087 2123 1161 2155 loco
1181 2148 1187 2162 ,
1227 2121 1271 2153 ita
1309 2127 1340 2154 et
1383 2121 1530 2164 periculo
1571 2121 1827 2164 propinquiores

1088 2175 1185 2215 estis,
1223 2174 1326 2207 nolite
1364 2174 1445 2207 effici
1478 2174 1654 2218 participes
1687 2184 1826 2213 eorum,

1087 2228 1189 2261 nolite
1223 2228 1310 2260 omni
1336 2227 1463 2270 spiritui
1489 2228 1646 2267 credere,
1673 2227 1829 2261 doctrinis

1087 2282 1185 2314 variis
1212 2286 1244 2314 et
1268 2280 1453 2324 peregrinis
1480 2281 1581 2314 nolite
1606 2281 1743 2322 adduci,
1772 2281 1828 2314 sed

1088 2345 1196 2368 sanam
1219 2339 1251 2367 et
1277 2333 1493 2366 orthodoxam
1513 2340 1643 2367 sanctae
1666 2334 1828 2367 Romanae

1088 2387 1250 2421 Ecclesiae
1276 2387 1475 2427 doctrinam,
1496 2398 1580 2431 quae
1605 2398 1732 2420 sacrum
1755 2387 1827 2420 fidei

1089 2442 1275 2485 depositum
1299 2441 1493 2473 intemerate
1529 2446 1633 2473 servat
1651 2468 1658 2481 ,
1687 2445 1754 2473 tuto
1780 2451 1829 2473 se-

1089 2494 1225 2538 quimini
1245 2500 1277 2527 et
1297 2493 1435 2526 firmiter
1453 2494 1624 2526 custodite.
1652 2493 1715 2527 Nos
1741 2503 1829 2530 vero,

1090 2557 1173 2590 quos
1194 2547 1313 2579 ceteris
1332 2547 1402 2579 zelo
1422 2547 1538 2579 domus
1558 2546 1613 2578 Dei
1640 2556 1705 2578 non
1724 2545 1828 2578 minus

1126 2608 1136 2634 vl
1159 2607 1226 2635 Male
1244 2608 1310 2635 edit.
1328 2607 1407 2635 Maia.
1420 2607 1486 2642 legit
1501 2607 1714 2635 constitutionis
1726 2612 1764 2642 gn.
1781 2608 1830 2641 τ.)-

1825 212 1877 239 Λη.
1900 211 2012 240 C.1718

1862 1173 1889 1193 [Ἰ
1913 1173 2020 1199 obtempe-

1835 1204 1904 1221 rantes
1927 1200 1953 1220 ab
1976 1201 2020 1219 itto-

1836 1233 1880 1247 rum
1912 1227 2021 1248 fraudibus

1836 1257 1936 1275 caveant.
