2269 3203
285 224 336 248 An.
353 223 381 248 (3.
406 221 467 247 1711

324 2401 386 2422 Fide<
411 2403 468 2421 tran-

283 2431 419 2455 sumptorum.

516 212 582 244 454

476 270 630 303 firmitate
655 271 719 303 alia
743 269 920 309 roboratis,
945 267 1072 301 statutis
1097 272 1128 300 et
1144 276 1220 299 con-

476 323 718 363 suetudinibus,
736 333 771 355 ac
796 322 909 355 usibus
936 327 967 354 et
991 320 1094 363 stylis,
1122 319 1218 352 etiam

477 376 799 415 immemorabilibus,
816 373 999 417 privilegiis
1017 383 1158 416 quoque,
1175 372 1218 404 in-

477 429 576 461 dultis
602 434 634 461 et
658 428 777 462 litteris
796 426 993 470 apostolicis,
1013 425 1219 468 quibuscum-

478 492 539 524 que
565 481 735 523 personis,
764 479 860 512 etiam
887 477 1093 522 quantumvis
1119 477 1217 509 subli-

476 534 581 566 mibus
608 539 639 566 et
660 532 893 575 specialissima
913 530 1078 563 mentione
1095 529 1215 571 dignis,

477 587 536 618 sub
568 586 825 629 quibuscumque
853 584 1023 617 verborum
1050 583 1218 615 tenoribus

477 645 508 672 ct
533 638 652 679 formis,
678 649 713 671 ac
735 649 805 670 cum
827 636 992 680 quibusvis
1014 636 1108 669 etiam
1128 635 1218 668 dero-

477 692 677 735 gatoriaruin
702 690 925 733 derogatoriis,
951 690 1087 732 aliisque
1113 689 1218 721 effica-

476 746 627 784 cioribus,
660 744 889 778 efficacissimis
914 749 945 776 et
968 743 1109 776 insolitis
1135 743 1218 775 clau-

477 799 556 832 sulis
583 805 614 831 et
640 798 798 837 decretis,
826 797 922 830 etiam
949 801 1055 836 motu,
1083 795 1217 828 scicntia

478 858 509 884 et
540 851 710 895 potestatis
736 850 939 893 plenitudine
965 848 1136 886 similibus,
1161 858 1216 880 seu

477 906 516 938 ad
555 914 833 949 quarumcumque
872 911 1085 946 personarum
1121 901 1216 934 ctiam

477 959 649 1001 imperiali,
679 957 793 999 regali,
820 957 920 989 aliave
948 955 1093 998 qualibet
1118 965 1214 986 mun-

478 1013 560 1045 dana
584 1013 632 1044 vel
659 1010 881 1043 ecclesiastica
910 1008 1067 1050 dignitate
1096 1008 1217 1049 fulgen-

480 1065 556 1097 tium
582 1063 782 1101 instantiam,
808 1064 857 1095 vel
883 1072 994 1094 earum
1019 1061 1217 1103 contempla-

479 1119 576 1158 tione,
591 1128 645 1150 seu
668 1117 745 1149 alias
766 1114 1024 1158 quomodolibet,
1044 1114 1075 1145 in
1098 1123 1216 1156 genere

477 1172 526 1204 vel
552 1171 584 1203 in
610 1169 737 1213 specie,
764 1169 859 1202 etiam
885 1166 1166 1205 consistorialiter,
1184 1167 1217 1199 in

478 1224 675 1258 contrarium
690 1222 946 1266 praemissorum
962 1221 1139 1260 concessis,
1155 1220 1218 1253 edi-

479 1278 530 1319 tis,
557 1277 656 1317 sactis,
683 1287 717 1309 ac
747 1276 867 1319 pluries
896 1275 1032 1313 iteratis,
1061 1279 1093 1306 et
1120 1284 1218 1317 quan-

478 1332 660 1374 tiscumque
687 1329 809 1362 vicibus
828 1327 1029 1372 approbatis,
1047 1327 1218 1360 confirma-

480 1385 518 1417 tis
545 1390 577 1417 et
600 1383 779 1423 innovatis3
799 1382 914 1426 quibus
938 1380 1088 1414 omnibus
1106 1385 1134 1413 et
1153 1379 1217 1412 sin-

479 1437 562 1480 gulis
575 1464 582 1477 ‚
604 1435 730 1469 etiamsi
748 1446 806 1479 pro
822 1435 953 1468 illorum
972 1433 1144 1466 sufficienti
1163 1433 1218 1465 de-

480 1490 646 1532 rogatione
680 1489 719 1522 de
754 1488 817 1521 illis
852 1497 1033 1530 eorumque
1066 1485 1138 1519 totis
1172 1491 1217 1518 te-

478 1543 613 1577 noribus
640 1542 800 1586 specialis,
821 1541 982 1584 specifica,
1014 1550 1166 1583 expressa
1187 1544 1218 1571 et

478 1597 653 1636 individua,
673 1607 709 1629 ac
734 1596 773 1628 de
800 1596 899 1627 verbo
917 1594 955 1627 ad
976 1593 1122 1632 verbum,
1152 1603 1216 1625 non

478 1657 584 1684 autem
603 1660 662 1693 per
680 1649 838 1682 clausulas
856 1648 1028 1690 generales
1053 1646 1138 1679 idern
1167 1646 1218 1678 im-

478 1709 657 1746 portantes‚
689 1702 809 1734 mentio
835 1711 892 1733 seu
920 1700 1049 1744 quaevis
1078 1700 1139 1732 alia
1166 1710 1218 1731 cx-

479 1757 605 1800 pressio
620 1756 780 1794 habenda,
796 1760 849 1787 aut
862 1754 970 1797 aliqua
983 1753 1043 1786 alia
1060 1752 1217 1795 exquisita

480 1810 581 1842 l‘orma
599 1809 637 1841 ad
653 1809 715 1841 hoc
729 1807 888 1840 servanda
908 1807 1001 1846 soret,
1014 1812 1144 1840 tenores
1159 1806 1218 1838 1111-

478 1862 628 1901 iusmodi,
647 1873 683 1894 ac
701 1861 726 1893 si
746 1861 785 1894 de
803 1860 900 1893 verbo
918 1860 955 1892 ad
975 1859 1117 1900 verbum,
1136 1859 1217 1892 nihil

478 1915 609 1959 penitus
632 1915 751 1948 omisso
778 1919 809 1946 et
835 1913 937 1946 forma
964 1912 994 1944 in
1020 1911 1083 1944 illis
1102 1911 1219 1944 tradita

479 1970 664 2008 observata,
689 1967 952 2011 exprimerentur
977 1972 1007 1999 et
1034 1966 1219 1999 insereren—

480 2029 539 2061 tur,
566 2021 793 2065 praesentibus
810 2030 869 2064 pro
889 2021 986 2063 plene
1005 2025 1035 2052 et
1059 2018 1220 2051 sufficicn-

479 2080 527 2108 ter
561 2074 726 2117 expressis
751 2079 781 2106 et
805 2072 937 2105 insertis
959 2071 1132 2111 babentes,
1155 2071 1220 2104 illis

478 2129 557 2161 alias
592 2128 624 2160 in
660 2138 718 2160 suo
752 2128 873 2160 robore
899 2125 1147 2169 permansuris,
1180 2125 1218 2157 ad

478 2180 737 2224 praemissorum
764 2178 925 2218 effectum,
952 2179 1013 2211 hac
1042 2178 1109 2210 vice
1130 2178 1219 2210 duin-

479 2238 573 2272 taxat,
587 2232 776 2276 specialiter
792 2238 824 2265 et
840 2242 994 2275 expresse
1014 2232 1218 2273 derogamus,

479 2297 516 2318 ac
534 2287 725 2328 derogatum
751 2295 819 2317 esse
846 2285 991 2317 volumus
1010 2295 1016 2323 ;
1036 2283 1218 2326 ceterisque

479 2339 651 2372 contrariis
676 2338 945 2381 quibuscumque.

523 2394 538 2436 ᾗ
569 2391 601 2424 4.
634 2391 789 2424 Volumus
822 2396 931 2423 autem
967 2396 999 2422 ut
1031 2390 1219 2422 earumdem

478 2445 697 2489 praesentium
724 2444 905 2476 litterarum
925 2442 1144 2484 transumptis,
1163 2452 1219 2474 scu

479 2497 649 2541 exemplis,
677 2497 773 2530 etiam
802 2495 983 2539 impressis,
1004 2505 1100 2527 manu
1127 2495 1219 2527 alicu-

477 2552 527 2584 ius
563 2550 682 2584 notarii
718 2549 843 2594 publici
879 2547 1082 2591 subscriptis,
1120 2552 1152 2579 et
1180 2547 1221 2579 si-

479 2605 557 2649 gillo
576 2614 734 2648 personae
761 2602 792 2635 iu
814 2601 1034 2635 ecclesiastica
1061 2600 1218 2643 dignitate

1081 215 1260 242 ssuLLARtUM
1284 215 1438 240 ROMANUM

1263 265 1456 298 constitutae
1503 264 1637 298 munitis
1653 291 1660 304 ,
1700 263 1812 296 eadem
1863 271 1999 306 prorsus

1263 318 1340 351 sides
1373 323 1436 351 tarn
1467 318 1499 350 in
1526 316 1644 350 iudicio
1671 327 1766 360 quam
1798 320 1887 349 extra
1917 314 1999 348 illud

1263 371 1383 414 ubique
1410 371 1610 410 adhibeatur,
1641 379 1724 413 quae
1758 368 1878 401 eisdem
1911 377 2000 410 prae-

1261 424 1409 456 sentibus
1428 422 1641 456 adhiberetur
1662 422 1686 455 si
1713 421 1818 454 forent
1836 419 2000 454 exhibitae

1261 478 1310 510 vel
1331 483 1493 510 ostensae.

1304 530 1415 562 Datum
1450 530 1580 568 Romae,
1607 529 1692 572 apud
1730 528 1761 561 S.
1787 527 1916 560 Mariam
1941 526 2001 560 Ma-

1262 584 1372 622 iorem,
1398 583 1456 615 sub
1480 583 1603 615 annulo
1625 581 1811 621 piscatoris,
1836 580 1889 613 die
1914 590 2000 613 xxvu

1260 635 1403 669 octobris
1428 644 1555 674 moccxt,
1582 633 1792 678 pontificatus
1815 632 1920 666 nostri
1949 642 2001 665 an-

1261 700 1303 722 no
1328 699 1372 723 x1.

1299 752 1355 779 hat.
1376 751 1418 778 die
1439 752 1471 779 27
1493 751 1613 779 octobris
1632 751 1709 783 1711,
1726 749 1822 786 pontif.
1840 757 1911 776 anno
1927 755 1964 775 111.

1589 893 1674 927 CLX.

1262 983 1470 1015 Reducuntur
1492 982 1602 1014 studia
1627 986 1656 1013 cl
1679 980 1802 1023 qradus
1825 981 1862 1013 in
1881 979 2003 1013 Ordine

1304 1036 1448 1078 fratrum
1486 1034 1741 1068 Carmelilarum
1782 1033 1825 1066 acl
1866 1033 2002 1075 sormam

1305 1088 1523 1132 quorumdam
1556 1086 1755 1120 decretorum
1784 1085 1925 1130 capituli
1951 1095 2003 1128 ye-

1305 1142 1429 1174 neralis
1454 1141 1473 1174 ¹.

1478 1213 1612 1240 clemens
1634 1212 1713 1245 Papa
1733 1211 1789 1243 x1,

1402 1258 1438 1285 ad
1460 1258 1594 1284 futuram
1614 1257 1659 1283 rei
1676 1256 1859 1283 memoriam.

1305 1329 1319 1372 ξ
1340 1328 1372 1361 1.
1395 1326 1517 1370 Exponi
1538 1326 1632 1359 nobis
1650 1336 1752 1369 nuper
1773 1325 1846 1358 fecit
1863 1324 2000 1358 dilectus

1261 1381 1347 1414 silius
1368 1380 1481 1414 Petrus
1498 1380 1637 1413 Thomas
1654 1379 1808 1418 Sanchez,
1830 1378 1921 1421 prior
1946 1387 2002 1420 ge-

1262 1435 1381 1468 neralis
1392 1433 1519 1466 Ordinis
1531 1434 1664 1466 fratrum
1680 1432 1793 1465 beatae
1807 1431 1923 1464 Mariae
1937 1430 2001 1463 Vir-

1262 1487 1346 1530 ginis
1361 1487 1400 1520 de
1426 1487 1531 1519 Monte
1553 1485 1711 1525 Carmelo,
1729 1484 1918 1528 quod,licet
1943 1494 2002 1527 per

1262 1540 1508 1574 constitutiones
1527 1539 1603 1572 dicti
1625 1538 1751 1571 Ordinis
1776 1538 1927 1581 antiquae
1946 1537 2003 1569 ob-

1262 1593 1442 1627 servantiae
1463 1597 1677 1635 nuncupatas,
1697 1596 1788 1634 parte
1806 1601 1827 1630 1,
1845 1601 1917 1634 cap.
1937 1600 2000 1623 xvu

1263 1653 1390 1686 etxvni,
1405 1651 1490 1678 certa
1504 1646 1607 1678 forma
1618 1650 1680 1677 tam
1691 1644 1775 1677 circa
1786 1643 1891 1676 studia
1903 1653 2000 1686 quam

1262 1701 1349 1733 circa
1373 1698 1542 1742 qualitates
1568 1698 1598 1730 in
1626 1697 1833 1730 studentibus
1860 1696 1899 1730 ad
1930 1706 2002 1738 gra-

1262 1753 1319 1785 dus
1336 1751 1552 1785 scholasticos
1566 1749 1796 1793 promovendis
1818 1747 2001 1791 requisitas,

1263 1804 1448 1848 incipiendo
1473 1804 1512 1836 ab
1538 1803 1643 1835 ollicio
1670 1807 1853 1834 cursoratus
1878 1811 2003 1833 nuncu-

1262 1864 1335 1902 pato
1360 1867 1462 1899 usque
1489 1856 1526 1888 ad
1554 1854 1785 1898 magisterium,
1800 1853 2002 1887 observanda

1263 1910 1510 1954 praescribatur,
1542 1918 1645 1951 eaque
1671 1907 1703 1939 in
1729 1906 1877 1939 omnibus
1908 1915 2003 1949 prae-

1264 1964 1340 1997 dicti
1366 1962 1494 1996 Ordinis
1526 1960 1701 2005 provinciis
1737 1959 1907 2002 (exceptis
1938 1957 2002 1991 illis

1263 2016 1491 2060 Hispaniarum
1517 2021 1547 2047 et
1568 2013 1797 2056 Portugalliae,
1818 2022 1898 2056 quae
1916 2011 2002 2045 circa

1263 2069 1440 2113 praemissa
1471 2067 1600 2100 statutis
1629 2065 1880 2110 particularibus
1905 2069 2003 2096 utun-

1265 2123 1334 2164 tur)
1361 2132 1426 2154 non
1447 2121 1518 2154 sine
1544 2130 1662 2163 magno
1681 2118 1891 2152 scientiarum
1917 2126 2003 2149 emo-

1264 2177 1406 2208 lumento
1423 2174 1461 2207 ab
1476 2172 1725 2206 immemorabili
1742 2177 1885 2214 tempore
1898 2179 2001 2212 usque

1264 2228 1302 2261 ad
1328 2237 1447 2260 annum
1469 2235 1616 2260 mDeLxxx
1639 2229 1764 2258 servata
1793 2223 1898 2263 suerit,
1918 2222 2003 2255 nihi-

1318 2301 1326 2323 1
1359 2297 1529 2323 Praecedens
1555 2295 1642 2322 forma
1661 2293 1814 2321 studiorum
1834 2296 1907 2320 extat
1924 2293 2002 2320 lnno-

1263 2341 1344 2368 centii
1365 2340 1412 2367 XIl
1433 2344 1520 2367 const.
1542 2339 1606 2366 edit.
1627 2344 1742 2372 nncxcn,
1759 2337 1802 2364 die
1823 2338 1850 2363 11
1874 2335 2002 2369 octobris,

1263 2385 1358 2420 pontif.
1380 2392 1415 2416 113
1430 2385 1458 2410 in
1475 2384 1553 2410 huius
1574 2382 1710 2410 Pontiticis
1729 2386 1816 2409 const.
1833 2381 1876 2409 ed.
1893 2387 2001 2414 nocent,

1262 2429 1305 2456 die
1325 2429 1356 2455 27
1379 2428 1477 2461 martii,
1499 2427 1594 2463 pontif.
1616 2433 1652 2461 tv,
1677 2435 1805 2454 concessa
1823 2426 1898 2453 suere
1918 2433 2003 2461 quae-

1263 2474 1323 2500 dam
1344 2472 1483 2508 privilegia
1503 2471 1651 2498 lectoribus
1679 2471 1707 2497 in
1733 2470 1846 2506 collegio
1873 2469 2002 2497 ecclesia-

1261 2518 1327 2545 stico
1348 2517 1380 2544 de
1402 2517 1486 2549 Urbe3
1515 2521 1541 2543 et
1561 2517 1587 2543 111
1608 2516 1745 2543 Benedicti
1772 2515 1829 2543 Xlll
1848 2519 1936 2542 const.
1956 2514 2000 2542 ed.

1262 2569 1405 2594 Moccxmv,
1426 2561 1469 2588 «lie
1489 2561 1523 2588 22
1543 2561 1615 2595 maii,
1637 2561 1732 2596 pontif.
1754 2567 1772 2597 1,
1789 2561 1901 2595 erigitur
1919 2559 2000 2587 colle-

1261 2608 1333 2643 gium
1354 2607 1502 2634 studiorum
1524 2606 1642 2640 Neapoli.

2005 212 2055 239 An.
2076 213 2105 240 C.
2124 213 2187 241 171¹

2088 1336 2195 1363 Expositio

2011 1369 2084 1385 (2032.

2260 991 2269 1117 .μ-’,ι.
