2269 3203
60 231 109 259 Αι.
130 228 159 259 C.
176 229 245 258 ¹710

87 2204 208 2226 ctaunutae.

876 230 1019 255 CLEMENS
1043 230 1077 255 xt
1101 231 1150 256 Pr.

253 278 375 320 tudine,
389 285 544 324 quantum
562 290 632 314 curn
646 280 786 314 Domino
804 289 988 324 possumus,

251 343 423 368 occurrere
450 334 620 375 volentes,
657 334 697 367 de
733 338 988 366 memoratorum

252 386 462 420 cardinalium
476 387 626 427 consilio,
646 397 682 420 ac
700 386 796 420 etiam
814 392 901 419 motu
921 396 990 429 pro-

252 438 335 481 prio,
353 445 384 472 et
406 450 441 472 ex
469 442 555 473 certa
581 440 715 473 scientia
741 445 772 473 et
798 441 922 472 matura
941 440 991 472 de-

252 491 446 525 liberatione
472 493 616 533 nostris,
651 493 754 536 deque
791 493 991 536 apostolicae

251 544 422 587 potestatis
452 546 655 589 plenitudine
674 573 681 585 ‚
714 546 814 579 libros
845 545 991 589 supradi—

253 602 333 637 ctos,
361 603 392 630 et
417 608 530 631 eorum
564 599 767 642 quemlibet,
794 598 991 642 ubicumque

253 657 284 683 et
309 661 516 696 quocumque
539 653 601 686 alio
620 652 775 686 idiomate
802 663 858 685 seu
882 652 991 695 quavis

253 704 396 738 editione
422 711 454 739 et
477 706 626 739 versione
654 707 821 750 bucusque
854 706 992 749 impres-

252 766 305 789 sos
326 768 363 790 ac
381 769 477 791 manu
496 759 688 803 descriptos,
706 764 761 792 aut
781 759 991 802 imposterum

253 810 489 854 imprimendos
515 818 546 845 et
583 812 839 851 describendos,
878 817 990 845 tenore

253 865 476 907 praesentium
502 865 691 899 damnamus
717 871 749 899 et
769 865 993 908 reprobamus,

253 927 289 950 ac
313 917 376 961 legi
402 928 437 951 ac
462 919 595 952 retineri
632 919 847 963 prohibemus
864 946 871 959 ,
909 918 992 962 ipso-

254 980 390 1014 rumque
426 972 584 1005 librorum
619 977 789 1005 eteorum
822 971 992 1004 cuiuslibet

254 1023 528 1067 impressionem,
561 1025 816 1069 descriptionem
837 1052 844 1065 ,
883 1030 992 1058 reten-

255 1076 402 1117 tionem,
432 1078 607 1111 lectionem
645 1084 676 1111 et
708 1089 804 1111 usum
840 1077 991 1111 omnibus

254 1134 285 1162 et
309 1129 446 1173 singulis
471 1131 736 1164 christifidelibus
754 1158 761 1171 ,
794 1131 888 1164 etiam
921 1141 993 1174 spe-

254 1182 344 1216 cifica
368 1188 400 1217 et
424 1184 589 1218 individua
613 1185 780 1218 mentione
807 1192 838 1218 et
863 1196 992 1228 expres-

254 1236 343 1270 sione
369 1237 495 1280 dignis,
520 1238 577 1270 suh
604 1240 708 1282 poena
733 1239 993 1271 excommunica-

253 1289 352 1323 tionis
387 1301 446 1333 per
483 1292 754 1325 contrafacientes
801 1291 870 1334 ipso
908 1291 992 1323 sacto

253 1342 374 1386 absque
399 1344 460 1377 alia
485 1344 708 1377 declaratione
734 1344 946 1383 incurrenda,
975 1355 992 1376 a

253 1406 315 1439 qua
340 1406 435 1429 nemo
460 1407 520 1440 per
544 1407 752 1441 quemquam,
767 1397 828 1430 nisi
855 1407 913 1441 per
932 1407 992 1430 nos

254 1454 286 1482 et
310 1449 490 1484 Romanum
526 1450 712 1484 Pontificem
747 1461 806 1495 pro
845 1457 991 1494 tempore

254 1503 468 1545 existentem,
494 1510 727 1549 praeterquam
753 1505 785 1537 in
812 1505 923 1538 mortis
942 1515 993 1538 ar-

254 1557 352 1590 ticulo
366 1557 569 1599 constitutus,
591 1558 710 1592 absolvi
726 1559 839 1602 possit,
860 1558 992 1592 omnino

253 1610 491 1644 interdicimus.
507 1611 662 1645 Volentes
688 1617 719 1645 et
737 1612 918 1655 apostolica
942 1623 991 1645 au-

254 1663 404 1697 ctoritate
423 1665 675 1708 praecipientes,
695 1671 729 1697 ut
747 1665 940 1710 quicumque
960 1666 991 1698 li-

253 1715 330 1750 bros
358 1717 570 1760 praedictos,
601 1719 651 1752 vel
688 1718 830 1762 aliquem
864 1730 987 1760 eorum,

253 1780 352 1813 penes
367 1780 401 1803 se
422 1771 606 1812 habuerint,
625 1772 698 1804 illos
717 1782 773 1805 seu
792 1770 914 1812 illum¹,
929 1777 991 1804 sta—

254 1821 309 1855 tim
326 1828 422 1868 atque
445 1831 636 1867 praesentes
662 1825 788 1858 litterae
814 1825 853 1858 ad
879 1835 989 1858 eorum

252 1877 398 1910 notitiam
414 1878 633 1921 pervenerint,
650 1882 836 1919 teneantur,
863 1879 990 1913 tradere

253 1935 349 1975 atque
367 1932 561 1975 consignare
576 1933 722 1966 locorum
736 1932 924 1973 Ordinariis,
942 1933 990 1966 vel

253 1984 439 2018 haereticae
464 1985 631 2029 pravitatis
651 1986 913 2030 inquisitoribus,
936 1986 989 2030 qui

253 2039 449 2082 exemplaria
485 2039 546 2072 sibi
579 2039 696 2073 tradita
732 2039 817 2072 illico
856 2039 990 2073 flammis

252 2091 376 2125 aboleri
402 2098 527 2126 curent.
555 2093 589 2126 In
615 2093 813 2127 contrarium
846 2093 991 2126 facienti-

252 2144 311 2178 bus
337 2155 402 2179 non
427 2145 631 2180 obstantibus
657 2146 929 2190 quibuscumque.

296 2199 311 2242 ἓ
348 2198 377 2232 2.
410 2198 583 2240 Ceterum,
610 2205 643 2232 ut
679 2200 767 2244 ipsae
803 2206 989 2243 praesentes

253 2251 379 2285 litterae
405 2253 558 2286 omnibus
591 2253 718 2287 facilius
757 2253 988 2294 innotescant,

252 2312 314 2337 nec
338 2305 508 2349 quisquam
534 2306 663 2339 illarum
694 2306 910 2349 ignorantiam
945 2307 990 2340 al-

253 2355 359 2399 legare
384 2359 507 2400 valeat‚
534 2360 682 2393 volumus
709 2359 852 2403 pariter⁷
879 2365 910 2393 et
934 2370 990 2393 au-

253 2410 402 2443 ctoritate
427 2412 590 2454 praedicta
615 2412 838 2453 decernimus,
861 2418 895 2445 ut
916 2413 990 2446 illae

253 2460 294 2493 ad
318 2462 423 2495 valvas
447 2463 600 2498 basilicae
626 2465 786 2509 Principis
817 2467 990 2509 Apostolo-

253 2514 359 2546 lorum
385 2521 417 2548 et
440 2515 659 2551 Cancellariae
685 2519 896 2561 apostolicae,
920 2530 990 2553 nec-

253 2577 320 2601 non
337 2566 451 2601 Curiae
467 2569 627 2611 generalis
652 2571 684 2603 in
703 2571 809 2605 Monte
822 2572 978 2605 Citatorio

288 2630 301 2656 1
324 2627 442 2656 Pessime
461 2629 525 2657 edit.
547 2629 626 2658 Malu.
649 2631 712 2668 legit
735 2633 851 2661 illorum
872 2635 913 2669 (a.
939 2635 987 2669 T.).

1034 286 1065 313 et
1081 280 1149 313 acie
1167 279 1376 324 Campissorae
1396 279 1435 314 de
1452 279 1536 313 Urbe
1557 290 1616 324 per
1634 281 1774 325 aliquem

1034 345 1070 367 ex
1096 334 1282 368 cursoribus
1310 334 1437 375 nostris,
1466 339 1501 366 ut
1526 335 1624 368 moris
1639 339 1696 374 est,
1715 345 1774 377 pu-

1034 387 1199 420 blicentur
1224 414 1230 427 ,
1259 387 1453 431 illarumque
1480 388 1627 430 exempla
1653 387 1773 420 ibidem

1034 440 1125 472 affixa
1150 440 1393 484 relinquantur,
1420 441 1464 474 sic
1489 451 1563 473 vero
1579 440 1773 483 publicatae,

1035 503 1147 525 omnes
1173 499 1204 526 et
1229 494 1396 536 singulos,
1430 504 1509 537 quos
1545 498 1772 532 concernunt,

1035 546 1171 589 perinde
1198 547 1337 579 afficiant
1363 553 1393 580 et
1418 552 1561 588 arctent,
1586 557 1622 579 ac
1648 546 1671 578 si
1705 545 1777 579 uni-

1035 598 1149 642 cuique
1175 599 1303 632 illorum
1322 600 1538 644 personaliter
1562 600 1725 632 intimatae
1745 604 1777 632 et

1035 651 1200 684 notificate
1215 651 1364 692 fuissent;
1380 657 1479 695 utque
1491 652 1676 685 earumdem
1689 661 1778 695 prae-

1034 704 1172 736 sentium
1200 703 1380 737 litterarum
1407 704 1617 748 transumptis
1643 715 1698 737 seu
1725 714 1777 737 ex-

1035 756 1161 800 emplis,
1190 756 1285 789 etiam
1312 757 1490 800 impressiS,
1518 768 1614 790 manu
1641 757 1776 790 alicuius

1036 810 1152 842 notarii
1168 810 1288 853 publici
1309 811 1507 854 subscriptis,
1528 816 1559 842 et
1576 810 1683 852 sigillo
1702 820 1778 853 per-

1035 873 1134 896 sonae
1161 863 1193 895 in
1219 863 1442 897 ecclesiastica
1467 863 1624 906 dignitate
1658 863 1777 896 consti-

1037 921 1125 949 tutae
1151 916 1292 957 munitis‚
1320 917 1432 949 eadem
1458 926 1591 959 prorsus
1617 916 1696 949 tides
1713 921 1775 949 tum

1036 969 1067 1001 in
1095 969 1214 1002 iudicio
1241 980 1337 1012 quam
1365 976 1454 1002 extra
1480 970 1560 1002 illud
1596 969 1772 1009 habeatur,

1036 1033 1117 1066 quae
1157 1023 1334 1056 baberetur
1372 1024 1448 1066 ipsis
1483 1023 1712 1067 praesentibus
1749 1023 1775 1055 si

1037 1076 1143 1109 forent
1167 1077 1330 1109 exhibitae
1358 1078 1407 1109 vel
1433 1082 1596 1110 ostensae.

1073 1128 1187 1161 Datum
1203 1129 1334 1168 Romae,
1351 1129 1438 1172 apud
1453 1128 1484 1162 S.
1496 1129 1636 1169 Petrum,
1651 1129 1709 1162 sub
1724 1139 1777 1161 an-

1036 1182 1114 1214 nulo
1130 1182 1314 1223 piscatoris,
1330 1182 1381 1215 die
1399 1192 1463 1216 xvii
1484 1182 1638 1215 februarii
1654 1190 1775 1222 unccx,

1036 1234 1243 1278 pontificatus
1262 1236 1367 1268 nostri
1395 1245 1480 1268 anno
1498 1246 1528 1268 x.

1071 1296 1127 1323 Dat.
1148 1297 1191 1323 die
1210 1298 1238 1324 17
1255 1297 1386 1324 februarii
1404 1297 1480 1330 1710,
1498 1297 1597 1333 pontif.
1615 1305 1687 1324 anno
1704 1306 1728 1324 x.

1310 1423 1495 1456 CXXXVIII.

1035 1491 1223 1525 Damnatur
1262 1497 1291 1526 et
1321 1493 1513 1536 prohibetur
1551 1492 1655 1526 denuo
1697 1492 1778 1526 liber

1078 1545 1135 1578 sub
1172 1545 1266 1578 tilulo
1297 1546 1562 1579 Considerazioni
1597 1546 1775 1590 teologico-

1078 1599 1256 1642 politicbe,
1290 1610 1380 1641 ece.;
1414 1606 1507 1644 parte
1540 1600 1645 1644 prima
1677 1611 1693 1633 e
1728 1611 1776 1633 se-

1079 1653 1216 1686 conda¹.

1251 1716 1385 1744 Clemens
1408 1717 1487 1751 Papa
1506 1717 1556 1750 XI,

1157 1760 1193 1788 ad
1213 1764 1390 1796 perpetuam
1410 1762 1454 1789 rei
1474 1762 1655 1790 memoriam.

1078 1823 1092 1866 ἓ
1113 1822 1143 1855 1.
1161 1823 1271 1867 Nuper
1292 1834 1352 1857 nos
1378 1834 1438 1867 per
1463 1824 1618 1868 quasdam
1646 1829 1774 1858 nostras

1034 1877 1066 1909 in
1084 1876 1184 1909 simili
1198 1876 1301 1909 forma
1314 1877 1422 1910 Brevis
1436 1877 1572 1918 litteras,
1582 1877 1667 1910 inter
1680 1878 1774 1918 alios,

1034 1929 1154 1963 librum
1179 1931 1352 1974 quemdam
1378 1931 1488 1965 italico
1518 1931 1671 1965 idiomate
1697 1942 1775 1965 con-

1035 1983 1202 2027 scriptum,
1221 1989 1253 2017 et
1269 1984 1302 2016 in
1321 1984 1399 2017 duas
1419 1989 1527 2027 partes
1547 1984 1694 2026 divisum,
1713 1985 1773 2018 sub

1036 2037 1147 2070 titulo:
1172 2037 1435 2071 consideo-azioni
1452 2038 1775 2082 teoloqico-politiche

1033 2090 1113 2132 fatte
1136 2100 1157 2122 a
1185 2100 1244 2133 pro
1268 2090 1356 2133 degite·
1380 2090 1476 2123 edicti
1505 2090 1541 2124 di
1570 2091 1600 2124 S.
1629 2091 1673 2124 M.
1703 2092 1776 2126 Cal-

1036 2143 1130 2177 zotica
1150 2144 1281 2177 intorno
1305 2143 1370 2176 alle
1393 2144 1519 2178 rendae
1542 2145 1776 2178 ecclesiastiche

1034 2196 1085 2230 del
1117 2207 1214 2240 reque
1243 2197 1279 2229 di
1309 2197 1455 2241 Napoli,
1491 2198 1710 2232 damnavimus
1744 2205 1775 2231 et

1039 2251 1293 2294 reprobavimus,
1320 2261 1355 2283 ac
1380 2251 1443 2294 legi
1470 2261 1527 2284 seu
1550 2251 1684 2285 retineri
1703 2262 1774 2295 pro»

1035 2304 1214 2345 hibuimus,
1240 2310 1271 2337 et
1302 2305 1398 2344 alias,
1430 2309 1528 2348 prout
1560 2305 1591 2337 in
1624 2304 1775 2348 scriptis³

1071 2412 1080 2437 1
1105 2410 1152 2437 Hic
1173 2410 1242 2437 liber
1262 2410 1406 2437 damnatus
1426 2410 1473 2437 suit
1489 2410 1683 2437 constitutione
1697 2418 1775 2445 prae-

1033 2455 1145 2483 cedente
1162 2455 1221 2482 sine
1237 2455 1411 2490 expressione
1427 2455 1486 2482 eius
1508 2455 1649 2481 secundae
1661 2456 1774 2489 partia·

1032 2504 1058 2528 et
1078 2503 1162 2527 const.
1184 2500 1257 2526 edita
1278 2506 1391 2533 unccx,
1412 2499 1455 2526 die
1475 2500 1492 2526 6
1511 2499 1599 2533 iunii,
1619 2499 1716 2534 pontif.
1738 2505 1772 2532 x,

1032 2546 1195 2573 damnantur
1214 2545 1413 2580 propositiones
1433 2547 1576 2579 excerptae
1596 2552 1627 2571 ex
1638 2543 1706 2571 libro
1719 2544 1773 2570 No-

981 2600 988 2613 ²
1032 2598 1104 2617 veau
1127 2590 1307 2623 Testamene,
1329 2592 1379 2616 etc.

1067 2634 1083 2660 *Ξ
1104 2633 1196 2661 Potius
1213 2634 1406 2669 praescriptis
1428 2632 1467 2661 vel
1485 2632 1644 2666 praedictis
1665 2634 1701 2666 (a.
1722 2634 1769 2667 T,).

1668 221 1728 258 381
1781 231 1831 259 An.
1848 231 1879 258 c.
1901 231 1969 259 1710

1827 1834 1883 1855 Libri
1899 1835 1970 1855 titulus

1787 1866 1883 1884 censura.
1899 1867 1923 1881 ac
1935 1867 1970 1881 uu-

1787 1893 1824 1907 rae
1853 1887 1970 1908 damnatiu-

1786 1920 1816 1934 nis
1832 1919 1903 1934 rausa.
