2269 3203
67 188 116 214 Αι.
138 185 167 214 C.
184 186 251 214 1707

303 235 355 268 nis
383 235 642 279 presbyterorum
667 233 852 273 Missionis,
875 237 902 265 et
930 242 998 266 ser-

304 289 429 322 vandas
454 299 517 322 esse
543 286 822 322 constitua·ones¹.

475 371 610 397 Clemens
633 369 713 402 Papa
737 368 785 399 xl,

399 417 435 443 ad
455 415 593 443 futuram
613 414 659 441 rei
679 413 866 440 memoriam.

295 487 323 530 -ξ
347 487 379 519 1.
402 486 510 529 Nuper
535 496 552 518 a
577 485 839 528 Congregatione
866 484 1005 516 nonnul-

267 541 371 574 torum
394 550 430 572 ex
452 539 693 572 venerabilibus
713 538 866 570 fratribus
887 537 1006 569 nostris

266 593 380 626 S.R.E.
408 592 627 626 cardinalibus
653 603 670 624 a
694 590 789 624 nobis
817 590 1006 634 specialiter

266 647 419 690 deputata
437 645 597 679 emanavit
612 645 644 678 in
663 647 761 677 causa
787 644 929 676 Romana
948 653 1004 676 seu

265 700 441 733 Galliarum
456 704 651 742 praetensae
671 697 841 731 divisionis
861 697 946 729 inter
965 696 1007 729 di-

268 755 368 786 lectos
394 752 477 786 filios
508 752 700 785 modernum
728 750 931 794 superiorem
953 760 1007 792 ge-

267 807 412 839 neralem
452 804 725 848 Congregationis
762 803 939 838 Missiouis.
970 813 1005 835 ex

266 860 351 898 una,
384 864 415 891 et
448 858 657 901 presbyteros
686 859 869 890 saeculares
898 856 1006 889 ltaliae

270 911 416 944 eiusdem
434 910 705 954 Congregationis
721 909 894 949 missionis,
910 919 946 942 ex
966 909 1009 941 al·

270 967 335 998 tera
349 965 508 1008 partibus,
523 969 681 1002 vertente,
701 964 866 997 decretum
885 962 1009 996 tenoris

270 1017 324 1061 qui
343 1017 503 1060 sequitur,
530 1017 698 1051 videlicet:

99 501 166 522 Causa
191 506 229 526 cip
238 508 252 517 ι-

68 530 131 549 uitur.

75 1113 89 1131 ς
111 1085 260 1136 conqssfil'ss‘t‘ssff
310 1082 345 1109 Iu
368 1080 607 1117 eaussssRomana
623 1089 675 1109 seu
694 1080 858 1109 Galliarum
874 1081 1009 1117 praeten-

76 1146 108 1160 ..ιιι
130 1141 187 1165 quma
206 1139 320 1159 rut—isne
355 1130 507 1158 divisionis
537 1130 614 1157 inter
647 1129 797 1158 domiuum
830 1128 1011 1167 superiorem

76 1167 184 1214 ῧζῗῖιωῐί
219 1166 261 1185 ¹¹²⁹
271 1179 441 1216 generalem
452 1178 701 1216 Congregationis
719 1177 876 1213 Missionis‚
889 1187 926 1206 ex
943 1177 1011 1213 uua,

271 1232 301 1257 et
315 1228 450 1257 dominos
468 1227 667 1255 Missionarios
689 1227 805 1263 Italiae⁷
820 1227 953 1264 partibus
974 1235 1012 1254 ex

271 1277 375 1313 altera,
391 1285 476 1304 sacra
492 1275 695 1314 Congregatio
712 1275 1011 1304 eminentissimorum

271 1329 301 1355 et
321 1325 638 1354 reverendissimorum
661 1324 848 1353 dominorum
870 1324 898 1352 S.
921 1324 956 1352 R.
977 1324 1011 1351 E.

272 1374 468 1403 cardinalium
499 1373 647 1412 Carpinei,
679 1374 858 1410 Marescotti,
887 1373 1012 1402 Peneia-

272 1423 332 1460 tici,
354 1423 470 1462 Spadae
493 1426 522 1451 et
544 1422 651 1451 Casoni
674 1432 726 1460 per
747 1422 798 1451 SS.
822 1422 856 1450 D.
879 1422 916 1451 N.
947 1431 1012 1460 spe-

273 1472 386 1501 cialiter
408 1472 558 1510 deputata,
581 1472 712 1510 partibus
737 1471 807 1510 ipsis
829 1471 1012 1500 informanti-

273 1521 336 1558 bus,
358 1530 449 1559 reque
471 1524 586 1550 mature
609 1521 748 1557 discussa,
770 1521 884 1549 censuit
903 1530 936 1549 ac
965 1520 1015 1549 de-

275 1571 410 1607 claravit,
431 1580 489 1599 non
512 1580 575 1599 esse
596 1571 692 1599 locum
721 1570 866 1607 divisioni,
895 1573 924 1599 et
953 1579 1013 1598 ser-

276 1618 389 1648 vandas
413 1619 636 1648 constitutiones
658 1622 687 1647 et
708 1619 746 1647 ad
767 1621 906 1656 mentem,
938 1627 1014 1656 quae

276 1667 394 1705 quidem
417 1671 461 1696 est
483 1667 561 1705 quod
588 1668 720 1706 superior
747 1668 893 1706 generalis
914 1670 1015 1696 utatur

275 1716 398 1745 consitio
430 1719 459 1745 et
490 1717 580 1754 opera
612 1717 773 1746 assistentis
799 1716 905 1745 Italiae
931 1717 962 1745 in
984 1726 1013 1745 ο-

275 1765 392 1794 mnibus
412 1766 540 1803 negotiis
553 1766 810 1803 Congregationis,
826 1766 1015 1802 quemadmo-

275 1814 345 1843 dum
367 1815 463 1843 utitur
484 1814 605 1843 consilio
627 1819 655 1843 et
677 1814 767 1852 opera
796 1815 920 1843 aliorum
943 1815 1014 1843 assi-

274 1863 425 1900 stentium,
447 1863 585 1901 quodque
596 1863 679 1892 illum
697 1863 834 1892 admittat
846 1866 875 1892 et
890 1864 1016 1893 retineat

275 1913 334 1941 une.
356 1922 422 1941 cum
444 1912 509 1940 aliis
530 1912 560 1940 iu
582 1910 668 1941 domo
691 1921 761 1941 suae
783 1912 973 1948 residentiae,
988 1914 1017 1941 et

275 1963 388 1989 ceteros
407 1960 538 1989 sabditos
560 1962 695 1989 amanter
717 1963 745 1989 et
760 1961 934 1989 charitative
957 1964 1016 1990 tra-

275 2011 345 2038 ctet.
360 2010 472 2038 Romae
493 2018 522 2038 rr
544 2009 670 2038 octobris
685 2019 803 2038 MDCCVI.
819 2026 857 2030 —
873 2009 908 2038 G.
922 2010 1017 2038 cardi-

276 2058 352 2087 nalis
367 2058 531 2088 Canen-ecs
547 2074 584 2079 —
598 2059 635 2086 F.
654 2058 891 2096 archiepiscopus
910 2058 1018 2087 NICAE-

278 2116 332 2136 scs
355 2107 540 2136 secretarius.

323 2156 337 2199 ἓ
355 2155 386 2188 2.
407 2155 483 2188 Cum
501 2161 616 2195 autem,
636 2155 719 2188 sieut
741 2155 846 2188 dietus
869 2156 1019 2199 superior

280 2208 442 2252 generalis
474 2208 569 2242 nobis
602 2208 744 2242 subinde
777 2208 894 2252 exponi
931 2207 1017 2248 feeit,

280 2263 348 2306 ipse
374 2263 539 2296 decretum
565 2262 752 2295 huiusmodi
768 2289 776 2302 ,
803 2272 866 2305 quo
896 2261 1019 2294 firmius

135 2161 268 2183 Confirmatio

84 2189 147 2210 retni
162 2189 248 2209 decreti.

317 2370 327 2397 1
351 2370 441 2398 Coust.
463 2370 506 2398 ed*
528 2377 639 2406 uocem,
661 2370 704 2398 die
725 2371 741 2397 9
762 2370 830 2404 iulii,
861 2370 957 2406 pontif.
980 2376 1019 2404 111,

283 2423 439 2443 concessum
458 2415 510 2443 suit
529 2416 665 2451 quoddam
691 2417 734 2443 ius
761 2415 847 2451 primo
867 2416 1018 2449 assistenti3

284 2463 311 2487 et
329 2463 415 2487 coust.
435 2460 478 2487 ed.
499 2465 607 2493 uocem,
628 2460 671 2487 die
690 2461 706 2488 9
726 2460 901 2496 septembris,
931 2461 1021 2496 ponti-

285 2505 380 2531 ticatus
398 2510 434 2537 Ν,
454 2504 609 2532 declaratae
637 2505 713 2533 fuere
741 2505 965 2538 constitutionem
995 2509 1021 2532 et

283 2548 309 2575 in
326 2547 462 2575 Benedicti
481 2548 543 2575 XIll
559 2553 643 2577 const.
659 2549 702 2577 ed.
719 2556 855 2584 nnecxvu,
876 2549 919 2577 die
930 2550 964 2578 15
983 2549 1021 2577 iu-

284 2592 321 2628 lii,
342 2592 435 2629 pontif.
458 2599 493 2625 w,
515 2593 604 2629 agitur
624 2593 656 2622 de
677 2594 808 2623 electione
829 2594 989 2623 assistentis.

885 182 1029 207 cifflttsxs
1054 182 1087 206 xl
1112 183 1160 206 FP.

1047 233 1202 265 subsistat
1228 236 1260 264 et
1283 236 1430 264 servetur
1462 231 1615 271 exactius,
1649 237 1784 274 aposto-

1047 286 1128 318 licae
1168 284 1423 319 confirmationis
1448 290 1579 318 nostrae
1605 284 1787 327 patrocinio

1048 338 1241 372 communiri
1280 338 1455 382 plurimum
1501 337 1686 370 desideret:
1713 347 1788 377 uos,

1048 393 1222 435 specialem
1248 392 1310 436 ipsi
1345 391 1507 434 superiori
1534 390 1681 433 generali
1719 400 1790 432 gra-

1051 446 1124 478 tiam
1141 446 1246 478 faeere
1265 445 1421 484 volentes,
1439 454 1578 487 eumque
1594 455 1611 475 a
1625 442 1792 486 quibusvis

1049 498 1404 536 excommunicationis,
1431 497 1661 540 suspensionis
1685 501 1718 529 et
1743 496 1793 528 in-

1050 552 1190 592 terdicti,
1205 552 1345 594 aliisque
1359 550 1592 583 ecclesiasticis
1610 549 1794 587 sententiis,

1050 605 1197 639 censuris
1229 610 1260 638 et
1292 605 1429 648 poenis,
1456 614 1473 636 a
1497 603 1567 636 iure
1592 604 1643 636 vel
1669 603 1708 635 ab
1735 603 1794 636 ho-

1051 659 1159 698 mine,
1192 658 1303 702 quavis
1329 657 1503 692 occasione
1525 658 1574 690 vel
1593 658 1690 689 causa
1711 657 1793 694 latis,

1051 713 1074 745 si
1086 713 1206 756 quibus
1225 711 1476 755 quomodolibet
1489 711 1663 744 innodatus
1678 709 1793 748 existit,

1051 767 1089 799 ad
1111 766 1261 799 effectum
1283 765 1510 809 praesentium
1530 765 1698 797 dumtaxat
1717 773 1796 796 con-

1051 821 1266 864 sequendum,
1287 820 1405 853 harum
1424 820 1511 852 serie
1533 819 1745 852 absolventes
1765 822 1795 850 et

1052 874 1236 907 absolutum
1259 874 1328 906 sore
1346 878 1534 912 censentes,
1551 871 1796 916 supplicationi-

1052 927 1111 959 bus
1137 926 1204 960 eius
1222 926 1355 960 nomine
1376 926 1470 959 nobis
1490 936 1588 969 super
1606 925 1669 958 lioe
1689 925 1795 958 bumi-

1053 981 1128 1013 liter
1145 979 1307 1023 porrectis
1326 979 1483 1019 inclinati,
1513 980 1677 1012 decretum
1703 989 1797 1022 prae-

1054 1034 1221 1072 insertum,
1249 1033 1442 1066 auctoritate
1468 1033 1656 1076 apostolica,
1684 1039 1795 1065 tenore

1054 1087 1292 1131 praesentium,
1321 1086 1540 1130 approbamus
1564 1089 1595 1119 et
1626 1085 1797 1118 confirma-

1054 1152 1133 1179 mus,
1163 1141 1275 1184 illique
1301 1139 1498 1173 inviolabilis
1518 1139 1717 1183 apostolicae
1743 1138 1797 1171 fir-

1055 1194 1174 1227 mitatis
1198 1194 1302 1227 robur
1334 1193 1527 1231 adiieimus,
1559 1204 1594 1226 ae
1627 1202 1739 1226 omnes
1765 1197 1797 1225 et

1055 1247 1199 1290 singulos
1225 1247 1303 1279 iuris
1330 1251 1357 1279 et
1387 1246 1459 1278 sacti
1487 1246 1654 1285 desectus,
1682 1245 1707 1278 si
1741 1245 1795 1288 qui

1057 1301 1197 1344 desuper
1237 1299 1486 1344 quomodolibet
1529 1299 1769 1332 intervenerint
1788 1326 1795 1339 ,

1057 1355 1261 1397 supplemus.

1101 1407 1115 1450 ξ
1140 1407 1171 1441 3.
1199 1407 1430 1446 eccm-nentes,
1450 1406 1580 1439 easdem
1607 1410 1799 1449 praesentes

1057 1460 1183 1494 litteras
1197 1470 1330 1503 semper
1348 1459 1592 1499 fi1=1nas,vatidas
1608 1464 1639 1491 et
1653 1458 1799 1492 efficaces

1058 1513 1198 1546 existere
1217 1518 1247 1546 et
1267 1514 1343 1553 sore,
1362 1523 1501 1556 suosque
1521 1512 1687 1555 plenarios
1703 1517 1735 1545 et
1755 1511 1800 1544 in-

1059 1572 1166 1610 tegros
1185 1566 1318 1600 ell'eetus
1337 1565 1709 1605 sortirietohtinere,·ac
1727 1565 1799 1606 illis,

1059 1620 1097 1652 ad
1122 1631 1203 1664 quos
1219 1625 1345 1664 spectat
1363 1623 1393 1653 et
1413 1630 1471 1663 pro
1491 1625 1638 1662 tempore
1657 1618 1801 1662 quando-

1059 1685 1196 1718 cumque
1224 1673 1392 1718 spectabit,
1418 1674 1449 1706 iu
1475 1673 1625 1706 omnibus
1644 1678 1751 1716 etper
1768 1682 1800 1704 o-

1060 1728 1147 1760 mnia
1164 1727 1356 1771 plenissime
1380 1726 1558 1770 suffragari,
1578 1731 1610 1759 et
1627 1726 1665 1758 ab
1691 1726 1738 1758 eis
1754 1735 1801 1758 re-

1059 1782 1202 1824 spective
1227 1780 1464 1814 inviolabiliter
1483 1780 1661 1819 observari,
1687 1779 1800 1822 sicque

1061 1834 1091 1866 in
1104 1834 1291 1878 praemissis
1304 1845 1363 1878 per
1377 1843 1602 1878 quoscumque
1618 1833 1740 1866 iudices
1755 1842 1802 1865 or-

1061 1888 1205 1923 dinarios
1217 1893 1249 1921 et
1260 1888 1440 1930 delegatos,
1453 1886 1551 1920 etiam
1566 1896 1736 1918 causarum
1750 1896 1802 1929 pa-

1061 1943 1129 1976 latii
1147 1940 1318 1986 apostolici
1338 1940 1516 1979 auditores,
1535 1939 1669 1972 iudicari
1690 1945 1721 1973 et
1748 1940 1803 1972 de-

1062 1997 1146 2029 finiri
1165 1995 1296 2035 debere,
1315 2006 1350 2027 ac
1367 1995 1495 2027 irritum
1511 2000 1543 2027 et
1559 1993 1653 2026 inane
1671 1993 1696 2026 si
1712 2003 1802 2026 secus

1061 2049 1220 2093 superbis
1239 2060 1256 2081 a
1274 2058 1450 2091 quoquam,
1468 2047 1581 2090 quavis
1598 2047 1801 2086 auctoritate,

1038 2116 1040 2123 ³
1062 2103 1203 2136 scienter
1219 2103 1268 2134 vel
1291 2102 1490 2144 ignoranter,
1507 2100 1683 2142 contigerit
1700 2105 1804 2133 atten-

1064 2157 1134 2189 tari.
1172 2155 1242 2188 Non
1275 2154 1482 2188 obstantibus
1520 2154 1729 2197 praemissis,
1767 2164 1803 2185 ac

1063 2208 1352 2243 constitutionibus
1377 2212 1410 2241 et
1435 2207 1699 2240 ordinationibus
1727 2217 1803 2250 apo-

1063 2262 1199 2302 stolicis,
1226 2272 1368 2303 necnon,
1397 2266 1555 2304 quatenus
1580 2271 1661 2304 opus
1687 2260 1738 2300 sit,
1756 2260 1804 2293 di-

1063 2322 1134 2350 ctae
1174 2315 1446 2359 Congregationis
1485 2313 1671 2354 Missionis,
1705 2314 1803 2347 etiam

1063 2371 1271 2409 iuramento,
1314 2369 1562 2402 confirmatione
1599 2367 1802 2411 apostolica,

1063 2425 1112 2457 vel
1148 2423 1260 2468 quavis
1287 2421 1441 2456 firmitate
1461 2422 1522 2455 alia
1547 2421 1723 2461 roboratis,
1745 2426 1804 2453 sta-

1064 2477 1140 2511 tutis
1158 2483 1190 2511 et
1206 2475 1509 2515 consuetudinibus,
1529 2475 1709 2518 privilegiis
1726 2485 1805 2518 quo-

1064 2542 1140 2576 que,
1179 2530 1316 2564 indultis
1352 2535 1384 2562 et
1408 2528 1526 2562 litteris
1559 2527 1749 2572 apostolicis
1772 2527 1803 2559 in

1065 2584 1261 2619 eontrarium
1283 2583 1538 2628 praemissorum
1557 2580 1804 2624 quomodolibet

1680 173 1743 206 0269
1791 181 1841 207 Λη.
1859 181 1889 207 c.
1914 181 1979 208 Ποῖ

1837 1414 1957 1435 tttiumtae.
