2269 3203
254 214 307 241 An.
327 213 444 242 (1.1715
490 205 554 240 700

301 276 438 296 Confirmatio

252 303 314 323 relati
330 304 420 323 decreti.

265 2024 388 2047 Clausulas).

492 264 507 307 ἓ
532 264 563 296 2.
588 264 664 298 Cum
690 270 816 306 autem,
843 266 925 299 sicut
951 267 1064 300 cadem
1090 278 1189 310 expo-

448 317 523 349 sitio
549 318 783 360 subiungebat,
802 319 878 351 dicti
898 325 1101 362 exponentes
1127 320 1187 352 de-

447 376 571 403 cretum
593 371 794 411 huiusmodi,
813 383 876 416 qno
895 373 1018 405 tirn‘iius
1038 372 1190 405 subsistat

448 429 479 456 et
503 431 649 456 servetur
675 425 825 464 exactius,
851 425 1049 468 apostolicae
1075 425 1190 458 confir-

446 478 598 511 mationis
624 485 754 511 nostrae
781 479 965 522 patrocinio
994 478 1187 511 communiri

446 540 654 574 summopere
681 531 888 564 desiderent:
915 542 987 571 nos,
1012 532 1102 575 ipsos
1128 543 1184 564 ex-

446 590 607 626 ponentes
632 584 824 627 specialibus
847 585 1010 618 savoribus
1030 591 1061 618 et
1077 585 1187 628 gratiis

445 637 598 680 prosequi
623 639 783 677 volentes,
811 645 842 671 et
868 649 979 671 eorum
1006 639 1187 681 singulares

444 701 600 733 personas
638 702 655 724 a
684 691 851 734 quibusvis
881 692 1187 725 excommunicatio-

444 743 515 783 nis,
536 744 764 787 suspensionis
787 750 819 777 et
836 745 998 778 interdicti
1015 772 1022 784 ,
1047 745 1185 788 aliisque

444 796 671 829 ecclesiasticis
690 797 870 835 sententiis,
888 797 1036 830 censuris
1054 803 1086 831 et
1110 808 1186 840 poe-

443 849 502 887 nis,
521 859 537 880 a
554 849 623 882 iure
650 851 699 882 vel
726 850 765 882 ab
792 850 936 890 homine,
965 851 1076 893 quavis
1094 862 1186 883 occa-

442 902 536 935 sione
569 904 619 935 vel
648 905 742 936 causa
770 903 855 945 latis,
870 904 895 936 si
917 904 1033 946 quibus
1051 914 1185 947 quomo-

443 955 565 987 delibet
590 955 764 988 innodatus
791 956 924 996 existit,
959 957 999 989 ad
1036 956 1183 989 effectum

441 1008 663 1049 praesentium
690 1009 854 1041 dumtaxat
885 1009 1153 1052 consequendum
1175 1035 1182 1049 ‚

442 1061 558 1095 harum
595 1062 676 1095 serie
711 1063 919 1095 absolventes
956 1068 987 1096 et
1019 1064 1183 1096 absolutas

442 1114 509 1146 sore
535 1120 723 1154 censentes,
749 1115 1043 1158 supplicationibus
1070 1126 1182 1148 eorum

440 1167 573 1200 nomine
599 1168 694 1200 nobis
720 1178 820 1211 super
841 1169 904 1201 hoc
922 1169 1089 1202 humiliter
1108 1180 1183 1212 por-

439 1220 537 1253 rectis
556 1220 712 1260 inclinati,
739 1221 778 1254 de
797 1222 1030 1254 venerabilium
1051 1222 1183 1255 fratrum

439 1279 626 1306 nostrorum
650 1273 681 1306 S.
699 1273 735 1306 R.
752 1274 787 1306 E.
814 1274 1028 1307 cardinalium
1044 1275 1183 1317 negotiis

440 1331 472 1358 et
496 1327 790 1360 consultationibus
815 1327 1047 1371 episcoporum
1072 1334 1104 1361 et
1132 1339 1183 1361 re-

439 1380 602 1422 gularium
622 1407 629 1420 ,
656 1381 711 1424 qui
737 1381 891 1414 dilectum
918 1381 1018 1414 silium
1044 1382 1179 1414 moder-

438 1443 516 1465 num
542 1439 789 1476 procuratorem
815 1436 1001 1476 generalem
1028 1434 1103 1467 dicti
1125 1434 1182 1467 Or-

438 1485 524 1518 dinis
551 1496 651 1529 snper
675 1487 865 1529 praemissis
885 1487 1088 1527 audiverunt,
1107 1498 1183 1520 con-

437 1539 520 1578 silio,
539 1540 702 1572 decretum
719 1539 967 1583 praeinsertum,
987 1541 1179 1573 auctoritate

437 1593 631 1635 apostolica,
659 1599 773 1626 tenore
799 1593 1036 1636 praesentium,
1065 1594 1179 1627 confir-

436 1656 560 1678 mamus
587 1651 618 1678 et
644 1647 883 1689 approbamus,
910 1647 1022 1690 illique
1045 1648 1179 1680 inviola-

436 1698 510 1731 bilis
537 1700 738 1742 apostolicae
768 1699 930 1733 firmitatis
963 1701 1065 1733 robur
1098 1700 1177 1733 adii-

436 1753 564 1792 cimus,
593 1763 629 1785 ac
654 1763 768 1786 omnes
793 1760 823 1785 et
856 1753 1001 1795 singulos
1034 1754 1113 1786 iuris
1147 1760 1178 1786 et

434 1805 508 1838 sacti
535 1806 681 1839 defectus
698 1833 705 1846 ,
732 1806 757 1838 si
784 1806 839 1848 qui
865 1807 1006 1850 desuper
1043 1818 1176 1850 quomo-

435 1858 559 1891 dolibet
585 1859 830 1899 intervenerint,
857 1861 1063 1902 supplemus3
1091 1861 1177 1892 salva

434 1917 543 1944 tamen
568 1922 700 1955 semper
724 1912 756 1945 in
778 1913 962 1955 praemissis
980 1913 1176 1946 auctoritate

434 1965 704 2008 Congregationis
730 1967 920 2000 eorumdem
947 1967 1172 2000 cardinalium.

478 2019 493 2061 g
517 2018 549 2052 3.
569 2019 804 2059 Decernentes,
827 2020 959 2053 easdem
985 2027 1175 2063 praesentes

432 2071 560 2107 litteras
585 2082 716 2115 semper
741 2072 858 2113 lirmas,
877 2073 999 2106 validas
1020 2080 1053 2106 et
1069 2074 1175 2107 effica-

432 2134 486 2157 ces
511 2125 650 2158 existere
677 2133 708 2159 et
733 2126 814 2166 fore,
842 2137 981 2170 suosque
1007 2128 1174 2169 plenarios

432 2183 464 2210 et
484 2176 630 2220 integros
657 2177 791 2212 effectus
816 2179 926 2212 sortiri
953 2185 984 2213 et
1008 2180 1170 2219 obtinere,

433 2231 517 2263 acab
530 2230 603 2270 illis,
620 2232 658 2264 ad
674 2242 754 2275 quos
769 2238 937 2275 spectatet
949 2244 1010 2276 pro
1025 2239 1173 2277 tempore

433 2284 708 2327 quandocumque
726 2286 898 2327 spectabit,
918 2286 950 2318 in
975 2287 1126 2319 omnibus
1143 2293 1174 2320 et

432 2346 492 2379 per
510 2337 619 2369 omnia
649 2338 886 2371 inviolabiliter
906 2339 1084 2378 observari,
1113 2340 1173 2372 sic—

432 2400 495 2432 que
520 2389 552 2422 in
578 2391 766 2432 praemissis
790 2402 849 2434 per
873 2403 1096 2435 quoscumque
1127 2394 1173 2424 iu-

432 2443 520 2475 dices
556 2443 740 2476 ordinarios
778 2450 810 2477 et
844 2446 1012 2487 delegatos
1036 2472 1043 2485 ‚
1076 2446 1171 2478 etiam

431 2506 603 2528 causarum
628 2496 738 2538 palatii
769 2497 944 2539 apostolici
975 2498 1141 2531 auditores
1163 2526 1170 2539 ,

430 2548 567 2582 iudicari
593 2554 625 2582 et
650 2549 778 2582 deliniri
805 2550 950 2590 debere,
983 2562 1019 2584 ac
1044 2552 1170 2585 irritum

1038 220 1218 244 BUL‘LARIUM
1242 219 1393 244 ROMANUM

1233 267 1344 310 quavis
1369 268 1572 306 auctoritate,
1598 267 1740 301 scienter
1757 269 1806 302 vel
1824 268 1976 311 ignoran-

1234 326 1300 359 ter,
1329 321 1505 363 contigerit
1530 321 1696 354 attentari.

1277 372 1338 415 §la
1359 373 1428 406 Non
1454 374 1661 406 obstantibus
1683 374 1974 408 constitutionibus
2011 386 2170 410 Contrariorum

1231 430 1264 457 et
1286 425 1549 458 ordinationibus
1569 426 1766 469 apostolicis,
1790 438 1838 465 ac,
1861 433 1974 470 quate-

1232 489 1291 511 nus
1309 489 1390 522 opus
1405 476 1465 519 sit,
1485 485 1713 519 conventuum,
1735 481 1920 523 provinciae
1942 487 1974 514 et

1231 531 1359 564 Ordinis
1385 533 1640 576 praedictorum,
1662 533 1759 566 ctiam
1781 533 1971 573 iuramento,

1230 584 1478 618 confirmatione
1504 586 1696 629 apostolica,
1724 588 1772 620 vel
1791 587 1903 629 quavis
1921 587 1972 620 sir-

1232 637 1341 670 mitate
1367 638 1428 671 alia
1454 639 1641 679 roboratis,
1675 639 1801 672 statutis
1835 646 1867 672 et
1896 651 1973 673 con-

1230 691 1463 730 suctudinibus,
1483 691 1662 734 privilegiis
1681 703 1823 736 quoque,
1837 692 1971 726 indultis

1229 747 1260 774 et
1273 743 1390 775 litteris
1408 745 1597 786 apostolicis
1615 745 1648 777 in
1663 745 1861 778 contrarium
1882 756 1972 788 prae·

1228 795 1401 829 missorum
1427 798 1677 840 quomodolibet
1701 798 1875 837 concessis,
1893 809 1971 832 con-

1229 848 1362 881 firmatis
1383 855 1415 882 et
1435 849 1612 891 innovatis;
1635 851 1753 894 quibus
1768 851 1920 884 omnibus
1940 857 1971 884 et

1228 901 1365 944 singulis
1381 903 1507 935 illorum
1524 910 1654 937 tenores
1670 906 1894 947 praesentibus
1909 916 1969 948 pro

1228 956 1324 997 plene
1362 962 1394 989 et
1429 956 1627 990 sufficienter
1663 959 1825 1001 expressis
1861 965 1893 992 et
1929 959 1968 991 de

1228 1009 1328 1041 verbo
1355 1010 1393 1042 ad
1420 1011 1553 1042 verbum
1570 1011 1701 1043 insertis
1721 1011 1887 1053 habentes,
1907 1011 1969 1045 illis

1227 1061 1306 1094 alias
1322 1062 1352 1094 in
1368 1072 1427 1094 suo
1443 1063 1560 1096 robore
1575 1064 1805 1106 permansuris,
1821 1065 1861 1097 ad
1880 1075 1970 1107 prae-

1229 1115 1399 1148 missorum
1425 1116 1588 1156 effectum,
1617 1117 1678 1150 hac
1704 1117 1773 1151 vice
1793 1118 1967 1157 dumtaxat,

1227 1169 1414 1211 specialiter
1436 1175 1467 1202 et
1493 1180 1646 1213 expresse
1673 1171 1891 1213 derogamus;
1918 1182 1969 1204 ce·

1228 1222 1371 1265 terisque
1397 1223 1568 1256 contrariis
1593 1224 1865 1267 quibuscumque.

1270 1274 1383 1307 Datum
1406 1275 1542 1314 Romae,
1561 1277 1647 1319 apud
1666 1276 1697 1309 S.
1718 1269 1854 1309 Mariam
1874 1276 1969 1310 Maio-

1226 1337 1303 1367 rem,
1331 1329 1391 1360 sub
1417 1329 1539 1361 annulo
1558 1329 1743 1369 Piscatoris,
1763 1330 1813 1362 die
1836 1340 1858 1363 11
1877 1335 1967 1363 octo-

1226 1380 1292 1413 bris
1316 1390 1456 1421 MDccxv‚
1472 1381 1680 1424 pontificatus
1695 1383 1797 1415 nostri
1809 1392 1894 1416 anno
1911 1393 1963 1416 xv.

1262 1442 1320 1469 Dat.
1343 1442 1388 1469 die
1408 1443 1424 1470 2
1444 1443 1563 1470 octobris
1585 1444 1662 1477 1715,
1684 1444 1782 1479 pontif.
1804 1453 1877 1472 anno
1897 1453 1939 1472 xv.

1522 1586 1672 1620 CCXXlV.

1226 1665 1446 1707 Confirn'zatur
1477 1665 1663 1698 constitutio
1698 1666 1883 1700 Innocentii
1914 1667 1969 1701 XI

1266 1718 1452 1760 approbans
1487 1722 1612 1751 statuta
1646 1719 1829 1751 cardinalis
1858 1723 1965 1762 prote-

1268 1771 1394 1803 lectoris
1414 1781 1474 1813 pro
1510 1772 1741 1814 reformatione
1774 1772 1965 1816 provinciae

1266 1825 1527 1858 Pedemomanae
1550 1826 1695 1868 fratrum
1713 1826 1965 1859 Carmelz'tarum

1264 1878 1516 1920 reformatorum
1540 1877 1561 1911 ¹.

1438 1959 1574 1986 clemens
1595 1960 1677 1993 Papa
1691 1960 1741 1992 xl,

1321 2004 1356 2029 ad
1386 2006 1567 2037 perpetuam
1596 2004 1642 2031 rei
1671 2001 1858 2032 memoria'm.

1263 2074 1401 2107 lniuncti
1427 2075 1521 2108 nobis
1548 2075 1703 2109 divinitus
1722 2076 1896 2119 pastoralis
1913 2076 1961 2110 os-

1219 2127 1280 2159 ticii
1309 2129 1390 2162 ratio
1416 2131 1584 2172 postulat,
1613 2135 1648 2162 ut
1677 2130 1756 2170 illis,
1791 2140 1892 2173 quae,
1920 2130 1960 2163 ad

1218 2180 1455 2214 confovendum
1483 2182 1710 2224 religiosorum
1735 2183 1890 2222 virorum,
1905 2193 1961 2216 eo-

1217 2244 1288 2265 rum
1314 2234 1507 2276 praesertim
1533 2234 1586 2278 qui
1613 2235 1760 2267 arctioris
1784 2235 1867 2268 vitae
1890 2237 1960 2270 zelo

1254 2306 1262 2330 1
1287 2304 1435 2331 Laudatam
1452 2309 1538 2332 const.
1559 2305 1617 2331 vide
1632 2305 1702 2332 insra
1718 2305 1836 2332 citatam.
1859 2305 1961 2334 Eadem

1216 2353 1316 2375 statuta
1333 2352 1492 2376 confirmata
1513 2350 1586 2377 fuere
1607 2359 1655 2385 pro
1671 2351 1809 2385 provincia
1829 2351 1960 2379 Poloniae

1215 2393 1249 2419 ab
1265 2395 1359 2420 eodem
1374 2395 1528 2421 innocentio
1540 2394 1583 2421 Xl.
1602 2395 1628 2421 ln
1643 2395 1777 2422 Benedicti
1792 2395 1857 2430 xill,
1870 2401 1957 2424 const.

1215 2436 1257 2463 ed.
1274 2444 1400 2472 Moccxiv,
1414 2438 1457 2464 die
1475 2440 1504 2465 27
1518 2439 1588 2467 iulii.
1605 2439 1701 2474 pontis.
1715 2446 1732 2473 t,
1751 2441 1901 2468 instituitur
1916 2450 1958 2469 re-

1986 220 2034 248 An.
2055 220 2084 250 C.
2101 221 2170 250 1715

1985 413 2109 440 derogatio.

1996 2083 2119 2106 Exordium.

1214 2483 1342 2509 formatio
1363 2483 1387 2508 in
1410 2483 1548 2517 provincia
1569 2483 1594 2509 S.
1616 2484 1721 2510 Alberti
1743 2485 1819 2519 regni
1835 2485 1975 2519 Siciliae;·

1214 2530 1240 2553 et
1261 2530 1347 2553 const.
1371 2527 1582 2560 edomecxxwu,
1600 2527 1644 2553 die
1659 2528 1693 2555 26
1709 2530 1811 2563 martii,
1825 2530 1919 2564 pontif.
1929 2536 1955 2560 v,

1215 2573 1305 2597 extant
1325 2570 1456 2604 quaedam
1478 2571 1665 2598 ordinationes
1685 2581 1735 2607 pro
1760 2573 1957 2601 reformatione

431 2608 462 2637 et
485 2602 581 2636 inane
609 2603 635 2636 si
652 2613 746 2637 secus
763 2613 864 2647 super
882 2603 932 2637 his
953 2615 970 2637 a
993 2615 1171 2649 quoquam,
1212 2615 1300 2643 dictae
1319 2616 1476 2650 provinciae
1497 2616 1728 2645 pedemontanae.
