2269 3203
237 202 288 232 An.
306 202 334 230 c.
359 202 423 231 1707
471 193 535 227 289

263 2174 307 2194 Atta
323 2174 416 2196 eiusdem

232 2204 318 2221 senatus
342 2201 416 2222 Tauri-

233 2227 303 2247 musis
332 2228 418 2248 [emuti-

232 2256 270 2275 tus.

429 253 508 286 lium
545 253 596 286 die
630 262 700 286 xxiv
723 251 866 285 eiusdem
897 250 1016 284 mensis
1047 250 1170 284 decem-

428 306 495 339 bris
510 306 747 350 expeditorum,
761 306 799 338 ad
814 303 1086 348 compescendam
1102 303 1171 336 eius

429 359 647 404 proterviam,
680 365 711 392 et
743 356 975 391 consulendum
1012 350 1171 400 spirituali

428 413 516 447 bono
542 413 719 446 animarum
746 411 806 455 ipsi
833 411 1092 451 commissarum,
1120 409 1171 443 die

429 477 499 501 xxiv
516 465 652 499 ianuarii
676 465 903 508 subsequentis
922 469 985 497 tam
1003 463 1103 507 ipsius
1120 473 1172 506 pa-

430 519 583 553 rochialis
610 529 705 562 quam
732 518 867 551 aliarum
890 517 1047 550 ruralium
1066 516 1172 549 eccle-

430 573 548 606 siarum
575 571 672 605 valvis
699 571 827 604 affixum
846 570 906 603 suit
931 570 1086 610 edictum,
1106 580 1171 613 quo

429 626 498 669 ipse
525 625 674 658 omnibus
690 624 905 657 nunciabatur
930 635 948 656 a
966 622 1083 656 divinis
1101 632 1172 655 sus-

431 689 550 722 pensus
588 683 619 710 et
655 677 868 720 irregularis,
905 687 941 708 ac
971 675 1010 708 ad
1043 685 1170 708 omnem

430 730 682 765 ecclesiasticam
710 727 926 763 functionem¹
952 728 1193 772 peragendam*

430 784 609 825 inhabilis,
636 783 809 816 interdicta
838 782 865 815 ei
892 785 1170 815 sacramentorum

430 836 723 877 administratione,
749 846 785 869 ac
806 834 988 878 respective
1013 833 1173 877 receptio-

430 901 488 930 ne·,
516 900 577 933 qua
603 895 706 922 tamen
738 888 966 932 suspensionis
991 891 1021 920 et
1047 886 1172 929 irregu-

430 942 566 977 laritatis
591 942 722 986 publiea
752 940 1002 974 denunciatione
1027 945 1172 972 conteni-

431 998 493 1040 pta,
513 996 674 1039 praefatus
693 995 857 1039 parochus
884 994 1049 1026 celebrare
1071 992 1172 1026 conti-

430 1049 550 1089 nuavit,
573 1059 767 1091 omnemque
789 1048 931 1091 lapidem
949 1046 1033 1090 apud
1051 1046 1170 1079 dictum

429 1107 578 1135 senatum
597 1101 705 1141 movit,
722 1107 755 1133 ut
769 1100 985 1144 impediretur
1001 1100 1169 1140 sacerdoti,
1192 1119 1193 1131 t

429 1154 621 1198 supplendis
646 1154 714 1187 eius
741 1154 864 1187 vicibus
891 1154 1056 1197 deputato,
1075 1163 1170 1196 paro-

428 1207 543 1241 ehialis
561 1207 704 1240 muueris
721 1206 927 1246 exercitium;
947 1206 1099 1249 quocirca
1120 1217 1171 1240 no·
1191 1234 1193 1251 ἦ

427 1271 500 1293 vum
525 1260 565 1293 ab
600 1260 714 1293 eodem
751 1265 862 1292 senatu
900 1259 1085 1302 expeditum
1115 1260 1171 1292 ruit
1192 1274 1193 1278 ¹

429 1313 569 1347 edictum
595 1313 646 1346 die
671 1323 756 1346 xxvii
775 1312 886 1356 aprilis
904 1322 1003 1346 ninom
1023 1312 1061 1345 ad
1088 1312 1171 1345 sitni-

429 1369 491 1400 lem
509 1365 693 1399 instantiam
712 1365 934 1409 procuratoris
961 1364 1087 1406 fiscalis,
1107 1376 1169 1408 quo

429 1420 613 1463 episcopus,
632 1419 692 1451 sub
710 1420 816 1463 poena
841 1417 1042 1451 reductionis
1068 1417 1171 1451 bono-

428 1484 500 1506 rum
514 1472 753 1516 temporalium,
774 1472 889 1504 iterum
916 1471 1110 1504 monebatur
1136 1476 1169 1503 ut

428 1531 595 1560 revocaret
618 1526 821 1570 provisiones
840 1530 953 1558 eontra
976 1525 1096 1558 dictum
1115 1536 1169 1568 pa-

427 1580 564 1614 rochum
590 1584 708 1622 captus,
736 1577 786 1611 et*²
810 1578 963 1610 vicarium
990 1577 1020 1610 in
1048 1577 1168 1611 ditione

428 1633 533 1666 ducali
559 1643 618 1676 pro
651 1632 830 1665 exercenda
867 1631 1089 1664 iurisdictione
1115 1631 1192 1663 (lew

428 1692 567 1730 putaret,
595 1686 768 1728 eidemque
794 1685 941 1728 parocho
974 1684 1192 1730 p1*obibeba-g

1190 1737 1424 1775 'conformemy
1463 1736 1568 1769 adhuc
1609 1742 1715 1770 tamen
1753 1742 1953 1769 memoratus

429 1748 478 1773 tur
496 1750 537 1773 ne
555 1739 632 1772 alibi
658 1738 880 1782 personaliter
898 1739 944 1771 vel
971 1748 1029 1781 per
1053 1748 1170 1781 procu-

427 1798 567 1826 ratorem
594 1796 812 1835 compareret.
840 1790 929 1823 Unde
952 1791 1056 1824 dictus
1078 1801 1171 1834 paro-

427 1847 518 1885 chus,
533 1846 630 1879 edicti
650 1844 835 1878 huiusmodi
850 1845 1043 1877 auctoritate
1059 1845 1168 1885 fretus,

428 1899 531 1942 magis
562 1899 593 1931 in
621 1899 689 1931 dies
715 1903 897 1937 contumax,
926 1903 957 1931 et
985 1898 1169 1931 ordinariae

427 1963 462 1985 ac
480 1953 649 1995 delegatae
668 1950 868 1984 auctoritatis
883 1956 1169 1994 contemptorem-

426 2007 483 2047 sit,
510 2006 585 2038 dum
614 2005 721 2038 auimo
752 2015 885 2048 prorsus
911 2004 1080 2043 obdurato,
1113 2004 1170 2036 ite-

427 2069 496 2092 rum
523 2069 698 2101 suspensus
718 2063 750 2090 et
769 2057 955 2101 irregularis
975 2057 1169 2098 declaratus,

426 2112 628 2155 respondere
655 2117 685 2144 et
709 2122 897 2155 comparere
924 2111 1122 2145 detrectavit.

472 2165 486 2208 §
511 2164 542 2197 9.
572 2165 616 2197 Ad
640 2165 719 2197 baec
741 2164 825 2197 idem
844 2170 976 2197 senatus
993 2164 1171 2198 Taurinen-

428 2218 472 2251 sis
499 2218 531 2250 iu
557 2218 650 2250 aliam
675 2218 824 2260 prorupit
845 2217 1072 2250 temeritatem.
1092 2217 1168 2250 Nam

427 2271 478 2304 die
509 2281 527 2304 x
564 2271 706 2303 octobris
742 2279 864 2310 macen,
902 2271 941 2303 ad
980 2270 1168 2303 instantiam

426 2324 649 2368 procuratoris
687 2324 846 2366 generalis
880 2323 1004 2357 ducalis
1038 2323 1170 2357 iurisdi-

427 2376 556 2416 ctionis,
580 2386 639 2419 per
665 2376 829 2408 decretum
857 2376 938 2418 typis
973 2376 1168 2419 impressum

427 2429 570 2462 inhibuit
595 2429 744 2461 omnibus
771 2428 923 2461 fratribus
951 2429 1090 2461 familiae
1111 2439 1167 2461 seu

427 2487 607 2516 conventus
628 2481 757 2515 Ordinis
777 2481 933 2515 Minorum
952 2481 1053 2514 sancti
1074 2481 1169 2514 Fran-

464 2555 474 2580 1
497 2553 566 2580 Edit.
587 2552 666 2579 Main.
687 2552 752 2588 legit
769 2552 948 2580 sanctionem
967 2554 1005 2588 (n.
1026 2552 1074 2586 Τ.).

462 2598 477 2626 2
498 2597 598 2626 Forsan
618 2597 692 2626 deest
713 2605 747 2625 ne
765 2597 805 2633 (a.
821 2597 870 2632 T.)-

1014 200 1193 224 BELLAfflUM
1219 199 1373 223 ROMANFM

1215 248 1287 282 cisci
1325 246 1590 281 Conventualium
1616 250 1891 289 nuncupatorum,
1911 256 1951 278 ne

1215 302 1442 336 executionem
1475 300 1587 333 darent
1614 298 1741 332 cuidam
1773 299 1952 332 sententiae

1215 355 1254 388 de
1268 354 1419 387 mandato
1440 351 1707 395 Congregationis
1719 350 1951 384 venerabilium

1191 410 1193 412 '
1215 408 1349 440 fratrum
1376 412 1560 440 nostrorum
1587 404 1702 438 S.R.E.
1738 403 1951 438 cardinalium

1215 460 1351 504 negotiis
1383 465 1414 492 et
1450 457 1746 493 consultationibus
1784 457 1952 501 episcopo-

1215 525 1285 547 rum
1311 519 1342 547 et
1365 513 1564 557 regularium
1596 511 1805 556 praepositae
1835 511 1887 544 die
1914 521 1952 544 xv

1216 566 1282 600 iulii
1308 576 1420 601 ›inccn
1445 571 1557 599 contra
1574 564 1722 598 Carolum
1739 563 1951 607 Augustinum

1215 620 1394 653 Mallettum
1432 619 1562 651 tratrem
1589 628 1742 661 expresse
1768 617 1950 661 professum

1215 673 1290 706 dicti
1317 672 1447 706 Ordinis
1472 674 1568 712 latae,
1595 683 1657 716 qua
1674 672 1744 715 ipse
1769 671 1953 704 declaratus

1216 728 1318 761 suerat
1342 726 1616 760 ecommunicatus
1641 725 1857 769 omnibusque
1883 735 1953 768 gra-

1216 781 1309 814 dibus
1336 785 1367 813 et
1391 780 1504 813 officiis
1526 779 1572 812 sui
1602 778 1732 812 Ordinis
1751 778 1893 822 privatus
1912 779 1953 812 ob

1964 197 2012 223 An.
2028 196 2057 223 C.
2077 196 2146 225 1707

1216 833 1432 867 damnabilem
1458 843 1626 866 recursum
1653 832 1801 864 habitum
1828 831 1866 865 ad
1895 831 1952 865 lai·
1979 843 1984 849 ·

1215 889 1319 922 caleni
1350 891 1544 930 potestatem
1584 886 1623 919 ad
1659 885 1807 918 effectum
1844 885 1950 930 impe—

1216 939 1326 973 diendi
1353 949 1516 972 accessum
1542 938 1709 971 custodum
1735 943 1952 971 conventuum

1215 993 1362 1027 eiusdem
1388 992 1515 1025 Ordinis
1541 992 1572 1024 in
1609 991 1733 1024 ditione
1760 991 1860 1034 ipsius
1897 991 1950 1024 Vi-

1216 1045 1308 1078 ctorii
1336 1044 1468 1078 Amedei
1488 1043 1577 1077 ducis
1597 1043 1805 1077 existentium
1823 1044 1860 1076 ad
1880 1054 1955 1087 pro-

1215 1098 1352 1131 vinciale
1394 1097 1571 1141 capitulum
1614 1097 1701 1140 quod
1747 1097 1778 1129 in
1825 1096 1953 1130 civitate

1216 1151 1432 1186 Alexandrina
1476 1150 1662 1194 provinciae
1703 1150 1955 1183 Mediolanensis

1215 1205 1373 1238 celebrari
1398 1204 1548 1244 debebat,
1573 1205 1758 1237 mandatum
1784 1203 1823 1235 ab
1841 1204 1954 1237 eadem

1214 1258 1318 1292 laicali
1334 1263 1494 1301 potestate
1507 1258 1725 1301 impetrando,
1742 1268 1806 1302 quo
1825 1257 1954 1290 illissub

1215 1313 1319 1354 poena
1350 1312 1473 1344 ducalis
1507 1310 1740 1353 indignationis
1774 1311 1954 1354 praecipie-

1213 1364 1315 1404 batur,
1343 1374 1382 1397 ne
1408 1364 1448 1397 ab
1474 1364 1587 1397 eadem
1604 1364 1726 1397 ditione
1747 1364 1952 1404 recederent,

1214 1417 1360 1461 illudque
1376 1417 1564 1450 custodibus
1586 1417 1664 1461 ipsis
1691 1417 1880 1457 intimando,
1898 1418 1953 1461 qui

1190 1474 1192 1483 ’
1213 1481 1325 1504 omnes
1351 1471 1379 1503 ei
1407 1476 1604 1514 paruerunt:
1622 1471 1741 1503 dictam
1766 1481 1864 1514 porro
1880 1481 1953 1503 sen-

1215 1524 1359 1565 tentiam,
1381 1524 1525 1568 quamvis
1550 1534 1722 1556 sacrorum>
1743 1534 1903 1557 canonum
1923 1529 1955 1556 et

1190 1585 1192 1623 J
1214 1577 1480 1610 constitutionum
1503 1577 1765 1620 apostolicarum,
1793 1587 1829 1609 ac
1862 1587 1954 1620 prae-

1214 1630 1307 1673 cipue
1334 1629 1515 1663 litterarum
1543 1629 1718 1673 quotannis
1745 1629 1777 1662 iu
1803 1630 1854 1662 die
1880 1629 1955 1663 Coe-

1214 1693 1273 1716 nae
1298 1683 1423 1716 Domini
1449 1683 1514 1725 legi
1540 1682 1710 1716 solitarum
1744 1682 1952 1726 dispositioni

1214 1794 1411 1833 procurator
1429 1789 1592 1832 generalis
1612 1789 1734 1822 ducalis
1757 1788 1954 1822 iurisdictio·

1215 1844 1272 1882 nis,
1300 1843 1331 1875 in
1358 1853 1490 1876 recursu
1517 1843 1555 1876 ad
1582 1843 1701 1875 dietum
1728 1847 1874 1875 senatum
1902 1842 1954 1874 ha-

1213 1898 1289 1938 bito,
1305 1897 1475 1930 evidenter
1490 1902 1522 1929 et
1535 1895 1787 1929 intolerabiliter
1800 1895 1952 1928 iniustam

1213 1961 1360 1984 asserere
1387 1960 1452 1983 non
1478 1950 1617 1990 erubuit,
1645 1949 1781 1993 ipseque
1809 1954 1952 1989 senatus,

1213 2004 1359 2037 eiusdem
1385 2002 1558 2036 instantiae
1577 2002 1762 2043 annuendo,
1789 2002 1953 2046 praefatae

1214 2057 1397 2090 sententiae
1439 2055 1696 2100 publicationem
1729 2061 1761 2088 et
1792 2055 1952 2089 executio-

1214 2122 1297 2151 nem,
1325 2122 1360 2143 ac
1384 2121 1424 2143 ne
1451 2110 1631 2154 quidquam
1655 2109 1688 2141 in
1715 2108 1952 2152 praeiudicium

1214 2164 1288 2197 dicti
1315 2164 1419 2197 Caroli
1439 2162 1609 2206 Augustini
1630 2163 1843 2195 innovaretur
1871 2172 1952 2205 quo-

1214 2228 1315 2261 usque
1331 2217 1460 2250 babitus
1480 2216 1594 2249 suisset
1614 2225 1767 2248 recursus
1794 2215 1833 2247 ad
1855 2225 1952 2258 quem

1214 2270 1252 2302 de
1280 2270 1349 2302 iure
1375 2274 1588 2313 competeret,
1610 2269 1669 2301 sub
1691 2267 1803 2301 eadem
1830 2267 1951 2301 ducalis

1213 2322 1446 2366 indignationis
1465 2323 1571 2366 poena
1588 2321 1734 2355 districte
1759 2321 1950 2365 prohibuit;

1212 2375 1297 2408 unde
1324 2375 1409 2408 idem
1445 2374 1580 2408 Carolus
1617 2374 1825 2417 Augustinus,
1860 2385 1952 2418 prae-

1213 2428 1387 2461 missorum
1414 2429 1524 2461 colore
1550 2428 1666 2467 fretus,
1691 2429 1798 2471 spreta
1824 2438 1952 2461 excom-

1213 2480 1446 2521 municatione,
1465 2490 1528 2524 qua
1546 2491 1605 2524 per
1623 2480 1740 2514 dietam
1758 2481 1952 2515 sententiam

1213 2535 1317 2567 tuerat
1342 2534 1540 2575 innodatus,
1566 2534 1599 2567 in
1624 2534 1741 2568 divinis
1766 2534 1949 2568 ministrare

1214 2598 1309 2623 ausus
1337 2587 1405 2630 suit,
1432 2593 1464 2622 et
1489 2587 1530 2622 ob
1563 2587 1595 2622 id
1622 2588 1809 2633 irregularis
1835 2587 1946 2623 evasit.
