2269 3203
89 195 140 222 An.
158 195 187 223 C.
210 196 278 224 1708

115 362 272 384 Contrariorum

87 388 205 415 derogatio.

119 1261 183 1283 Fides
207 1265 265 1284 trau·

78 1291 218 1315 sumptorum.

911 199 1051 222 efflatas

283 247 394 289 quavis
415 248 621 289 auctoritate,
635 248 779 281 scienter
803 247 850 280 vel
873 247 1027 290 ignoran-

281 305 341 339 ter,
368 300 542 344 contigerit
568 300 732 334 attentari.

327 355 342 397 ς
366 354 397 387 4.
425 353 494 387 Non
512 354 715 387 obstantibus
734 354 1025 393 constitutionibus

283 412 315 440 et
353 407 613 440 ordinationibus
639 407 846 449 apostolicis,
885 418 1026 446 necnon,

282 465 445 503 qnatenus
467 471 549 504 opus
567 461 616 500 sit,
635 460 740 494 dictae
759 460 1025 503 Congregationis

281 513 468 553 Bavaricac,
500 513 594 546 etiam
624 513 819 552 iuramento,
857 513 1026 546 contirma-

281 566 370 598 tione
389 565 580 610 apostoliea,
595 567 643 598 vel
662 567 772 610 quavis
795 566 946 599 firmitate
964 567 1026 600 alia

281 618 459 659 roboratis,
497 618 623 651 statutis
659 625 690 652 et
723 620 1023 660 eonsuetudinilms,

280 671 460 715 privilegiis
493 682 645 715 quoque,
678 672 810 706 indultis
842 678 872 705 et
909 673 1025 706 litteris

280 725 467 767 apostolicis
493 725 524 757 in
550 725 750 758 contrarium
768 726 1023 769 praemissorum

278 777 527 820 quomodolibet
557 779 732 818 concessis,
759 778 960 812 confirmatis
993 785 1024 812 et

275 831 459 872 innovatis,
487 832 602 875 quibus
636 833 786 866 omnibus
814 838 846 865 et
870 833 1020 875 singulis,

275 882 409 916 illorum
431 889 565 918 tenores
590 886 822 928 praesentibus
839 896 900 929 pro
923 887 1022 928 plene

276 942 308 970 et
324 936 528 971 sufficienter
553 938 721 981 expressis
740 949 774 971 ac
800 938 838 971 dc
866 938 965 972 verbo
983 939 1022 971 ad

275 991 411 1024 verbum
434 990 571 1024 insertis
599 992 774 1031 habentes,
793 991 858 1024 illis
880 991 959 1024 alias
988 991 1021 1024 in

274 1054 334 1076 suo
352 1044 472 1077 robore
498 1045 735 1087 permansuris,
762 1045 801 1077 ad
828 1044 1023 1087 praemisso-

274 1108 345 1130 rum
373 1097 534 1138 effectum,
565 1099 625 1131 hac
648 1098 716 1131 vice
743 1098 920 1136 dumtaxat,
949 1108 1022 1140 spe-

274 1152 402 1185 cialiter
423 1158 453 1185 et
475 1163 627 1196 expresse
654 1153 867 1195 derogamus,
890 1152 1022 1184 ceteris-

275 1216 339 1248 que
360 1206 534 1239 contrariis
559 1206 833 1249 quibuscumque.

317 1259 332 1302 ἓ
364 1258 395 1290 5.
428 1258 582 1291 Volumus
613 1262 720 1292 autem
758 1264 794 1290 ut
831 1259 1019 1291 earumdem

272 1312 498 1355 praesentium
520 1312 703 1345 litterarum
721 1313 945 1356 transumptis,
962 1324 1020 1345 sen

273 1365 443 1408 exemplis,
469 1365 567 1399 etiam
591 1366 772 1409 impressis,
796 1377 894 1399 manu
921 1367 1021 1399 alicu-

271 1418 322 1452 ius
346 1419 467 1453 notarii
491 1419 614 1462 publici
637 1420 840 1463 subscriptis,
859 1425 891 1452 et
911 1419 1020 1463 sigillo

271 1483 437 1516 personae
462 1472 496 1505 in
521 1473 745 1506 ecclesiastica
766 1473 924 1516 dignitate
943 1484 1020 1506 con-

271 1527 405 1560 stitutae
423 1527 567 1567 munitis,
584 1527 697 1560 eadem
712 1538 847 1571 prorsus
860 1527 940 1560 tides
954 1527 1020 1560 ubi-

274 1591 338 1624 que
363 1581 513 1614 locorum
532 1585 594 1613 tam
621 1581 653 1613 in
678 1581 798 1614 iudicio
816 1591 910 1624 quam
930 1586 1019 1614 extra

273 1634 352 1667 illud
378 1633 549 1673 habeatur,
570 1644 652 1677 quae
682 1635 762 1677 ipsis
786 1634 1019 1678 praesentibus

272 1687 450 1720 haberetur
465 1686 496 1730 ,si
522 1687 631 1719 t‘orent
653 1687 819 1720 exhibitae
842 1688 891 1720 rel
908 1692 1019 1720 osten-

272 1750 340 1773 sae.

316 1794 428 1826 Datum
453 1793 585 1833 Romae,
612 1794 696 1838 apud
728 1794 758 1827 S.
787 1795 929 1835 Petrum,
958 1795 1017 1828 sub

272 1848 393 1880 annulo
410 1847 592 1887 piscatoris,
612 1848 663 1881 die
689 1858 745 1881 vni
766 1849 840 1881 maii
858 1858 1014 1891 MDCCVlll,

271 1900 480 1944 pontificatus
507 1901 609 1934 nostri
635 1912 721 1934 anno
747 1912 816 1935 vni.

307 1962 367 1990 Dat.
389 1963 433 1991 die
454 1963 469 1990 8
489 1963 556 1991 maii
578 1964 656 1998 1708,
677 1964 775 2000 pontif.
797 1972 868 1992 anno
890 1971 945 1991 vin.

597 2159 686 2193 CXII.

270 2266 459 2300 Damnalur
475 2270 504 2300 et
519 2266 711 2310 prohibetur
730 2266 811 2300 liber
834 2267 893 2299 sub
919 2267 1014 2300 titulo

314 2320 421 2353 Traite
446 2320 486 2354 de
512 2321 542 2354 la
569 2321 739 2364 puissance
765 2321 1012 2365 ecclesiastique

315 2378 347 2406 et
371 2375 576 2417 temporelle‚
604 2374 699 2407 etc.¹.

311 2462 318 2486 1
345 2460 372 2486 ln
394 2466 480 2488 const.
501 2461 566 2488 edit.
587 2469 711 2497 nocem,
731 2463 775 2490 die
798 2464 829 2490 19
849 2463 1011 2499 decembris,

271 2504 368 2540 pontif.
390 2511 445 2538 vm,
466 2506 585 2533 damnati
605 2508 680 2534 suere
701 2507 762 2534 libri
783 2508 921 2535 Laurentii
939 2509 1013 2536 Pirez

271 2550 305 2576 de
321 2548 463 2582 Carva1h03
480 2554 507 2576 et
523 2555 609 2578 const.
621 2552 666 2578 ed.
684 2559 817 2585 unccvm,
834 2553 877 2580 die
896 2553 927 2580 13
943 2553 1010 2587 iulii,

270 2592 365 2629 pontif.
380 2599 434 2628 rut,
446 2592 588 2621 damnatur
598 2595 636 2623 Le
647 2596 764 2624 Noceau
779 2597 948 2633 Testamenc,
960 2600 1010 2627 etc.

1080 200 1108 224 xi
1136 201 1183 223 rr.
1705 193 1768 226 319

1293 249 1425 277 Clemens
1447 251 1525 284 Papa
1545 251 1594 280 XI.

1188 293 1223 320 ad
1245 296 1422 328 perpetuam
1444 295 1488 322 rei
1511 296 1691 322 memoriam.

1114 357 1128 399 ξ
1146 355 1176 388 ’1.
1200 356 1240 388 Ex
1261 356 1406 389 iniuncto
1423 357 1517 389 nobis
1532 357 1729 400 apostolicae
1748 368 1810 391 ser·
1849 371 1964 417 ''1⁴''1'¹'i''¹⁶'}1
1986 374 2006 419 θαι

1838 405 1841 413 ¹
1870 406 1881 416 ¹*
1894 405 1904 416 Ἰ
1919 405 1936 417 W
1969 405 1987 418 18

1070 410 1177 442 vitutis
1198 420 1347 448 munere,
1366 421 1430 453 quo
1448 410 1627 444 catholicae
1647 411 1809 444 Ecclesiae
1821 403 1856 444 iit».

1070 462 1220 505 regimini
1256 462 1364 495 divina
1401 463 1612 506 dispositione
1638 464 1808 506 praeside-

1070 527 1151 556 mus,
1184 515 1338 550 dominici
1365 517 1474 559 gregis
1500 517 1664 550 custodiae
1693 517 1813 560 iugiter

1070 569 1289 611 invigilantes,
1328 580 1364 602 ac
1401 580 1476 602 eves
1508 570 1632 602 aeterni
1669 571 1811 613 pastoris

1070 623 1228 664 sanguine
1270 622 1456 665 redemptas
1495 634 1511 655 a
1552 622 1811 666 perniciosarum

1070 676 1292 709 doctrinarum
1311 675 1442 708 venenis
1462 676 1613 718 pastorali
1641 675 1810 716 charitate,

1070 733 1225 772 quantum
1244 728 1336 761 nobis
1361 739 1396 761 ex
1420 730 1484 762 alto
1503 729 1700 769 conceditur,
1718 740 1812 772 prae-

1068 792 1194 814 servare
1221 786 1414 824 satagentes,
1436 782 1474 814 de
1492 782 1727 815 venerabilium
1755 782 1811 814 sra-

1070 840 1155 867 trnm
1174 840 1361 867 nostrorum
1380 834 1411 867 S.
1432 835 1469 868 R.
1490 835 1525 868 E.
1545 835 1759 868 cardinalium
1778 836 1810 868 in

1069 894 1134 922 tota
1160 887 1329 931 republica
1354 888 1531 920 christiana
1562 894 1673 921 contra
1700 889 1811 922 haere-

1069 941 1162 974 ticam
1193 941 1383 984 pravitatem
1411 941 1611 983 generalium
1638 941 1811 986 inquisito-

1067 1005 1139 1028 rum
1159 1005 1176 1027 a
1193 994 1274 1028 Sede
1293 994 1478 1038 Apostolica
1505 995 1692 1038 specialiter
1709 996 1812 1039 depu-

1068 1054 1208 1081 tatorum
1228 1048 1377 1088 consilio,
1395 1059 1431 1080 ac
1449 1049 1544 1081 ctiam
1562 1054 1649 1082 motu
1663 1049 1807 1092 proprio,

1067 1113 1101 1134 ac
1127 1112 1162 1134 ex
1191 1104 1277 1135 certa
1303 1102 1437 1134 scientia
1456 1108 1487 1134 et
1505 1104 1629 1134 matura
1648 1103 1810 1136 delibera-

1067 1155 1155 1188 tione
1173 1155 1305 1195 nostris,
1327 1156 1431 1198 deque
1451 1156 1648 1198 apostolicae
1667 1161 1809 1199 potesta-

1067 1207 1104 1240 tis
1123 1208 1342 1251 plenitudine‚
1359 1208 1478 1241 librum
1497 1210 1669 1252 quemdam
1689 1210 1808 1252 gallico

1065 1261 1219 1293 idiomate
1237 1262 1532 1304 consc1·iptum‚cni
1553 1262 1680 1294 titulus:
1701 1262 1810 1295 Traite‘

1064 1313 1101 1346 (Ie
1123 1313 1153 1346 Ia
1176 1315 1350 1357 pm'ssnnce
1374 1314 1613 1358 ecclew‘astique
1637 1319 1665 1347 et
1692 1319 1809 1358 tempo-

1063 1367 1154 1407 relle,
1178 1379 1263 1400 anno
1285 1377 1415 1401 iinccvn
1438 1368 1520 1411 typis
1544 1368 1589 1411 (ut
1608 1368 1807 1411 accepimus)

1065 1421 1257 1464 impressum
1283 1426 1315 1454 et
1339 1421 1371 1453 in
1398 1422 1503 1454 lucem
1531 1421 1665 1461 editum,
1692 1427 1806 1455 tenore

1063 1474 1283 1517 praesentium
1310 1474 1502 1507 damnamus
1528 1480 1559 1507 et
1584 1475 1807 1518 reprobamus,

1063 1538 1099 1560 ac
1116 1527 1179 1570 legi
1199 1533 1229 1560 et
1247 1528 1380 1560 retineri
1398 1527 1620 1571 probibemus,
1639 1528 1807 1572 ipsiusque

1063 1581 1137 1613 libri
1173 1581 1436 1624 impressionem,
1471 1581 1736 1625 descriptionem,
1762 1582 1807 1615 le-

1063 1633 1213 1672 ctionem,
1237 1633 1453 1666 retentionem
1480 1638 1511 1665 et
1537 1644 1627 1664 usum
1655 1632 1806 1665 omnibus

1063 1692 1093 1719 et
1118 1686 1255 1729 singulis
1281 1686 1562 1727 eluistitidelibus,
1582 1687 1677 1719 etiam
1703 1687 1806 1730 speci-

1062 1739 1121 1773 tica
1139 1746 1169 1773 et
1190 1740 1356 1773 individua
1374 1740 1540 1773 mentione
1567 1746 1597 1773 ct
1622 1741 1807 1784 expressio-

1062 1804 1101 1825 ne
1121 1793 1237 1836 dignis,
1256 1794 1314 1825 sub
1341 1793 1684 1827 excommunicationis
1701 1797 1807 1837 poena

1062 1857 1120 1889 per
1145 1847 1416 1880 contrafacientes
1454 1847 1524 1890 ipso
1562 1847 1644 1880 sacto
1682 1847 1805 1890 absque

1061 1900 1122 1932 alia
1147 1900 1368 1933 declaratione
1396 1900 1600 1940 incurrenda,
1619 1911 1637 1933 a
1662 1912 1724 1944 qua
1749 1911 1806 1934 ne-

1060 1964 1111 1986 mo
1145 1964 1203 1997 per
1236 1964 1441 1997 quemquam,
1476 1953 1535 1986 nisi
1568 1964 1627 1997 per
1658 1964 1716 1987 nos
1749 1964 1804 1987 seu

1059 2006 1243 2039 Romanum
1266 2006 1454 2039 Pontiticem
1480 2017 1539 2050 pro
1567 2011 1713 2050 tempore
1740 2007 1806 2040 exi-

1060 2065 1210 2098 stentem,
1238 2059 1298 2091 nisi
1325 2059 1355 2091 in
1382 2060 1494 2092 mortis
1525 2059 1662 2093 articulo
1688 2061 1806 2093 consti-

1061 2117 1145 2144 tutus
1178 2113 1299 2145 absolvi
1333 2113 1450 2155 possit,
1478 2113 1611 2146 omnino
1638 2113 1806 2147 interdici-

1059 2176 1143 2197 mus.
1161 2165 1324 2205 Yolentes,
1350 2171 1382 2198 et
1407 2165 1598 2199 auctoritate
1624 2167 1805 2209 apostolica

1057 2218 1260 2257 mandantes,
1287 2223 1321 2250 ut
1346 2218 1541 2262 quicumque
1567 2219 1687 2252 librum
1712 2229 1806 2263 prae-

1058 2271 1179 2304 dictum
1205 2281 1307 2314 penes
1331 2281 1365 2304 se
1391 2271 1585 2312 habuerint,
1610 2271 1717 2312 illum,
1742 2278 1805 2305 sta-

1058 2325 1113 2358 tim
1139 2335 1176 2357 ac
1202 2329 1393 2368 praesentes
1420 2324 1545 2357 litterae
1580 2324 1626 2358 eis
1656 2325 1805 2360 innotue-

1056 2378 1133 2418 rint,
1158 2378 1307 2411 locorum
1334 2377 1512 2411 Ordinariis
1540 2379 1591 2411 vel
1617 2379 1802 2413 haereticae

1056 2431 1224 2475 pravitatis
1254 2431 1502 2474 inquisitoribus
1539 2432 1668 2465 tradere
1705 2438 1800 2476 atquc

1056 2485 1251 2527 consignare
1279 2490 1462 2518 teneantur.

1053 2541 1063 2550 '
1099 2537 1164 2580 {9-
1184 2537 1223 2570 Ut
1248 2544 1354 2571 antem
1382 2538 1515 2572 eaedem
1535 2544 1724 2582 praesentes
1750 2539 1800 2572 lit·
1839 2546 1961 2570 causaue.

1057 2596 1144 2624 terae
1171 2591 1208 2624 ad
1236 2592 1380 2624 omnium
1408 2591 1556 2625 notitiam
1577 2591 1703 2625 facilius
1728 2602 1800 2638 per-

1814 203 1854 228 An
1883 201 1909 231 C,
1935 203 2002 230 1708
