<?xml version="1.0" encoding="UTF-8"?>
<!DOCTYPE html PUBLIC "-//W3C//DTD XHTML 1.0 Transitional//EN"
    "http://www.w3.org/TR/xhtml1/DTD/xhtml1-transitional.dtd">
<html xmlns="http://www.w3.org/1999/xhtml" xml:lang="en" lang="en">
 <head>
  <title>
</title>
<meta http-equiv="Content-Type" content="text/html;charset=utf-8" />
  <meta name='ocr-system' content='tesseract 3.04.00' />
  <meta name='ocr-capabilities' content='ocr_page ocr_carea ocr_par ocr_line ocrx_word'/>
</head>
<body>
  <div class='ocr_page' id='page_1' title='image "./bullarumdiplomat21cath/bullarumdiplomat21cath_0598.png"; bbox 0 0 2269 3203; ppageno 0'>
   <div class='ocr_carea' id='block_1_1' title="bbox 247 193 1183 2630">
    <p class='ocr_par' dir='ltr' id='par_1_1' title="bbox 252 193 1182 389">
     <span class='ocr_line' id='line_1_1' title="bbox 252 193 548 231; baseline -0.01 -2"><span class='ocrx_word' id='word_1_1' title='bbox 252 204 304 230; x_wconf 74' lang='lat' dir='ltr'>An.</span> <span class='ocrx_word' id='word_1_2' title='bbox 324 202 350 231; x_wconf 79' lang='lat' dir='ltr'>e.</span> <span class='ocrx_word' id='word_1_3' title='bbox 370 201 438 229; x_wconf 71' lang='lat'>1712</span> <span class='ocrx_word' id='word_1_4' title='bbox 483 193 548 227; x_wconf 66' lang='lat'>510</span> 
     </span>
     <span class='ocr_line' id='line_1_2' title="bbox 443 252 1182 296; baseline 0.004 -13"><span class='ocrx_word' id='word_1_5' title='bbox 443 263 580 294; x_wconf 86' lang='lat' dir='ltr'>cumque</span> <span class='ocrx_word' id='word_1_6' title='bbox 600 252 684 285; x_wconf 80' lang='lat' dir='ltr'>iuter</span> <span class='ocrx_word' id='word_1_7' title='bbox 710 255 863 286; x_wconf 77' lang='lat' dir='ltr'>mortales</span> <span class='ocrx_word' id='word_1_8' title='bbox 889 254 1030 296; x_wconf 79' lang='lat' dir='ltr'>degeret,</span> <span class='ocrx_word' id='word_1_9' title='bbox 1051 255 1112 286; x_wconf 86' lang='lat' dir='ltr'>iam</span> <span class='ocrx_word' id='word_1_10' title='bbox 1138 260 1182 286; x_wconf 84' lang='lat' dir='ltr'>ta-</span> 
     </span>
     <span class='ocr_line' id='line_1_3' title="bbox 443 304 1181 339; baseline 0.004 -3"><span class='ocrx_word' id='word_1_11' title='bbox 443 314 516 336; x_wconf 91' lang='lat' dir='ltr'>mcn</span> <span class='ocrx_word' id='word_1_12' title='bbox 541 304 618 337; x_wconf 87' lang='lat' dir='ltr'>civis</span> <span class='ocrx_word' id='word_1_13' title='bbox 639 310 707 337; x_wconf 87' lang='lat' dir='ltr'>crat</span> <span class='ocrx_word' id='word_1_14' title='bbox 725 305 915 338; x_wconf 85' lang='lat' dir='ltr'>Sanctorum</span> <span class='ocrx_word' id='word_1_15' title='bbox 936 312 966 338; x_wconf 80' lang='lat' dir='ltr'>ct</span> <span class='ocrx_word' id='word_1_16' title='bbox 985 306 1181 339; x_wconf 85' lang='lat' dir='ltr'>domesticus</span> 
     </span>
     <span class='ocr_line' id='line_1_4' title="bbox 443 357 510 389; baseline 0 0"><span class='ocrx_word' id='word_1_17' title='bbox 443 357 510 389; x_wconf 88' lang='lat' dir='ltr'>Dei.</span> 
     </span>
    </p>

    <p class='ocr_par' dir='ltr' id='par_1_2' title="bbox 440 410 1183 879">
     <span class='ocr_line' id='line_1_5' title="bbox 488 410 1181 455; baseline 0.003 -12"><span class='ocrx_word' id='word_1_18' title='bbox 488 410 501 453; x_wconf 67' lang='grc' dir='ltr'><strong>ἓ</strong></span> <span class='ocrx_word' id='word_1_19' title='bbox 527 411 578 443; x_wconf 80' lang='grc'><strong>15.</strong></span> <span class='ocrx_word' id='word_1_20' title='bbox 605 411 685 444; x_wconf 86' lang='lat' dir='ltr'>Hinc</span> <span class='ocrx_word' id='word_1_21' title='bbox 717 413 981 455; x_wconf 83' lang='lat' dir='ltr'>consanguineos</span> <span class='ocrx_word' id='word_1_22' title='bbox 1015 423 1090 445; x_wconf 88' lang='lat' dir='ltr'>suos</span> <span class='ocrx_word' id='word_1_23' title='bbox 1116 423 1181 445; x_wconf 90' lang='lat' dir='ltr'>non</span> 
     </span>
     <span class='ocr_line' id='line_1_6' title="bbox 444 464 1183 508; baseline 0.003 -12"><span class='ocrx_word' id='word_1_24' title='bbox 444 464 553 504; x_wconf 86' lang='lat' dir='ltr'>titulis,</span> <span class='ocrx_word' id='word_1_25' title='bbox 580 476 644 498; x_wconf 91' lang='lat' dir='ltr'>non</span> <span class='ocrx_word' id='word_1_26' title='bbox 672 465 807 505; x_wconf 79' lang='lat' dir='ltr'>divitiis,</span> <span class='ocrx_word' id='word_1_27' title='bbox 835 476 899 498; x_wconf 90' lang='lat' dir='ltr'>non</span> <span class='ocrx_word' id='word_1_28' title='bbox 926 467 1086 499; x_wconf 87' lang='lat' dir='ltr'>honorum</span> <span class='ocrx_word' id='word_1_29' title='bbox 1111 476 1183 508; x_wconf 84' lang='lat' dir='ltr'>gra-</span> 
     </span>
     <span class='ocr_line' id='line_1_7' title="bbox 442 517 1181 560; baseline 0.004 -11"><span class='ocrx_word' id='word_1_30' title='bbox 442 517 537 550; x_wconf 87' lang='lat' dir='ltr'>dibus</span> <span class='ocrx_word' id='word_1_31' title='bbox 563 518 734 560; x_wconf 81' lang='lat' dir='ltr'>insignitos</span> <span class='ocrx_word' id='word_1_32' title='bbox 760 529 795 551; x_wconf 87' lang='lat' dir='ltr'>ac</span> <span class='ocrx_word' id='word_1_33' title='bbox 820 519 956 552; x_wconf 89' lang='lat' dir='ltr'>donatos</span> <span class='ocrx_word' id='word_1_34' title='bbox 981 519 1098 559; x_wconf 70' lang='lat' dir='ltr'>voluit,</span> <span class='ocrx_word' id='word_1_35' title='bbox 1125 519 1181 552; x_wconf 86' lang='lat' dir='ltr'>sed</span> 
     </span>
     <span class='ocr_line' id='line_1_8' title="bbox 443 570 1181 612; baseline 0.003 -9"><span class='ocrx_word' id='word_1_36' title='bbox 443 570 635 604; x_wconf 75' lang='lat' dir='ltr'>lllichaelem</span> <span class='ocrx_word' id='word_1_37' title='bbox 671 572 855 612; x_wconf 86' lang='lat' dir='ltr'>Bonellum,</span> <span class='ocrx_word' id='word_1_38' title='bbox 880 582 971 605; x_wconf 88' lang='lat' dir='ltr'>suum</span> <span class='ocrx_word' id='word_1_39' title='bbox 1005 583 1040 605; x_wconf 80' lang='lat' dir='ltr'>ex</span> <span class='ocrx_word' id='word_1_40' title='bbox 1067 582 1181 605; x_wconf 90' lang='lat' dir='ltr'>sorore</span> 
     </span>
     <span class='ocr_line' id='line_1_9' title="bbox 440 625 1182 669; baseline 0.004 -13"><span class='ocrx_word' id='word_1_41' title='bbox 440 629 677 667; x_wconf 77' lang='lat' dir='ltr'>pronepotem,</span> <span class='ocrx_word' id='word_1_42' title='bbox 704 625 833 658; x_wconf 86' lang='lat' dir='ltr'>nonnisi</span> <span class='ocrx_word' id='word_1_43' title='bbox 861 631 935 669; x_wconf 88' lang='lat' dir='ltr'>post</span> <span class='ocrx_word' id='word_1_44' title='bbox 968 631 1115 659; x_wconf 69' lang='lat' dir='ltr'>exactum</span> <span class='ocrx_word' id='word_1_45' title='bbox 1149 626 1182 658; x_wconf 87' lang='lat' dir='ltr'>in</span> 
     </span>
     <span class='ocr_line' id='line_1_10' title="bbox 441 676 1183 721; baseline 0.004 -13"><span class='ocrx_word' id='word_1_46' title='bbox 441 676 647 709; x_wconf 78' lang='lat' dir='ltr'>dominicana</span> <span class='ocrx_word' id='word_1_47' title='bbox 663 677 782 710; x_wconf 79' lang='lat' dir='ltr'>familia</span> <span class='ocrx_word' id='word_1_48' title='bbox 802 679 992 721; x_wconf 70' lang='lat' dir='ltr'>tyrocinium</span> <span class='ocrx_word' id='word_1_49' title='bbox 1008 689 1183 711; x_wconf 86' lang='lat' dir='ltr'>sacrarum-</span> 
     </span>
     <span class='ocr_line' id='line_1_11' title="bbox 441 728 1182 774; baseline 0.005 -14"><span class='ocrx_word' id='word_1_50' title='bbox 441 739 502 771; x_wconf 92' lang='lat' dir='ltr'>que</span> <span class='ocrx_word' id='word_1_51' title='bbox 529 728 709 762; x_wconf 86' lang='lat' dir='ltr'>litterarum</span> <span class='ocrx_word' id='word_1_52' title='bbox 729 730 879 773; x_wconf 78' lang='lat' dir='ltr'>peritiam</span> <span class='ocrx_word' id='word_1_53' title='bbox 902 731 1061 774; x_wconf 88' lang='lat' dir='ltr'>adeptam,</span> <span class='ocrx_word' id='word_1_54' title='bbox 1085 730 1182 764; x_wconf 86' lang='lat' dir='ltr'>totius</span> 
     </span>
     <span class='ocr_line' id='line_1_12' title="bbox 440 782 1180 827; baseline 0.003 -13"><span class='ocrx_word' id='word_1_55' title='bbox 440 782 520 814; x_wconf 87' lang='lat' dir='ltr'>sacri</span> <span class='ocrx_word' id='word_1_56' title='bbox 546 782 674 824; x_wconf 84' lang='lat' dir='ltr'>collegii</span> <span class='ocrx_word' id='word_1_57' title='bbox 694 793 760 815; x_wconf 91' lang='lat' dir='ltr'>non</span> <span class='ocrx_word' id='word_1_58' title='bbox 782 784 1020 827; x_wconf 79' lang='lat' dir='ltr'>approbatione</span> <span class='ocrx_word' id='word_1_59' title='bbox 1048 789 1180 825; x_wconf 87' lang='lat' dir='ltr'>tantum,</span> 
     </span>
     <span class='ocr_line' id='line_1_13' title="bbox 440 835 1180 879; baseline 0.003 -12"><span class='ocrx_word' id='word_1_60' title='bbox 440 835 496 867; x_wconf 90' lang='lat' dir='ltr'>sed</span> <span class='ocrx_word' id='word_1_61' title='bbox 523 835 626 868; x_wconf 78' lang='lat' dir='ltr'>enixis</span> <span class='ocrx_word' id='word_1_62' title='bbox 645 835 740 869; x_wconf 88' lang='lat' dir='ltr'>etiam</span> <span class='ocrx_word' id='word_1_63' title='bbox 763 837 914 879; x_wconf 84' lang='lat' dir='ltr'>precibus</span> <span class='ocrx_word' id='word_1_64' title='bbox 940 837 1180 876; x_wconf 67' lang='lat' dir='ltr'>accedentibus,</span> 
     </span>
    </p>

    <p class='ocr_par' dir='ltr' id='par_1_3' title="bbox 441 887 1101 933">
     <span class='ocr_line' id='line_1_14' title="bbox 441 887 1101 933; baseline 0.005 -14"><span class='ocrx_word' id='word_1_65' title='bbox 441 887 527 920; x_wconf 85' lang='lat' dir='ltr'>inter</span> <span class='ocrx_word' id='word_1_66' title='bbox 551 887 580 921; x_wconf 87' lang='lat' dir='ltr'>S.</span> <span class='ocrx_word' id='word_1_67' title='bbox 600 888 635 921; x_wconf 80' lang='lat' dir='ltr'>R.</span> <span class='ocrx_word' id='word_1_68' title='bbox 654 888 686 921; x_wconf 85' lang='lat' dir='ltr'>E.</span> <span class='ocrx_word' id='word_1_69' title='bbox 706 890 888 922; x_wconf 76' lang='lat' dir='ltr'>cardinales</span> <span class='ocrx_word' id='word_1_70' title='bbox 915 890 1101 933; x_wconf 79' lang='lat' dir='ltr'>assumpsit.</span> 
     </span>
    </p>

    <p class='ocr_par' dir='ltr' id='par_1_4' title="bbox 247 940 1183 1090">
     <span class='ocr_line' id='line_1_15' title="bbox 276 940 1182 984; baseline 0.002 -12"><span class='ocrx_word' id='word_1_71' title='bbox 276 952 295 972; x_wconf 68' lang='grc' dir='ltr'>ιι,</span> <span class='ocrx_word' id='word_1_72' title='bbox 316 950 431 971; x_wconf 61' lang='lat' dir='ltr'>smitam</span> <span class='ocrx_word' id='word_1_73' title='bbox 487 941 501 983; x_wconf 62' lang='grc' dir='ltr'>ἓ</span> <span class='ocrx_word' id='word_1_74' title='bbox 525 940 579 973; x_wconf 78' lang='grc'><strong>16.</strong></span> <span class='ocrx_word' id='word_1_75' title='bbox 606 940 732 974; x_wconf 83' lang='lat' dir='ltr'>Nemini</span> <span class='ocrx_word' id='word_1_76' title='bbox 759 941 835 974; x_wconf 86' lang='lat' dir='ltr'>item</span> <span class='ocrx_word' id='word_1_77' title='bbox 863 942 893 974; x_wconf 88' lang='lat' dir='ltr'>iu</span> <span class='ocrx_word' id='word_1_78' title='bbox 920 943 991 974; x_wconf 74' lang='lat' dir='ltr'>aula</span> <span class='ocrx_word' id='word_1_79' title='bbox 1017 941 1182 984; x_wconf 78' lang='lat' dir='ltr'>pontificia</span> 
     </span>
     <span class='ocr_line' id='line_1_16' title="bbox 247 978 1181 1037; baseline 0.004 -14"><span class='ocrx_word' id='word_1_80' title='bbox 247 983 338 1024; x_wconf 48' lang='lat'>{2&#39;331&#39;1&#39;3&#39;0&#39;3</span> <span class='ocrx_word' id='word_1_81' title='bbox 365 978 432 1024; x_wconf 56' lang='grc' dir='ltr'>’Ϊζῖῗῗζ</span> <span class='ocrx_word' id='word_1_82' title='bbox 443 993 550 1025; x_wconf 90' lang='lat' dir='ltr'>locum</span> <span class='ocrx_word' id='word_1_83' title='bbox 576 993 643 1026; x_wconf 85' lang='lat' dir='ltr'>dari</span> <span class='ocrx_word' id='word_1_84' title='bbox 663 1004 776 1036; x_wconf 84' lang='lat' dir='ltr'>passus</span> <span class='ocrx_word' id='word_1_85' title='bbox 795 999 854 1033; x_wconf 88' lang='lat' dir='ltr'>est,</span> <span class='ocrx_word' id='word_1_86' title='bbox 878 994 937 1027; x_wconf 91' lang='lat' dir='ltr'>nisi</span> <span class='ocrx_word' id='word_1_87' title='bbox 957 995 1004 1027; x_wconf 90' lang='lat' dir='ltr'>cui</span> <span class='ocrx_word' id='word_1_88' title='bbox 1025 995 1181 1037; x_wconf 86' lang='lat' dir='ltr'>probatae</span> 
     </span>
     <span class='ocr_line' id='line_1_17' title="bbox 247 1033 1183 1090; baseline 0.001 -12"><span class='ocrx_word' id='word_1_89' title='bbox 247 1033 293 1052; x_wconf 56' lang='grc' dir='ltr'>Μ’</span> <span class='ocrx_word' id='word_1_90' title='bbox 443 1046 526 1079; x_wconf 84' lang='lat' dir='ltr'>vitae</span> <span class='ocrx_word' id='word_1_91' title='bbox 551 1046 633 1079; x_wconf 84' lang='lat' dir='ltr'>ratio</span> <span class='ocrx_word' id='word_1_92' title='bbox 667 1047 756 1080; x_wconf 89' lang='lat' dir='ltr'>illum</span> <span class='ocrx_word' id='word_1_93' title='bbox 794 1054 1035 1090; x_wconf 74' lang='lat' dir='ltr'>comparasset,</span> <span class='ocrx_word' id='word_1_94' title='bbox 1063 1049 1183 1080; x_wconf 83' lang='lat' dir='ltr'>adeout</span> 
     </span>
    </p>

    <p class='ocr_par' dir='ltr' id='par_1_5' title="bbox 248 1099 1183 1664">
     <span class='ocr_line' id='line_1_18' title="bbox 443 1099 1180 1144; baseline 0.001 -12"><span class='ocrx_word' id='word_1_95' title='bbox 443 1099 605 1132; x_wconf 81' lang='lat' dir='ltr'>Pontificis</span> <span class='ocrx_word' id='word_1_96' title='bbox 631 1100 760 1141; x_wconf 79' lang='lat' dir='ltr'>familia,</span> <span class='ocrx_word' id='word_1_97' title='bbox 779 1101 819 1133; x_wconf 88' lang='lat' dir='ltr'>ad</span> <span class='ocrx_word' id='word_1_98' title='bbox 841 1102 1027 1144; x_wconf 75' lang='lat' dir='ltr'>exemplum</span> <span class='ocrx_word' id='word_1_99' title='bbox 1053 1100 1180 1133; x_wconf 86' lang='lat' dir='ltr'>Domini</span> 
     </span>
     <span class='ocr_line' id='line_1_19' title="bbox 442 1153 1181 1197; baseline 0.003 -12"><span class='ocrx_word' id='word_1_100' title='bbox 442 1153 490 1186; x_wconf 86' lang='lat' dir='ltr'>sui</span> <span class='ocrx_word' id='word_1_101' title='bbox 518 1153 665 1185; x_wconf 90' lang='lat' dir='ltr'>instituta</span> <span class='ocrx_word' id='word_1_102' title='bbox 690 1159 786 1196; x_wconf 87' lang='lat' dir='ltr'>atque</span> <span class='ocrx_word' id='word_1_103' title='bbox 811 1154 1008 1197; x_wconf 87' lang='lat' dir='ltr'>composita,</span> <span class='ocrx_word' id='word_1_104' title='bbox 1035 1154 1123 1187; x_wconf 81' lang='lat' dir='ltr'>nulla</span> <span class='ocrx_word' id='word_1_105' title='bbox 1147 1164 1181 1187; x_wconf 88' lang='lat' dir='ltr'>re</span> 
     </span>
     <span class='ocr_line' id='line_1_20' title="bbox 442 1205 1183 1250; baseline 0.003 -13"><span class='ocrx_word' id='word_1_106' title='bbox 442 1205 543 1248; x_wconf 87' lang='lat' dir='ltr'>magis</span> <span class='ocrx_word' id='word_1_107' title='bbox 561 1216 655 1248; x_wconf 89' lang='lat' dir='ltr'>quam</span> <span class='ocrx_word' id='word_1_108' title='bbox 676 1206 835 1239; x_wconf 78' lang='lat' dir='ltr'>modestia</span> <span class='ocrx_word' id='word_1_109' title='bbox 860 1207 1017 1248; x_wconf 80' lang='lat' dir='ltr'>singulari</span> <span class='ocrx_word' id='word_1_110' title='bbox 1040 1212 1071 1239; x_wconf 93' lang='lat' dir='ltr'>et</span> <span class='ocrx_word' id='word_1_111' title='bbox 1087 1217 1183 1250; x_wconf 88' lang='lat' dir='ltr'>prae-</span> 
     </span>
     <span class='ocr_line' id='line_1_21' title="bbox 442 1258 1183 1303; baseline 0 -11"><span class='ocrx_word' id='word_1_112' title='bbox 442 1258 535 1302; x_wconf 69' lang='lat' dir='ltr'>cipua</span> <span class='ocrx_word' id='word_1_113' title='bbox 553 1259 691 1302; x_wconf 86' lang='lat' dir='ltr'>quadam</span> <span class='ocrx_word' id='word_1_114' title='bbox 712 1259 810 1292; x_wconf 88' lang='lat' dir='ltr'>animi</span> <span class='ocrx_word' id='word_1_115' title='bbox 836 1270 1030 1303; x_wconf 86' lang='lat' dir='ltr'>morumque</span> <span class='ocrx_word' id='word_1_116' title='bbox 1051 1260 1183 1302; x_wconf 84' lang='lat' dir='ltr'>integri-</span> 
     </span>
     <span class='ocr_line' id='line_1_22' title="bbox 443 1311 961 1345; baseline 0.002 -1"><span class='ocrx_word' id='word_1_117' title='bbox 443 1317 506 1344; x_wconf 87' lang='lat' dir='ltr'>tate</span> <span class='ocrx_word' id='word_1_118' title='bbox 531 1322 548 1344; x_wconf 85' lang='lat' dir='ltr'>a</span> <span class='ocrx_word' id='word_1_119' title='bbox 571 1311 688 1344; x_wconf 87' lang='lat' dir='ltr'>ceteris</span> <span class='ocrx_word' id='word_1_120' title='bbox 710 1312 961 1345; x_wconf 80' lang='lat' dir='ltr'>discerneretur.</span> 
     </span>
     <span class='ocr_line' id='line_1_23' title="bbox 267 1364 1181 1408; baseline -0.001 -9"><span class='ocrx_word' id='word_1_121' title='bbox 267 1374 432 1399; x_wconf 42' lang='lat' dir='ltr'>”isunnam</span> <span class='ocrx_word' id='word_1_122' title='bbox 486 1365 501 1407; x_wconf 60' lang='lat' dir='ltr'>g</span> <span class='ocrx_word' id='word_1_123' title='bbox 524 1364 577 1397; x_wconf 79' lang='lat'>¹17.</span> <span class='ocrx_word' id='word_1_124' title='bbox 605 1364 690 1397; x_wconf 87' lang='lat' dir='ltr'>Nulli</span> <span class='ocrx_word' id='word_1_125' title='bbox 716 1365 802 1408; x_wconf 86' lang='lat' dir='ltr'>apud</span> <span class='ocrx_word' id='word_1_126' title='bbox 824 1365 930 1408; x_wconf 87' lang='lat' dir='ltr'>ipsum</span> <span class='ocrx_word' id='word_1_127' title='bbox 956 1365 995 1397; x_wconf 89' lang='lat' dir='ltr'>ad</span> <span class='ocrx_word' id='word_1_128' title='bbox 1016 1365 1181 1398; x_wconf 78' lang='lat' dir='ltr'>Ecclesiae</span> 
     </span>
     <span class='ocr_line' id='line_1_24' title="bbox 248 1402 1182 1462; baseline 0.003 -16"><span class='ocrx_word' id='word_1_129' title='bbox 248 1406 322 1446; x_wconf 57' lang='lat' dir='ltr'>iiisss‘ffl</span> <span class='ocrx_word' id='word_1_130' title='bbox 358 1402 617 1459; x_wconf 55' lang='lat' dir='ltr'>‘&#39;⁴¹‘&#39;”dignitates</span> <span class='ocrx_word' id='word_1_131' title='bbox 643 1419 748 1451; x_wconf 88' lang='lat' dir='ltr'>aditus</span> <span class='ocrx_word' id='word_1_132' title='bbox 774 1419 888 1462; x_wconf 87' lang='lat' dir='ltr'>patuit,</span> <span class='ocrx_word' id='word_1_133' title='bbox 909 1419 968 1451; x_wconf 88' lang='lat' dir='ltr'>nisi</span> <span class='ocrx_word' id='word_1_134' title='bbox 991 1419 1041 1450; x_wconf 83' lang='lat' dir='ltr'>eui</span> <span class='ocrx_word' id='word_1_135' title='bbox 1067 1418 1182 1450; x_wconf 87' lang='lat' dir='ltr'>merita</span> 
     </span>
     <span class='ocr_line' id='line_1_25' title="bbox 444 1472 1182 1515; baseline 0 -11"><span class='ocrx_word' id='word_1_136' title='bbox 444 1472 594 1515; x_wconf 86' lang='lat' dir='ltr'>prudenti</span> <span class='ocrx_word' id='word_1_137' title='bbox 620 1472 740 1505; x_wconf 90' lang='lat' dir='ltr'>iudicio</span> <span class='ocrx_word' id='word_1_138' title='bbox 773 1483 914 1515; x_wconf 70' lang='lat' dir='ltr'>expensa</span> <span class='ocrx_word' id='word_1_139' title='bbox 939 1473 977 1505; x_wconf 87' lang='lat' dir='ltr'>ad</span> <span class='ocrx_word' id='word_1_140' title='bbox 1003 1472 1074 1505; x_wconf 84' lang='lat' dir='ltr'>illas</span> <span class='ocrx_word' id='word_1_141' title='bbox 1099 1472 1182 1505; x_wconf 83' lang='lat' dir='ltr'>obti-</span> 
     </span>
     <span class='ocr_line' id='line_1_26' title="bbox 443 1525 1182 1569; baseline 0.001 -12"><span class='ocrx_word' id='word_1_142' title='bbox 443 1525 567 1557; x_wconf 88' lang='lat' dir='ltr'>nendas</span> <span class='ocrx_word' id='word_1_143' title='bbox 581 1525 661 1557; x_wconf 88' lang='lat' dir='ltr'>viam</span> <span class='ocrx_word' id='word_1_144' title='bbox 676 1525 873 1565; x_wconf 79' lang='lat' dir='ltr'>stravissent,</span> <span class='ocrx_word' id='word_1_145' title='bbox 888 1526 1037 1569; x_wconf 84' lang='lat' dir='ltr'>viresque</span> <span class='ocrx_word' id='word_1_146' title='bbox 1056 1526 1095 1558; x_wconf 88' lang='lat' dir='ltr'>ad</span> <span class='ocrx_word' id='word_1_147' title='bbox 1117 1536 1182 1558; x_wconf 88' lang='lat' dir='ltr'>eas-</span> 
     </span>
     <span class='ocr_line' id='line_1_27' title="bbox 443 1578 1182 1622; baseline 0.001 -12"><span class='ocrx_word' id='word_1_148' title='bbox 443 1578 515 1611; x_wconf 89' lang='lat' dir='ltr'>dem</span> <span class='ocrx_word' id='word_1_149' title='bbox 540 1578 641 1621; x_wconf 87' lang='lat' dir='ltr'>probe</span> <span class='ocrx_word' id='word_1_150' title='bbox 668 1579 865 1612; x_wconf 81' lang='lat' dir='ltr'>exercendas</span> <span class='ocrx_word' id='word_1_151' title='bbox 883 1579 1011 1612; x_wconf 77' lang='lat' dir='ltr'>abunde</span> <span class='ocrx_word' id='word_1_152' title='bbox 1031 1579 1182 1622; x_wconf 85' lang='lat' dir='ltr'>suppedi-</span> 
     </span>
     <span class='ocr_line' id='line_1_28' title="bbox 446 1636 576 1664; baseline 0 -1"><span class='ocrx_word' id='word_1_153' title='bbox 446 1636 576 1664; x_wconf 77' lang='lat' dir='ltr'>[assent.</span> 
     </span>
    </p>

    <p class='ocr_par' dir='ltr' id='par_1_6' title="bbox 442 1684 1183 2630">
     <span class='ocr_line' id='line_1_29' title="bbox 487 1684 1180 1728; baseline 0.004 -13"><span class='ocrx_word' id='word_1_154' title='bbox 487 1685 502 1726; x_wconf 59' lang='grc' dir='ltr'><em>ξ</em></span> <span class='ocrx_word' id='word_1_155' title='bbox 530 1684 581 1718; x_wconf 74' lang='lat'>18.</span> <span class='ocrx_word' id='word_1_156' title='bbox 619 1685 772 1728; x_wconf 75' lang='lat' dir='ltr'>Flagrans</span> <span class='ocrx_word' id='word_1_157' title='bbox 806 1686 837 1717; x_wconf 91' lang='lat' dir='ltr'>in</span> <span class='ocrx_word' id='word_1_158' title='bbox 879 1696 917 1718; x_wconf 90' lang='lat' dir='ltr'>eo</span> <span class='ocrx_word' id='word_1_159' title='bbox 950 1685 1180 1728; x_wconf 77' lang='lat' dir='ltr'>propagandae</span> 
     </span>
     <span class='ocr_line' id='line_1_30' title="bbox 442 1737 1182 1780; baseline 0.003 -11"><span class='ocrx_word' id='word_1_160' title='bbox 442 1737 612 1780; x_wconf 81' lang='lat' dir='ltr'>religionis</span> <span class='ocrx_word' id='word_1_161' title='bbox 637 1738 816 1771; x_wconf 80' lang='lat' dir='ltr'>catholicae</span> <span class='ocrx_word' id='word_1_162' title='bbox 843 1739 1040 1772; x_wconf 82' lang='lat' dir='ltr'>desiderium</span> <span class='ocrx_word' id='word_1_163' title='bbox 1062 1765 1068 1778; x_wconf 91' lang='lat'>‚</span> <span class='ocrx_word' id='word_1_164' title='bbox 1092 1739 1182 1771; x_wconf 88' lang='lat' dir='ltr'>inde-</span> 
     </span>
     <span class='ocr_line' id='line_1_31' title="bbox 443 1791 1181 1834; baseline 0.001 -12"><span class='ocrx_word' id='word_1_165' title='bbox 443 1791 545 1823; x_wconf 81' lang='lat' dir='ltr'>fessus</span> <span class='ocrx_word' id='word_1_166' title='bbox 570 1801 629 1834; x_wconf 89' lang='lat' dir='ltr'>pro</span> <span class='ocrx_word' id='word_1_167' title='bbox 655 1791 863 1824; x_wconf 78' lang='lat' dir='ltr'>instauranda</span> <span class='ocrx_word' id='word_1_168' title='bbox 891 1791 1109 1825; x_wconf 80' lang='lat' dir='ltr'>ecclesiastica</span> <span class='ocrx_word' id='word_1_169' title='bbox 1135 1791 1181 1824; x_wconf 86' lang='lat' dir='ltr'>di-</span> 
     </span>
     <span class='ocr_line' id='line_1_32' title="bbox 443 1843 1180 1887; baseline 0.003 -12"><span class='ocrx_word' id='word_1_170' title='bbox 443 1843 581 1887; x_wconf 76' lang='lat' dir='ltr'>sciplina</span> <span class='ocrx_word' id='word_1_171' title='bbox 621 1844 736 1883; x_wconf 89' lang='lat' dir='ltr'>labor,</span> <span class='ocrx_word' id='word_1_172' title='bbox 775 1844 977 1877; x_wconf 86' lang='lat' dir='ltr'>incredibilis</span> <span class='ocrx_word' id='word_1_173' title='bbox 1012 1855 1046 1877; x_wconf 87' lang='lat' dir='ltr'>ac</span> <span class='ocrx_word' id='word_1_174' title='bbox 1090 1845 1180 1887; x_wconf 86' lang='lat' dir='ltr'>quasi</span> 
     </span>
     <span class='ocr_line' id='line_1_33' title="bbox 442 1897 1182 1941; baseline 0.003 -13"><span class='ocrx_word' id='word_1_175' title='bbox 442 1902 600 1939; x_wconf 86' lang='lat' dir='ltr'>perpetua</span> <span class='ocrx_word' id='word_1_176' title='bbox 633 1897 665 1929; x_wconf 91' lang='lat' dir='ltr'>in</span> <span class='ocrx_word' id='word_1_177' title='bbox 699 1897 901 1941; x_wconf 80' lang='lat' dir='ltr'>extirpandis</span> <span class='ocrx_word' id='word_1_178' title='bbox 939 1897 1108 1930; x_wconf 84' lang='lat' dir='ltr'>erroribus</span> <span class='ocrx_word' id='word_1_179' title='bbox 1141 1898 1182 1930; x_wconf 92' lang='lat' dir='ltr'>vi-</span> 
     </span>
     <span class='ocr_line' id='line_1_34' title="bbox 442 1949 1179 1993; baseline 0.003 -12"><span class='ocrx_word' id='word_1_180' title='bbox 442 1949 596 1991; x_wconf 86' lang='lat' dir='ltr'>gilantia,</span> <span class='ocrx_word' id='word_1_181' title='bbox 626 1960 685 1993; x_wconf 91' lang='lat' dir='ltr'>pro</span> <span class='ocrx_word' id='word_1_182' title='bbox 713 1951 840 1983; x_wconf 81' lang='lat' dir='ltr'>tuendis</span> <span class='ocrx_word' id='word_1_183' title='bbox 866 1950 1029 1983; x_wconf 80' lang='lat' dir='ltr'>Ecclesiae</span> <span class='ocrx_word' id='word_1_184' title='bbox 1056 1951 1179 1983; x_wconf 87' lang='lat' dir='ltr'>iuribus</span> 
     </span>
     <span class='ocr_line' id='line_1_35' title="bbox 443 2003 1180 2047; baseline 0.003 -14"><span class='ocrx_word' id='word_1_185' title='bbox 443 2003 581 2035; x_wconf 80' lang='lat' dir='ltr'>ferreum</span> <span class='ocrx_word' id='word_1_186' title='bbox 607 2009 733 2046; x_wconf 83' lang='lat' dir='ltr'>pectus,</span> <span class='ocrx_word' id='word_1_187' title='bbox 756 2004 786 2036; x_wconf 91' lang='lat' dir='ltr'>in</span> <span class='ocrx_word' id='word_1_188' title='bbox 814 2003 1010 2046; x_wconf 77' lang='lat' dir='ltr'>castigandis</span> <span class='ocrx_word' id='word_1_189' title='bbox 1036 2003 1180 2047; x_wconf 81' lang='lat' dir='ltr'>corrupti</span> 
     </span>
     <span class='ocr_line' id='line_1_36' title="bbox 442 2055 1180 2099; baseline 0.004 -13"><span class='ocrx_word' id='word_1_190' title='bbox 442 2056 559 2088; x_wconf 87' lang='lat' dir='ltr'>saeculi</span> <span class='ocrx_word' id='word_1_191' title='bbox 587 2055 732 2089; x_wconf 87' lang='lat' dir='ltr'>moribus</span> <span class='ocrx_word' id='word_1_192' title='bbox 761 2057 984 2099; x_wconf 87' lang='lat' dir='ltr'>malorumque</span> <span class='ocrx_word' id='word_1_193' title='bbox 1011 2056 1180 2089; x_wconf 81' lang='lat' dir='ltr'>hominum</span> 
     </span>
     <span class='ocr_line' id='line_1_37' title="bbox 443 2108 1180 2142; baseline 0.004 -3"><span class='ocrx_word' id='word_1_194' title='bbox 443 2108 572 2140; x_wconf 70' lang='lat' dir='ltr'>licentia</span> <span class='ocrx_word' id='word_1_195' title='bbox 590 2114 621 2140; x_wconf 87' lang='lat' dir='ltr'>et</span> <span class='ocrx_word' id='word_1_196' title='bbox 643 2109 823 2142; x_wconf 83' lang='lat' dir='ltr'>temeritate</span> <span class='ocrx_word' id='word_1_197' title='bbox 843 2109 989 2142; x_wconf 85' lang='lat' dir='ltr'>duriores</span> <span class='ocrx_word' id='word_1_198' title='bbox 1009 2115 1180 2142; x_wconf 84' lang='lat' dir='ltr'>renovatae</span> 
     </span>
     <span class='ocr_line' id='line_1_38' title="bbox 443 2162 1181 2204; baseline 0.004 -13"><span class='ocrx_word' id='word_1_199' title='bbox 443 2162 545 2202; x_wconf 79' lang='lat' dir='ltr'>legeS,</span> <span class='ocrx_word' id='word_1_200' title='bbox 565 2167 659 2204; x_wconf 87' lang='lat' dir='ltr'>atque</span> <span class='ocrx_word' id='word_1_201' title='bbox 685 2162 824 2195; x_wconf 74' lang='lat' dir='ltr'>excitata</span> <span class='ocrx_word' id='word_1_202' title='bbox 851 2162 1044 2195; x_wconf 88' lang='lat' dir='ltr'>iudiciorum</span> <span class='ocrx_word' id='word_1_203' title='bbox 1062 2163 1181 2195; x_wconf 88' lang='lat' dir='ltr'>severi-</span> 
     </span>
     <span class='ocr_line' id='line_1_39' title="bbox 444 2212 1181 2258; baseline 0.004 -14"><span class='ocrx_word' id='word_1_204' title='bbox 444 2218 504 2245; x_wconf 82' lang='lat' dir='ltr'>tas.</span> <span class='ocrx_word' id='word_1_205' title='bbox 529 2212 647 2246; x_wconf 81' lang='lat' dir='ltr'>Contra</span> <span class='ocrx_word' id='word_1_206' title='bbox 671 2224 748 2246; x_wconf 87' lang='lat' dir='ltr'>vero</span> <span class='ocrx_word' id='word_1_207' title='bbox 774 2216 875 2257; x_wconf 77' lang='lat' dir='ltr'>prona</span> <span class='ocrx_word' id='word_1_208' title='bbox 906 2225 942 2247; x_wconf 87' lang='lat' dir='ltr'>ac</span> <span class='ocrx_word' id='word_1_209' title='bbox 971 2225 1101 2258; x_wconf 82' lang='lat' dir='ltr'>semper</span> <span class='ocrx_word' id='word_1_210' title='bbox 1134 2215 1181 2247; x_wconf 93' lang='lat' dir='ltr'>in-</span> 
     </span>
     <span class='ocr_line' id='line_1_40' title="bbox 444 2265 1181 2301; baseline 0.005 -4"><span class='ocrx_word' id='word_1_211' title='bbox 444 2267 575 2298; x_wconf 68' lang='lat' dir='ltr'>exausta</span> <span class='ocrx_word' id='word_1_212' title='bbox 600 2265 814 2300; x_wconf 71' lang='lat' dir='ltr'>beneficentia</span> <span class='ocrx_word' id='word_1_213' title='bbox 838 2267 961 2299; x_wconf 88' lang='lat' dir='ltr'>curavit</span> <span class='ocrx_word' id='word_1_214' title='bbox 978 2267 1181 2301; x_wconf 86' lang='lat' dir='ltr'>subditorum</span> 
     </span>
     <span class='ocr_line' id='line_1_41' title="bbox 444 2319 1182 2363; baseline 0.004 -14"><span class='ocrx_word' id='word_1_215' title='bbox 444 2319 634 2359; x_wconf 72' lang='lat' dir='ltr'>commoda,</span> <span class='ocrx_word' id='word_1_216' title='bbox 665 2330 803 2363; x_wconf 88' lang='lat' dir='ltr'>quorum</span> <span class='ocrx_word' id='word_1_217' title='bbox 825 2321 976 2363; x_wconf 88' lang='lat' dir='ltr'>querelas</span> <span class='ocrx_word' id='word_1_218' title='bbox 1003 2320 1182 2363; x_wconf 86' lang='lat' dir='ltr'>supplices-</span> 
     </span>
     <span class='ocr_line' id='line_1_42' title="bbox 444 2373 1180 2414; baseline 0.003 -11"><span class='ocrx_word' id='word_1_219' title='bbox 444 2381 507 2414; x_wconf 86' lang='lat' dir='ltr'>que</span> <span class='ocrx_word' id='word_1_220' title='bbox 541 2382 691 2404; x_wconf 86' lang='lat' dir='ltr'>recursus</span> <span class='ocrx_word' id='word_1_221' title='bbox 723 2383 789 2405; x_wconf 88' lang='lat' dir='ltr'>non</span> <span class='ocrx_word' id='word_1_222' title='bbox 825 2373 955 2406; x_wconf 89' lang='lat' dir='ltr'>modico</span> <span class='ocrx_word' id='word_1_223' title='bbox 985 2374 1180 2406; x_wconf 87' lang='lat' dir='ltr'>valetudinis</span> 
     </span>
     <span class='ocr_line' id='line_1_43' title="bbox 444 2425 1181 2468; baseline 0.003 -12"><span class='ocrx_word' id='word_1_224' title='bbox 444 2434 520 2457; x_wconf 87' lang='lat' dir='ltr'>suae</span> <span class='ocrx_word' id='word_1_225' title='bbox 546 2425 717 2468; x_wconf 88' lang='lat' dir='ltr'>dispendio</span> <span class='ocrx_word' id='word_1_226' title='bbox 734 2451 741 2465; x_wconf 86' lang='lat'>,</span> <span class='ocrx_word' id='word_1_227' title='bbox 767 2426 839 2458; x_wconf 76' lang='lat' dir='ltr'>data</span> <span class='ocrx_word' id='word_1_228' title='bbox 870 2425 1004 2457; x_wconf 83' lang='lat' dir='ltr'>cuilibet</span> <span class='ocrx_word' id='word_1_229' title='bbox 1040 2425 1181 2458; x_wconf 87' lang='lat' dir='ltr'>adcundi</span> 
     </span>
     <span class='ocr_line' id='line_1_44' title="bbox 445 2477 1183 2521; baseline 0 -11"><span class='ocrx_word' id='word_1_230' title='bbox 445 2477 594 2520; x_wconf 71' lang='lat' dir='ltr'>fandique</span> <span class='ocrx_word' id='word_1_231' title='bbox 619 2478 722 2520; x_wconf 73' lang='lat' dir='ltr'>copia,</span> <span class='ocrx_word' id='word_1_232' title='bbox 744 2479 934 2520; x_wconf 75' lang='lat' dir='ltr'>prolataque</span> <span class='ocrx_word' id='word_1_233' title='bbox 960 2477 1113 2510; x_wconf 80' lang='lat' dir='ltr'>audiendi</span> <span class='ocrx_word' id='word_1_234' title='bbox 1132 2488 1183 2521; x_wconf 91' lang='lat' dir='ltr'>pa-</span> 
     </span>
     <span class='ocr_line' id='line_1_45' title="bbox 444 2531 1181 2574; baseline 0 -11"><span class='ocrx_word' id='word_1_235' title='bbox 444 2531 565 2571; x_wconf 77' lang='lat' dir='ltr'>tientia,</span> <span class='ocrx_word' id='word_1_236' title='bbox 584 2541 601 2563; x_wconf 88' lang='lat' dir='ltr'>a</span> <span class='ocrx_word' id='word_1_237' title='bbox 622 2541 715 2563; x_wconf 86' lang='lat' dir='ltr'>mane</span> <span class='ocrx_word' id='word_1_238' title='bbox 742 2540 843 2573; x_wconf 88' lang='lat' dir='ltr'>usque</span> <span class='ocrx_word' id='word_1_239' title='bbox 862 2531 900 2564; x_wconf 85' lang='lat' dir='ltr'>ad</span> <span class='ocrx_word' id='word_1_240' title='bbox 919 2540 1071 2573; x_wconf 79' lang='lat' dir='ltr'>vesperas</span> <span class='ocrx_word' id='word_1_241' title='bbox 1099 2540 1181 2574; x_wconf 87' lang='lat' dir='ltr'>pene</span> 
     </span>
     <span class='ocr_line' id='line_1_46' title="bbox 445 2584 807 2630; baseline -0.003 -12"><span class='ocrx_word' id='word_1_242' title='bbox 445 2585 588 2630; x_wconf 85' lang='lat' dir='ltr'>quotidie</span> <span class='ocrx_word' id='word_1_243' title='bbox 616 2584 807 2629; x_wconf 75' lang='lat' dir='ltr'>excipiebat,</span> 
     </span>
    </p>
   </div>
   <div class='ocr_carea' id='block_1_2' title="bbox 248 424 432 476">
    <p class='ocr_par' dir='ltr' id='par_1_7' title="bbox 248 424 432 476">
     <span class='ocr_line' id='line_1_47' title="bbox 265 424 432 445; baseline -0.018 0"><span class='ocrx_word' id='word_1_244' title='bbox 265 424 330 445; x_wconf 61' lang='lat' dir='ltr'>Cen-:i</span> <span class='ocrx_word' id='word_1_245' title='bbox 337 424 432 444; x_wconf 40' lang='lat' dir='ltr'>nguine&amp;</span> 
     </span>
     <span class='ocr_line' id='line_1_48' title="bbox 248 451 399 476; baseline -0.013 -4"><span class='ocrx_word' id='word_1_246' title='bbox 248 457 289 472; x_wconf 60' lang='lat' dir='ltr'>nnn</span> <span class='ocrx_word' id='word_1_247' title='bbox 300 451 399 476; x_wconf 49' lang='lat' dir='ltr'>intlutget.</span> 
     </span>
    </p>
   </div>
   <div class='ocr_carea' id='block_1_3' title="bbox 249 1691 431 1737">
    <p class='ocr_par' dir='ltr' id='par_1_8' title="bbox 249 1691 431 1737">
     <span class='ocr_line' id='line_1_49' title="bbox 279 1691 431 1713; baseline -0.007 -2"><span class='ocrx_word' id='word_1_248' title='bbox 279 1691 354 1713; x_wconf 77' lang='lat' dir='ltr'>Zelus,</span> <span class='ocrx_word' id='word_1_249' title='bbox 377 1691 431 1711; x_wconf 65' lang='lat' dir='ltr'>furti-</span> 
     </span>
     <span class='ocr_line' id='line_1_50' title="bbox 249 1718 412 1737; baseline 0 0"><span class='ocrx_word' id='word_1_250' title='bbox 249 1718 297 1737; x_wconf 68' lang='lat' dir='ltr'>tud·-</span> <span class='ocrx_word' id='word_1_251' title='bbox 322 1719 412 1737; x_wconf 74' lang='lat' dir='ltr'>bonitas.</span> 
     </span>
    </p>
   </div>
   <div class='ocr_carea' id='block_1_4' title="bbox 1022 205 1380 230">
    <p class='ocr_par' dir='ltr' id='par_1_9' title="bbox 1022 205 1380 230">
     <span class='ocr_line' id='line_1_51' title="bbox 1022 205 1380 230; baseline 0.006 -2"><span class='ocrx_word' id='word_1_252' title='bbox 1022 206 1200 230; x_wconf 56' lang='lat' dir='ltr'>natantum</span> <span class='ocrx_word' id='word_1_253' title='bbox 1225 205 1380 230; x_wconf 73' lang='lat' dir='ltr'>ROMANUM</span> 
     </span>
    </p>
   </div>
   <div class='ocr_carea' id='block_1_5' title="bbox 1200 262 1205 1784">
    <p class='ocr_par' dir='ltr' id='par_1_10' title="bbox 1200 262 1205 1784">
     <span class='ocr_line' id='line_1_52' title="bbox 1200 262 1205 1784; baseline 0 0"><span class='ocrx_word' id='word_1_254' title='bbox 1200 262 1205 1784; x_wconf 95' lang='lat' dir='ltr'> </span> 
     </span>
    </p>
   </div>
   <div class='ocr_carea' id='block_1_6' title="bbox 1201 1905 1205 2614">
    <p class='ocr_par' dir='ltr' id='par_1_11' title="bbox 1201 1905 1205 2614">
     <span class='ocr_line' id='line_1_53' title="bbox 1201 1905 1205 2614; baseline 0 0"><span class='ocrx_word' id='word_1_255' title='bbox 1201 1905 1205 2614; x_wconf 95' lang='lat' dir='ltr'> </span> 
     </span>
    </p>
   </div>
   <div class='ocr_carea' id='block_1_7' title="bbox 1224 209 2158 2618">
    <p class='ocr_par' dir='ltr' id='par_1_12' title="bbox 1969 209 2157 237">
     <span class='ocr_line' id='line_1_54' title="bbox 1969 209 2157 237; baseline 0.011 -2"><span class='ocrx_word' id='word_1_256' title='bbox 1969 209 2020 237; x_wconf 86' lang='grc' dir='ltr'>Λη.</span> <span class='ocrx_word' id='word_1_257' title='bbox 2041 209 2071 236; x_wconf 88' lang='lat' dir='ltr'>C.</span> <span class='ocrx_word' id='word_1_258' title='bbox 2089 209 2157 237; x_wconf 72' lang='lat'>¹712</span> 
     </span>
    </p>

    <p class='ocr_par' dir='ltr' id='par_1_13' title="bbox 1224 255 2157 828">
     <span class='ocr_line' id='line_1_55' title="bbox 1267 255 2157 297; baseline 0.006 -10"><span class='ocrx_word' id='word_1_259' title='bbox 1267 255 1282 297; x_wconf 66' lang='grc' dir='ltr'><strong>ἓ</strong></span> <span class='ocrx_word' id='word_1_260' title='bbox 1307 255 1358 288; x_wconf 79' lang='grc'><strong>19.</strong></span> <span class='ocrx_word' id='word_1_261' title='bbox 1384 256 1467 288; x_wconf 76' lang='lat' dir='ltr'>Talis</span> <span class='ocrx_word' id='word_1_262' title='bbox 1503 257 1634 289; x_wconf 87' lang='lat' dir='ltr'>demum</span> <span class='ocrx_word' id='word_1_263' title='bbox 1667 267 1703 289; x_wconf 87' lang='lat' dir='ltr'>ac</span> <span class='ocrx_word' id='word_1_264' title='bbox 1734 261 1840 289; x_wconf 83' lang='lat' dir='ltr'>tantus</span> <span class='ocrx_word' id='word_1_265' title='bbox 1865 256 1897 289; x_wconf 88' lang='lat' dir='ltr'>in</span> <span class='ocrx_word' id='word_1_266' title='bbox 1922 267 1960 290; x_wconf 90' lang='lat' dir='ltr'>co</span> <span class='ocrx_word' id='word_1_267' title='bbox 1999 271 2157 292; x_wconf 62' lang='lat' dir='ltr'>intrencoset</span> 
     </span>
     <span class='ocr_line' id='line_1_56' title="bbox 1224 297 2156 352; baseline 0.005 -13"><span class='ocrx_word' id='word_1_268' title='bbox 1224 306 1343 340; x_wconf 75' lang='lat' dir='ltr'>ess&#39;ulsit</span> <span class='ocrx_word' id='word_1_269' title='bbox 1373 309 1529 352; x_wconf 87' lang='lat' dir='ltr'>splendor</span> <span class='ocrx_word' id='word_1_270' title='bbox 1564 309 1738 348; x_wconf 81' lang='lat' dir='ltr'>virtutum,</span> <span class='ocrx_word' id='word_1_271' title='bbox 1764 314 1799 341; x_wconf 89' lang='lat' dir='ltr'>ut</span> <span class='ocrx_word' id='word_1_272' title='bbox 1830 310 1869 343; x_wconf 88' lang='lat' dir='ltr'>ab</span> <span class='ocrx_word' id='word_1_273' title='bbox 1895 297 2076 344; x_wconf 65' lang='lat' dir='ltr'>eitisl¹35.&#39;,&#39;.‘.‘&#39;‘&#39;³</span> <span class='ocrx_word' id='word_1_274' title='bbox 2108 303 2156 318; x_wconf 59' lang='lat'>⁶⁰⁰⁸</span> 
     </span>
     <span class='ocr_line' id='line_1_57' title="bbox 1224 360 1963 405; baseline 0.005 -14"><span class='ocrx_word' id='word_1_275' title='bbox 1224 360 1402 393; x_wconf 84' lang='lat' dir='ltr'>sanctitatis</span> <span class='ocrx_word' id='word_1_276' title='bbox 1420 362 1519 394; x_wconf 87' lang='lat' dir='ltr'>radiis</span> <span class='ocrx_word' id='word_1_277' title='bbox 1538 362 1687 394; x_wconf 84' lang='lat' dir='ltr'>illustrati</span> <span class='ocrx_word' id='word_1_278' title='bbox 1707 368 1738 395; x_wconf 86' lang='lat' dir='ltr'>et</span> <span class='ocrx_word' id='word_1_279' title='bbox 1758 362 1877 395; x_wconf 86' lang='lat' dir='ltr'>nobilis</span> <span class='ocrx_word' id='word_1_280' title='bbox 1897 363 1963 405; x_wconf 85' lang='lat' dir='ltr'>qui-</span> 
     </span>
     <span class='ocr_line' id='line_1_58' title="bbox 1225 413 1963 458; baseline 0.004 -14"><span class='ocrx_word' id='word_1_281' title='bbox 1225 413 1296 445; x_wconf 90' lang='lat' dir='ltr'>dam</span> <span class='ocrx_word' id='word_1_282' title='bbox 1323 414 1444 456; x_wconf 75' lang='lat' dir='ltr'>Anglus</span> <span class='ocrx_word' id='word_1_283' title='bbox 1471 420 1502 447; x_wconf 90' lang='lat' dir='ltr'>et</span> <span class='ocrx_word' id='word_1_284' title='bbox 1519 414 1639 447; x_wconf 85' lang='lat' dir='ltr'>Ollicae</span> <span class='ocrx_word' id='word_1_285' title='bbox 1666 415 1739 454; x_wconf 85' lang='lat' dir='ltr'>dux,</span> <span class='ocrx_word' id='word_1_286' title='bbox 1761 415 1963 458; x_wconf 87' lang='lat' dir='ltr'>hebraeique</span> 
     </span>
     <span class='ocr_line' id='line_1_59' title="bbox 1224 467 1965 510; baseline 0.004 -12"><span class='ocrx_word' id='word_1_287' title='bbox 1224 468 1385 506; x_wconf 90' lang='lat' dir='ltr'>nonnulli,</span> <span class='ocrx_word' id='word_1_288' title='bbox 1402 468 1438 500; x_wconf 86' lang='lat' dir='ltr'>ad</span> <span class='ocrx_word' id='word_1_289' title='bbox 1458 468 1650 500; x_wconf 85' lang='lat' dir='ltr'>admirabile</span> <span class='ocrx_word' id='word_1_290' title='bbox 1672 467 1837 510; x_wconf 77' lang='lat' dir='ltr'>Evangelii</span> <span class='ocrx_word' id='word_1_291' title='bbox 1851 468 1965 501; x_wconf 86' lang='lat' dir='ltr'>ortho-</span> 
     </span>
     <span class='ocr_line' id='line_1_60' title="bbox 1225 519 1966 563; baseline 0.004 -12"><span class='ocrx_word' id='word_1_292' title='bbox 1225 519 1391 563; x_wconf 71' lang='lat' dir='ltr'>doxaeque</span> <span class='ocrx_word' id='word_1_293' title='bbox 1418 520 1490 553; x_wconf 75' lang='lat' dir='ltr'>[idei</span> <span class='ocrx_word' id='word_1_294' title='bbox 1518 521 1625 553; x_wconf 85' lang='lat' dir='ltr'>lumen</span> <span class='ocrx_word' id='word_1_295' title='bbox 1658 521 1798 554; x_wconf 87' lang='lat' dir='ltr'>libenter</span> <span class='ocrx_word' id='word_1_296' title='bbox 1822 530 1966 554; x_wconf 86' lang='lat' dir='ltr'>accesse-</span> 
     </span>
     <span class='ocr_line' id='line_1_61' title="bbox 1225 572 1966 617; baseline 0.003 -13"><span class='ocrx_word' id='word_1_297' title='bbox 1225 572 1299 605; x_wconf 91' lang='lat' dir='ltr'>rint.</span> <span class='ocrx_word' id='word_1_298' title='bbox 1323 572 1406 611; x_wconf 87' lang='lat' dir='ltr'>Quos</span> <span class='ocrx_word' id='word_1_299' title='bbox 1430 573 1514 607; x_wconf 88' lang='lat' dir='ltr'>inter</span> <span class='ocrx_word' id='word_1_300' title='bbox 1547 573 1631 606; x_wconf 89' lang='lat' dir='ltr'>Elias</span> <span class='ocrx_word' id='word_1_301' title='bbox 1665 574 1795 617; x_wconf 90' lang='lat' dir='ltr'>quidam</span> <span class='ocrx_word' id='word_1_302' title='bbox 1821 574 1966 617; x_wconf 75' lang='lat' dir='ltr'>archisy-</span> 
     </span>
     <span class='ocr_line' id='line_1_62' title="bbox 1224 626 1965 670; baseline 0.001 -12"><span class='ocrx_word' id='word_1_303' title='bbox 1224 636 1371 669; x_wconf 85' lang='lat' dir='ltr'>nagogus</span> <span class='ocrx_word' id='word_1_304' title='bbox 1397 626 1516 659; x_wconf 86' lang='lat' dir='ltr'>divitiis</span> <span class='ocrx_word' id='word_1_305' title='bbox 1542 627 1688 670; x_wconf 77' lang='lat' dir='ltr'>famaque</span> <span class='ocrx_word' id='word_1_306' title='bbox 1714 627 1873 667; x_wconf 87' lang='lat' dir='ltr'>celebris,</span> <span class='ocrx_word' id='word_1_307' title='bbox 1901 629 1965 659; x_wconf 78' lang='lat' dir='ltr'>una</span> 
     </span>
     <span class='ocr_line' id='line_1_63' title="bbox 1224 678 1964 722; baseline 0 -12"><span class='ocrx_word' id='word_1_308' title='bbox 1224 689 1296 711; x_wconf 88' lang='lat' dir='ltr'>cum</span> <span class='ocrx_word' id='word_1_309' title='bbox 1323 678 1414 718; x_wconf 84' lang='lat' dir='ltr'>filiis,</span> <span class='ocrx_word' id='word_1_310' title='bbox 1441 678 1594 712; x_wconf 74' lang='lat' dir='ltr'>Vaticano</span> <span class='ocrx_word' id='word_1_311' title='bbox 1620 679 1650 712; x_wconf 91' lang='lat' dir='ltr'>in</span> <span class='ocrx_word' id='word_1_312' title='bbox 1677 680 1800 722; x_wconf 87' lang='lat' dir='ltr'>templo</span> <span class='ocrx_word' id='word_1_313' title='bbox 1826 678 1964 712; x_wconf 84' lang='lat' dir='ltr'>solemni</span> 
     </span>
     <span class='ocr_line' id='line_1_64' title="bbox 1225 731 1965 776; baseline 0.001 -13"><span class='ocrx_word' id='word_1_314' title='bbox 1225 731 1285 764; x_wconf 89' lang='lat' dir='ltr'>ritu</span> <span class='ocrx_word' id='word_1_315' title='bbox 1313 732 1358 764; x_wconf 87' lang='lat' dir='ltr'>Pii</span> <span class='ocrx_word' id='word_1_316' title='bbox 1381 731 1548 765; x_wconf 82' lang='lat' dir='ltr'>Pontificis</span> <span class='ocrx_word' id='word_1_317' title='bbox 1569 743 1665 765; x_wconf 84' lang='lat' dir='ltr'>manu</span> <span class='ocrx_word' id='word_1_318' title='bbox 1690 732 1773 765; x_wconf 86' lang='lat' dir='ltr'>sacri</span> <span class='ocrx_word' id='word_1_319' title='bbox 1791 732 1965 776; x_wconf 83' lang='lat' dir='ltr'>baptisma-</span> 
     </span>
     <span class='ocr_line' id='line_1_65' title="bbox 1225 784 1647 828; baseline 0.005 -12"><span class='ocrx_word' id='word_1_320' title='bbox 1225 784 1264 817; x_wconf 87' lang='lat' dir='ltr'>tis</span> <span class='ocrx_word' id='word_1_321' title='bbox 1290 784 1483 818; x_wconf 80' lang='lat' dir='ltr'>beneficium</span> <span class='ocrx_word' id='word_1_322' title='bbox 1510 786 1647 828; x_wconf 87' lang='lat' dir='ltr'>accepit.</span> 
     </span>
    </p>

    <p class='ocr_par' dir='ltr' id='par_1_14' title="bbox 1224 836 1966 1146">
     <span class='ocr_line' id='line_1_66' title="bbox 1268 836 1965 881; baseline 0.003 -12"><span class='ocrx_word' id='word_1_323' title='bbox 1268 836 1350 880; x_wconf 63' lang='grc' dir='ltr'>ξΩΟ.</span> <span class='ocrx_word' id='word_1_324' title='bbox 1367 836 1433 875; x_wconf 86' lang='lat' dir='ltr'>Qua</span> <span class='ocrx_word' id='word_1_325' title='bbox 1448 837 1645 880; x_wconf 84' lang='lat' dir='ltr'>integritate,</span> <span class='ocrx_word' id='word_1_326' title='bbox 1668 848 1728 880; x_wconf 88' lang='lat' dir='ltr'>qua</span> <span class='ocrx_word' id='word_1_327' title='bbox 1748 837 1881 877; x_wconf 78' lang='lat' dir='ltr'>iustitia,</span> <span class='ocrx_word' id='word_1_328' title='bbox 1901 848 1965 881; x_wconf 87' lang='lat' dir='ltr'>qua</span> 
     </span>
     <span class='ocr_line' id='line_1_67' title="bbox 1224 889 1963 934; baseline 0.004 -13"><span class='ocrx_word' id='word_1_329' title='bbox 1224 889 1386 933; x_wconf 85' lang='lat' dir='ltr'>aequitate</span> <span class='ocrx_word' id='word_1_330' title='bbox 1413 890 1549 923; x_wconf 84' lang='lat' dir='ltr'>Sanctae</span> <span class='ocrx_word' id='word_1_331' title='bbox 1581 890 1677 923; x_wconf 85' lang='lat' dir='ltr'>huius</span> <span class='ocrx_word' id='word_1_332' title='bbox 1701 891 1793 924; x_wconf 89' lang='lat' dir='ltr'>Sedis</span> <span class='ocrx_word' id='word_1_333' title='bbox 1818 891 1963 934; x_wconf 82' lang='lat' dir='ltr'>regimen</span> 
     </span>
     <span class='ocr_line' id='line_1_68' title="bbox 1226 943 1965 987; baseline 0.005 -13"><span class='ocrx_word' id='word_1_334' title='bbox 1226 943 1390 986; x_wconf 88' lang='lat' dir='ltr'>totiusque</span> <span class='ocrx_word' id='word_1_335' title='bbox 1417 943 1598 976; x_wconf 86' lang='lat' dir='ltr'>catholicae</span> <span class='ocrx_word' id='word_1_336' title='bbox 1623 943 1786 976; x_wconf 83' lang='lat' dir='ltr'>Ecclesiae</span> <span class='ocrx_word' id='word_1_337' title='bbox 1811 954 1965 987; x_wconf 83' lang='lat' dir='ltr'>procura-</span> 
     </span>
     <span class='ocr_line' id='line_1_69' title="bbox 1226 995 1966 1038; baseline 0.003 -11"><span class='ocrx_word' id='word_1_338' title='bbox 1226 996 1347 1029; x_wconf 87' lang='lat' dir='ltr'>tionem</span> <span class='ocrx_word' id='word_1_339' title='bbox 1374 995 1447 1028; x_wconf 82' lang='lat' dir='ltr'>Pius</span> <span class='ocrx_word' id='word_1_340' title='bbox 1473 997 1622 1038; x_wconf 81' lang='lat' dir='ltr'>gesserit,</span> <span class='ocrx_word' id='word_1_341' title='bbox 1650 996 1757 1029; x_wconf 88' lang='lat' dir='ltr'>editae</span> <span class='ocrx_word' id='word_1_342' title='bbox 1775 996 1815 1029; x_wconf 82' lang='lat' dir='ltr'>ab</span> <span class='ocrx_word' id='word_1_343' title='bbox 1837 1008 1875 1030; x_wconf 90' lang='lat' dir='ltr'>eo</span> <span class='ocrx_word' id='word_1_344' title='bbox 1893 1007 1966 1030; x_wconf 89' lang='lat' dir='ltr'>san-</span> 
     </span>
     <span class='ocr_line' id='line_1_70' title="bbox 1224 1049 1964 1088; baseline 0.001 -7"><span class='ocrx_word' id='word_1_345' title='bbox 1224 1049 1361 1088; x_wconf 88' lang='lat' dir='ltr'>ctiones,</span> <span class='ocrx_word' id='word_1_346' title='bbox 1371 1049 1456 1081; x_wconf 89' lang='lat' dir='ltr'>inter</span> <span class='ocrx_word' id='word_1_347' title='bbox 1470 1049 1532 1082; x_wconf 89' lang='lat' dir='ltr'>alia</span> <span class='ocrx_word' id='word_1_348' title='bbox 1543 1049 1762 1082; x_wconf 78' lang='lat' dir='ltr'>Romanorum</span> <span class='ocrx_word' id='word_1_349' title='bbox 1775 1049 1964 1083; x_wconf 80' lang='lat' dir='ltr'>Pontificum</span> 
     </span>
     <span class='ocr_line' id='line_1_71' title="bbox 1225 1101 1963 1146; baseline 0.001 -12"><span class='ocrx_word' id='word_1_350' title='bbox 1225 1102 1354 1134; x_wconf 84' lang='lat' dir='ltr'>decreta</span> <span class='ocrx_word' id='word_1_351' title='bbox 1381 1101 1463 1144; x_wconf 75' lang='lat' dir='ltr'>typis</span> <span class='ocrx_word' id='word_1_352' title='bbox 1488 1102 1645 1145; x_wconf 85' lang='lat' dir='ltr'>vulgatae,</span> <span class='ocrx_word' id='word_1_353' title='bbox 1671 1102 1774 1146; x_wconf 88' lang='lat' dir='ltr'>probe</span> <span class='ocrx_word' id='word_1_354' title='bbox 1793 1107 1963 1136; x_wconf 81' lang='lat' dir='ltr'>testantur.</span> 
     </span>
    </p>

    <p class='ocr_par' dir='ltr' id='par_1_15' title="bbox 1224 1153 2158 1769">
     <span class='ocr_line' id='line_1_72' title="bbox 1269 1153 2158 1205; baseline 0 -19"><span class='ocrx_word' id='word_1_355' title='bbox 1269 1155 1283 1197; x_wconf 63' lang='lat' dir='ltr'>g</span> <span class='ocrx_word' id='word_1_356' title='bbox 1307 1153 1359 1186; x_wconf 69' lang='lat'>21.</span> <span class='ocrx_word' id='word_1_357' title='bbox 1385 1154 1511 1192; x_wconf 85' lang='lat' dir='ltr'>Quanta</span> <span class='ocrx_word' id='word_1_358' title='bbox 1528 1154 1674 1197; x_wconf 90' lang='lat' dir='ltr'>protinus</span> <span class='ocrx_word' id='word_1_359' title='bbox 1697 1155 1767 1197; x_wconf 86' lang='lat' dir='ltr'>ipse</span> <span class='ocrx_word' id='word_1_360' title='bbox 1790 1155 1913 1195; x_wconf 79' lang='lat' dir='ltr'>fecerit,</span> <span class='ocrx_word' id='word_1_361' title='bbox 1930 1162 1965 1188; x_wconf 88' lang='lat' dir='ltr'>ut</span> <span class='ocrx_word' id='word_1_362' title='bbox 1999 1166 2097 1205; x_wconf 20' lang='lat' dir='ltr'>¹‘ci-uam</span> <span class='ocrx_word' id='word_1_363' title='bbox 2120 1172 2158 1192; x_wconf 57' lang='lat' dir='ltr'>pso</span> 
     </span>
     <span class='ocr_line' id='line_1_73' title="bbox 1224 1193 2158 1249; baseline 0 -10"><span class='ocrx_word' id='word_1_364' title='bbox 1224 1206 1257 1239; x_wconf 90' lang='lat' dir='ltr'>in</span> <span class='ocrx_word' id='word_1_365' title='bbox 1286 1207 1408 1246; x_wconf 77' lang='lat' dir='ltr'>Gallia,</span> <span class='ocrx_word' id='word_1_366' title='bbox 1442 1207 1574 1249; x_wconf 85' lang='lat' dir='ltr'>Belgio,</span> <span class='ocrx_word' id='word_1_367' title='bbox 1608 1207 1801 1248; x_wconf 74' lang='lat' dir='ltr'>Germania,</span> <span class='ocrx_word' id='word_1_368' title='bbox 1833 1198 2075 1248; x_wconf 65' lang='lat' dir='ltr'>Scotia,l?1&#39;.¹’‘¹&#39;&#39;¹²</span> <span class='ocrx_word' id='word_1_369' title='bbox 2105 1193 2158 1214; x_wconf 48' lang='grc' dir='ltr'>ΜΨ</span> 
     </span>
     <span class='ocr_line' id='line_1_74' title="bbox 1225 1260 1965 1303; baseline 0.003 -11"><span class='ocrx_word' id='word_1_370' title='bbox 1225 1261 1340 1302; x_wconf 81' lang='lat' dir='ltr'>Anglia</span> <span class='ocrx_word' id='word_1_371' title='bbox 1375 1260 1574 1303; x_wconf 82' lang='lat' dir='ltr'>Poloniaque</span> <span class='ocrx_word' id='word_1_372' title='bbox 1606 1265 1779 1293; x_wconf 81' lang='lat' dir='ltr'>sartatecta</span> <span class='ocrx_word' id='word_1_373' title='bbox 1803 1261 1965 1294; x_wconf 83' lang='lat' dir='ltr'>catholica</span> 
     </span>
     <span class='ocr_line' id='line_1_75' title="bbox 1225 1314 1962 1357; baseline 0 -12"><span class='ocrx_word' id='word_1_374' title='bbox 1225 1314 1342 1356; x_wconf 86' lang='lat' dir='ltr'>religio</span> <span class='ocrx_word' id='word_1_375' title='bbox 1367 1319 1617 1346; x_wconf 86' lang='lat' dir='ltr'>conservaretur</span> <span class='ocrx_word' id='word_1_376' title='bbox 1641 1324 1677 1346; x_wconf 87' lang='lat' dir='ltr'>ac</span> <span class='ocrx_word' id='word_1_377' title='bbox 1703 1319 1962 1357; x_wconf 83' lang='lat' dir='ltr'>propagaretur,</span> 
     </span>
     <span class='ocr_line' id='line_1_76' title="bbox 1226 1367 1964 1410; baseline 0 -10"><span class='ocrx_word' id='word_1_378' title='bbox 1226 1378 1262 1400; x_wconf 82' lang='lat' dir='ltr'>ex</span> <span class='ocrx_word' id='word_1_379' title='bbox 1289 1367 1460 1400; x_wconf 89' lang='lat' dir='ltr'>luculentis</span> <span class='ocrx_word' id='word_1_380' title='bbox 1498 1368 1691 1410; x_wconf 89' lang='lat' dir='ltr'>scriptorum</span> <span class='ocrx_word' id='word_1_381' title='bbox 1723 1368 1964 1407; x_wconf 85' lang='lat' dir='ltr'>monumentis,</span> 
     </span>
     <span class='ocr_line' id='line_1_77' title="bbox 1225 1420 1966 1463; baseline 0 -10"><span class='ocrx_word' id='word_1_382' title='bbox 1225 1432 1261 1453; x_wconf 89' lang='lat' dir='ltr'>ae</span> <span class='ocrx_word' id='word_1_383' title='bbox 1286 1420 1425 1463; x_wconf 86' lang='lat' dir='ltr'>publicis</span> <span class='ocrx_word' id='word_1_384' title='bbox 1457 1420 1610 1463; x_wconf 87' lang='lat' dir='ltr'>omnique</span> <span class='ocrx_word' id='word_1_385' title='bbox 1642 1420 1704 1452; x_wconf 87' lang='lat' dir='ltr'>fide</span> <span class='ocrx_word' id='word_1_386' title='bbox 1731 1420 1837 1462; x_wconf 80' lang='lat' dir='ltr'>dignis</span> <span class='ocrx_word' id='word_1_387' title='bbox 1863 1420 1966 1454; x_wconf 89' lang='lat' dir='ltr'>histo-</span> 
     </span>
     <span class='ocr_line' id='line_1_78' title="bbox 1226 1473 1966 1516; baseline -0.001 -10"><span class='ocrx_word' id='word_1_388' title='bbox 1226 1473 1299 1506; x_wconf 89' lang='lat' dir='ltr'>ricis</span> <span class='ocrx_word' id='word_1_389' title='bbox 1332 1473 1439 1515; x_wconf 82' lang='lat' dir='ltr'>colligi</span> <span class='ocrx_word' id='word_1_390' title='bbox 1465 1478 1592 1516; x_wconf 85' lang='lat' dir='ltr'>potest,</span> <span class='ocrx_word' id='word_1_391' title='bbox 1620 1473 1740 1506; x_wconf 82' lang='lat' dir='ltr'>adeout</span> <span class='ocrx_word' id='word_1_392' title='bbox 1763 1483 1846 1516; x_wconf 88' lang='lat' dir='ltr'>pene</span> <span class='ocrx_word' id='word_1_393' title='bbox 1871 1473 1966 1506; x_wconf 86' lang='lat' dir='ltr'>mira-</span> 
     </span>
     <span class='ocr_line' id='line_1_79' title="bbox 1225 1526 1965 1570; baseline -0.001 -11"><span class='ocrx_word' id='word_1_394' title='bbox 1225 1528 1297 1559; x_wconf 87' lang='lat' dir='ltr'>culo</span> <span class='ocrx_word' id='word_1_395' title='bbox 1316 1526 1462 1570; x_wconf 82' lang='lat' dir='ltr'>proxima</span> <span class='ocrx_word' id='word_1_396' title='bbox 1480 1526 1520 1558; x_wconf 90' lang='lat' dir='ltr'>sit</span> <span class='ocrx_word' id='word_1_397' title='bbox 1546 1527 1659 1568; x_wconf 84' lang='lat' dir='ltr'>ingens</span> <span class='ocrx_word' id='word_1_398' title='bbox 1677 1526 1732 1559; x_wconf 91' lang='lat' dir='ltr'>illa</span> <span class='ocrx_word' id='word_1_399' title='bbox 1748 1526 1794 1558; x_wconf 89' lang='lat' dir='ltr'>vis</span> <span class='ocrx_word' id='word_1_400' title='bbox 1811 1526 1965 1569; x_wconf 87' lang='lat' dir='ltr'>pecunia-</span> 
     </span>
     <span class='ocr_line' id='line_1_80' title="bbox 1225 1578 1964 1622; baseline -0.001 -11"><span class='ocrx_word' id='word_1_401' title='bbox 1225 1590 1306 1618; x_wconf 86' lang='lat' dir='ltr'>rum,</span> <span class='ocrx_word' id='word_1_402' title='bbox 1324 1589 1387 1622; x_wconf 89' lang='lat' dir='ltr'>qua</span> <span class='ocrx_word' id='word_1_403' title='bbox 1411 1578 1562 1611; x_wconf 89' lang='lat' dir='ltr'>omnibus</span> <span class='ocrx_word' id='word_1_404' title='bbox 1589 1578 1656 1611; x_wconf 88' lang='lat' dir='ltr'>sere</span> <span class='ocrx_word' id='word_1_405' title='bbox 1682 1578 1771 1611; x_wconf 87' lang='lat' dir='ltr'>orbis</span> <span class='ocrx_word' id='word_1_406' title='bbox 1796 1578 1964 1611; x_wconf 87' lang='lat' dir='ltr'>christiani</span> 
     </span>
     <span class='ocr_line' id='line_1_81' title="bbox 1227 1628 1964 1673; baseline -0.001 -11"><span class='ocrx_word' id='word_1_407' title='bbox 1227 1629 1371 1673; x_wconf 86' lang='lat' dir='ltr'>partibus</span> <span class='ocrx_word' id='word_1_408' title='bbox 1397 1629 1505 1672; x_wconf 80' lang='lat' dir='ltr'>inopia</span> <span class='ocrx_word' id='word_1_409' title='bbox 1542 1629 1681 1671; x_wconf 80' lang='lat' dir='ltr'>pressis,</span> <span class='ocrx_word' id='word_1_410' title='bbox 1709 1634 1764 1661; x_wconf 86' lang='lat' dir='ltr'>aut</span> <span class='ocrx_word' id='word_1_411' title='bbox 1796 1628 1964 1671; x_wconf 81' lang='lat' dir='ltr'>religionis</span> 
     </span>
     <span class='ocr_line' id='line_1_82' title="bbox 1225 1681 1963 1721; baseline 0.001 -7"><span class='ocrx_word' id='word_1_412' title='bbox 1225 1685 1320 1716; x_wconf 77' lang='lat' dir='ltr'>causa</span> <span class='ocrx_word' id='word_1_413' title='bbox 1337 1681 1570 1721; x_wconf 86' lang='lat' dir='ltr'>laborantibus,</span> <span class='ocrx_word' id='word_1_414' title='bbox 1587 1682 1656 1714; x_wconf 84' lang='lat' dir='ltr'>siue</span> <span class='ocrx_word' id='word_1_415' title='bbox 1675 1682 1742 1715; x_wconf 72' lang='lat' dir='ltr'>ulla</span> <span class='ocrx_word' id='word_1_416' title='bbox 1757 1682 1963 1715; x_wconf 87' lang='lat' dir='ltr'>cunctatione</span> 
     </span>
     <span class='ocr_line' id='line_1_83' title="bbox 1225 1736 1387 1769; baseline 0 -1"><span class='ocrx_word' id='word_1_417' title='bbox 1225 1736 1387 1769; x_wconf 81' lang='lat' dir='ltr'>subvenit.</span> 
     </span>
    </p>

    <p class='ocr_par' dir='ltr' id='par_1_16' title="bbox 1224 1789 1965 2618">
     <span class='ocr_line' id='line_1_84' title="bbox 1269 1789 1963 1832; baseline 0.001 -11"><span class='ocrx_word' id='word_1_418' title='bbox 1269 1790 1283 1832; x_wconf 62' lang='lat' dir='ltr'>g</span> <span class='ocrx_word' id='word_1_419' title='bbox 1308 1789 1362 1822; x_wconf 70' lang='lat'>02⁶2.</span> <span class='ocrx_word' id='word_1_420' title='bbox 1390 1789 1467 1822; x_wconf 90' lang='lat' dir='ltr'>Cum</span> <span class='ocrx_word' id='word_1_421' title='bbox 1491 1789 1626 1822; x_wconf 87' lang='lat' dir='ltr'>Galliam</span> <span class='ocrx_word' id='word_1_422' title='bbox 1662 1799 1793 1822; x_wconf 89' lang='lat' dir='ltr'>omnem</span> <span class='ocrx_word' id='word_1_423' title='bbox 1819 1789 1963 1823; x_wconf 86' lang='lat' dir='ltr'>haeresis</span> 
     </span>
     <span class='ocr_line' id='line_1_85' title="bbox 1225 1842 1964 1886; baseline -0.001 -10"><span class='ocrx_word' id='word_1_424' title='bbox 1225 1842 1420 1883; x_wconf 85' lang='lat' dir='ltr'>Calviniana,</span> <span class='ocrx_word' id='word_1_425' title='bbox 1435 1843 1693 1886; x_wconf 83' lang='lat' dir='ltr'>Ilugonottorum</span> <span class='ocrx_word' id='word_1_426' title='bbox 1709 1843 1882 1886; x_wconf 85' lang='lat' dir='ltr'>appellata,</span> <span class='ocrx_word' id='word_1_427' title='bbox 1896 1854 1964 1876; x_wconf 86' lang='lat' dir='ltr'>sus-</span> 
     </span>
     <span class='ocr_line' id='line_1_86' title="bbox 1226 1895 1963 1940; baseline 0 -12"><span class='ocrx_word' id='word_1_428' title='bbox 1226 1907 1287 1940; x_wconf 90' lang='lat' dir='ltr'>que</span> <span class='ocrx_word' id='word_1_429' title='bbox 1304 1896 1409 1939; x_wconf 87' lang='lat' dir='ltr'>deque</span> <span class='ocrx_word' id='word_1_430' title='bbox 1424 1900 1576 1935; x_wconf 86' lang='lat' dir='ltr'>verteret,</span> <span class='ocrx_word' id='word_1_431' title='bbox 1589 1901 1684 1939; x_wconf 84' lang='lat' dir='ltr'>atque</span> <span class='ocrx_word' id='word_1_432' title='bbox 1699 1895 1794 1928; x_wconf 86' lang='lat' dir='ltr'>huius</span> <span class='ocrx_word' id='word_1_433' title='bbox 1807 1896 1854 1929; x_wconf 89' lang='lat' dir='ltr'>rei</span> <span class='ocrx_word' id='word_1_434' title='bbox 1869 1898 1963 1929; x_wconf 73' lang='lat' dir='ltr'>causa</span> 
     </span>
     <span class='ocr_line' id='line_1_87' title="bbox 1226 1948 1965 1993; baseline 0.001 -11"><span class='ocrx_word' id='word_1_435' title='bbox 1226 1950 1384 1982; x_wconf 82' lang='lat' dir='ltr'>nonnulla</span> <span class='ocrx_word' id='word_1_436' title='bbox 1408 1948 1487 1981; x_wconf 90' lang='lat' dir='ltr'>inibi</span> <span class='ocrx_word' id='word_1_437' title='bbox 1513 1948 1712 1982; x_wconf 80' lang='lat' dir='ltr'>orthodoxae</span> <span class='ocrx_word' id='word_1_438' title='bbox 1738 1949 1889 1992; x_wconf 87' lang='lat' dir='ltr'>religioni</span> <span class='ocrx_word' id='word_1_439' title='bbox 1911 1960 1965 1993; x_wconf 87' lang='lat' dir='ltr'>pa·</span> 
     </span>
     <span class='ocr_line' id='line_1_88' title="bbox 1227 2002 1963 2045; baseline 0 -10"><span class='ocrx_word' id='word_1_440' title='bbox 1227 2013 1297 2035; x_wconf 91' lang='lat' dir='ltr'>rum</span> <span class='ocrx_word' id='word_1_441' title='bbox 1329 2007 1547 2035; x_wconf 86' lang='lat' dir='ltr'>consentanea</span> <span class='ocrx_word' id='word_1_442' title='bbox 1580 2002 1612 2034; x_wconf 91' lang='lat' dir='ltr'>in</span> <span class='ocrx_word' id='word_1_443' title='bbox 1646 2002 1811 2045; x_wconf 89' lang='lat' dir='ltr'>publicum</span> <span class='ocrx_word' id='word_1_444' title='bbox 1848 2003 1963 2036; x_wconf 87' lang='lat' dir='ltr'>emissa</span> 
     </span>
     <span class='ocr_line' id='line_1_89' title="bbox 1226 2055 1963 2099; baseline 0 -11"><span class='ocrx_word' id='word_1_445' title='bbox 1226 2061 1334 2089; x_wconf 88' lang='lat' dir='ltr'>essent</span> <span class='ocrx_word' id='word_1_446' title='bbox 1358 2056 1509 2095; x_wconf 84' lang='lat' dir='ltr'>decreta,</span> <span class='ocrx_word' id='word_1_447' title='bbox 1535 2060 1598 2088; x_wconf 89' lang='lat' dir='ltr'>tam</span> <span class='ocrx_word' id='word_1_448' title='bbox 1632 2055 1706 2088; x_wconf 83' lang='lat' dir='ltr'>forti</span> <span class='ocrx_word' id='word_1_449' title='bbox 1739 2055 1848 2088; x_wconf 87' lang='lat' dir='ltr'>animo</span> <span class='ocrx_word' id='word_1_450' title='bbox 1876 2056 1963 2099; x_wconf 87' lang='lat' dir='ltr'>apud</span> 
     </span>
     <span class='ocr_line' id='line_1_90' title="bbox 1224 2107 1963 2152; baseline -0.003 -10"><span class='ocrx_word' id='word_1_451' title='bbox 1224 2119 1336 2152; x_wconf 87' lang='lat' dir='ltr'>regem</span> <span class='ocrx_word' id='word_1_452' title='bbox 1361 2108 1665 2142; x_wconf 73' lang='lat' dir='ltr'>eluistianissimum</span> <span class='ocrx_word' id='word_1_453' title='bbox 1689 2108 1804 2141; x_wconf 86' lang='lat' dir='ltr'>institit</span> <span class='ocrx_word' id='word_1_454' title='bbox 1824 2107 1908 2148; x_wconf 89' lang='lat' dir='ltr'>Pius,</span> <span class='ocrx_word' id='word_1_455' title='bbox 1929 2115 1963 2140; x_wconf 91' lang='lat' dir='ltr'>ut</span> 
     </span>
     <span class='ocr_line' id='line_1_91' title="bbox 1225 2161 1963 2205; baseline -0.003 -10"><span class='ocrx_word' id='word_1_456' title='bbox 1225 2163 1281 2195; x_wconf 88' lang='lat' dir='ltr'>illa</span> <span class='ocrx_word' id='word_1_457' title='bbox 1294 2162 1423 2205; x_wconf 87' lang='lat' dir='ltr'>penitus</span> <span class='ocrx_word' id='word_1_458' title='bbox 1442 2172 1458 2194; x_wconf 92' lang='lat' dir='ltr'>e</span> <span class='ocrx_word' id='word_1_459' title='bbox 1476 2162 1615 2204; x_wconf 84' lang='lat' dir='ltr'>publicis</span> <span class='ocrx_word' id='word_1_460' title='bbox 1635 2161 1753 2194; x_wconf 89' lang='lat' dir='ltr'>tabulis</span> <span class='ocrx_word' id='word_1_461' title='bbox 1774 2161 1880 2194; x_wconf 86' lang='lat' dir='ltr'>deleta</span> <span class='ocrx_word' id='word_1_462' title='bbox 1897 2161 1963 2193; x_wconf 83' lang='lat' dir='ltr'>suc-</span> 
     </span>
     <span class='ocr_line' id='line_1_92' title="bbox 1225 2213 1963 2258; baseline -0.004 -10"><span class='ocrx_word' id='word_1_463' title='bbox 1225 2216 1288 2248; x_wconf 89' lang='lat' dir='ltr'>rint</span> <span class='ocrx_word' id='word_1_464' title='bbox 1313 2221 1410 2258; x_wconf 84' lang='lat' dir='ltr'>atque</span> <span class='ocrx_word' id='word_1_465' title='bbox 1437 2215 1601 2257; x_wconf 87' lang='lat' dir='ltr'>abrogata.</span> <span class='ocrx_word' id='word_1_466' title='bbox 1627 2214 1705 2246; x_wconf 85' lang='lat' dir='ltr'>Tum</span> <span class='ocrx_word' id='word_1_467' title='bbox 1731 2213 1882 2251; x_wconf 82' lang='lat' dir='ltr'>consilio,</span> <span class='ocrx_word' id='word_1_468' title='bbox 1906 2224 1963 2257; x_wconf 85' lang='lat' dir='ltr'>pe-</span> 
     </span>
     <span class='ocr_line' id='line_1_93' title="bbox 1226 2266 1961 2308; baseline -0.003 -7"><span class='ocrx_word' id='word_1_469' title='bbox 1226 2269 1332 2308; x_wconf 75' lang='lat' dir='ltr'>cunia,</span> <span class='ocrx_word' id='word_1_470' title='bbox 1352 2271 1529 2301; x_wconf 86' lang='lat' dir='ltr'>commeatu</span> <span class='ocrx_word' id='word_1_471' title='bbox 1547 2278 1583 2300; x_wconf 90' lang='lat' dir='ltr'>ac</span> <span class='ocrx_word' id='word_1_472' title='bbox 1596 2267 1752 2299; x_wconf 82' lang='lat' dir='ltr'>militibus</span> <span class='ocrx_word' id='word_1_473' title='bbox 1770 2267 1801 2298; x_wconf 91' lang='lat' dir='ltr'>in</span> <span class='ocrx_word' id='word_1_474' title='bbox 1817 2266 1961 2307; x_wconf 84' lang='lat' dir='ltr'>Galliam,</span> 
     </span>
     <span class='ocr_line' id='line_1_94' title="bbox 1226 2319 1958 2360; baseline 0 -8"><span class='ocrx_word' id='word_1_475' title='bbox 1226 2322 1308 2354; x_wconf 70' lang='lat' dir='ltr'>«luce</span> <span class='ocrx_word' id='word_1_476' title='bbox 1333 2320 1450 2354; x_wconf 88' lang='lat' dir='ltr'>comite</span> <span class='ocrx_word' id='word_1_477' title='bbox 1476 2320 1596 2353; x_wconf 82' lang='lat' dir='ltr'>Ssortia</span> <span class='ocrx_word' id='word_1_478' title='bbox 1621 2319 1652 2352; x_wconf 84' lang='lat' dir='ltr'>S.</span> <span class='ocrx_word' id='word_1_479' title='bbox 1680 2319 1793 2352; x_wconf 84' lang='lat' dir='ltr'>Florae</span> <span class='ocrx_word' id='word_1_480' title='bbox 1813 2320 1958 2360; x_wconf 88' lang='lat' dir='ltr'>domino,</span> 
     </span>
     <span class='ocr_line' id='line_1_95' title="bbox 1225 2371 1963 2416; baseline -0.003 -10"><span class='ocrx_word' id='word_1_481' title='bbox 1225 2378 1408 2416; x_wconf 86' lang='lat' dir='ltr'>opportune</span> <span class='ocrx_word' id='word_1_482' title='bbox 1431 2371 1640 2410; x_wconf 77' lang='lat' dir='ltr'>transmissiS,</span> <span class='ocrx_word' id='word_1_483' title='bbox 1661 2372 1702 2403; x_wconf 90' lang='lat' dir='ltr'>ita</span> <span class='ocrx_word' id='word_1_484' title='bbox 1728 2371 1963 2410; x_wconf 78' lang='lat' dir='ltr'>catholicorum</span> 
     </span>
     <span class='ocr_line' id='line_1_96' title="bbox 1225 2424 1962 2468; baseline 0 -11"><span class='ocrx_word' id='word_1_485' title='bbox 1225 2431 1335 2468; x_wconf 86' lang='lat' dir='ltr'>partes</span> <span class='ocrx_word' id='word_1_486' title='bbox 1354 2424 1491 2463; x_wconf 85' lang='lat' dir='ltr'>adiuvit,</span> <span class='ocrx_word' id='word_1_487' title='bbox 1508 2429 1559 2463; x_wconf 93' lang='lat' dir='ltr'>ut,</span> <span class='ocrx_word' id='word_1_488' title='bbox 1577 2424 1697 2456; x_wconf 77' lang='lat' dir='ltr'>inllicta</span> <span class='ocrx_word' id='word_1_489' title='bbox 1723 2425 1962 2458; x_wconf 86' lang='lat' dir='ltr'>haereticorum</span> 
     </span>
     <span class='ocr_line' id='line_1_97' title="bbox 1226 2478 1963 2522; baseline 0 -11"><span class='ocrx_word' id='word_1_490' title='bbox 1226 2478 1327 2521; x_wconf 86' lang='lat' dir='ltr'>copiis</span> <span class='ocrx_word' id='word_1_491' title='bbox 1353 2478 1471 2520; x_wconf 84' lang='lat' dir='ltr'>insigni</span> <span class='ocrx_word' id='word_1_492' title='bbox 1499 2478 1610 2520; x_wconf 74' lang='lat' dir='ltr'>plaga,</span> <span class='ocrx_word' id='word_1_493' title='bbox 1636 2488 1772 2521; x_wconf 82' lang='lat' dir='ltr'>regnum</span> <span class='ocrx_word' id='word_1_494' title='bbox 1797 2478 1885 2522; x_wconf 85' lang='lat' dir='ltr'>regi,</span> <span class='ocrx_word' id='word_1_495' title='bbox 1913 2489 1963 2511; x_wconf 86' lang='lat' dir='ltr'>re-</span> 
     </span>
     <span class='ocr_line' id='line_1_98' title="bbox 1227 2530 1963 2574; baseline 0.001 -10"><span class='ocrx_word' id='word_1_496' title='bbox 1227 2541 1290 2574; x_wconf 83' lang='lat' dir='ltr'>gno</span> <span class='ocrx_word' id='word_1_497' title='bbox 1317 2531 1519 2573; x_wconf 84' lang='lat' dir='ltr'>religionem,</span> <span class='ocrx_word' id='word_1_498' title='bbox 1539 2541 1649 2564; x_wconf 83' lang='lat' dir='ltr'>verum</span> <span class='ocrx_word' id='word_1_499' title='bbox 1674 2530 1739 2565; x_wconf 89' lang='lat' dir='ltr'>Deo</span> <span class='ocrx_word' id='word_1_500' title='bbox 1765 2532 1888 2566; x_wconf 87' lang='lat' dir='ltr'>cultum</span> <span class='ocrx_word' id='word_1_501' title='bbox 1912 2542 1963 2565; x_wconf 87' lang='lat' dir='ltr'>re-</span> 
     </span>
     <span class='ocr_line' id='line_1_99' title="bbox 1228 2583 1382 2618; baseline 0 0"><span class='ocrx_word' id='word_1_502' title='bbox 1228 2583 1382 2618; x_wconf 85' lang='lat' dir='ltr'>stituerit.</span> 
     </span>
    </p>
   </div>
   <div class='ocr_carea' id='block_1_8' title="bbox 1975 848 2158 902">
    <p class='ocr_par' dir='ltr' id='par_1_17' title="bbox 1975 848 2158 902">
     <span class='ocr_line' id='line_1_100' title="bbox 2010 848 2158 871; baseline 0.014 -2"><span class='ocrx_word' id='word_1_503' title='bbox 2010 848 2158 871; x_wconf 52' lang='lat' dir='ltr'>sancuzstms</span> 
     </span>
     <span class='ocr_line' id='line_1_101' title="bbox 1975 876 2098 902; baseline 0 -5"><span class='ocrx_word' id='word_1_504' title='bbox 1975 876 2018 897; x_wconf 75' lang='lat' dir='ltr'>eilit</span> <span class='ocrx_word' id='word_1_505' title='bbox 2033 877 2098 902; x_wconf 63' lang='lat' dir='ltr'>leges.</span> 
     </span>
    </p>
   </div>
   <div class='ocr_carea' id='block_1_9' title="bbox 1974 1800 2157 1853">
    <p class='ocr_par' dir='ltr' id='par_1_18' title="bbox 1974 1800 2157 1853">
     <span class='ocr_line' id='line_1_102' title="bbox 2001 1800 2157 1827; baseline -0.006 -6"><span class='ocrx_word' id='word_1_506' title='bbox 2001 1800 2128 1827; x_wconf 57' lang='lat' dir='ltr'>uagom-nnn</span> <span class='ocrx_word' id='word_1_507' title='bbox 2138 1801 2157 1820; x_wconf 84' lang='lat' dir='ltr'>in</span> 
     </span>
     <span class='ocr_line' id='line_1_103' title="bbox 1974 1828 2156 1853; baseline 0 -7"><span class='ocrx_word' id='word_1_508' title='bbox 1974 1828 2042 1848; x_wconf 59' lang='lat' dir='ltr'>Gallia</span> <span class='ocrx_word' id='word_1_509' title='bbox 2057 1828 2156 1853; x_wconf 65' lang='lat' dir='ltr'>reprimit.</span> 
     </span>
    </p>
   </div>
  </div>
 </body>
</html>
