2269 3203
232 225 282 253 An.
298 225 327 254 C.
350 224 417 253 1702
462 215 505 249 58

309 1079 419 1099 neci-nium

247 1106 362 1130 Conervgat
369 1112 420 1125 ionis

240 1133 265 1152 de
311 1132 419 1158 praedicta

239 1161 320 1179 restite>
327 1165 380 1179 ione-

288 1713 420 1734 Confirmatio

239 1740 299 1761 relati
315 1741 401 1761 dccxli.

425 273 584 318 perterre,
599 278 631 306 et
655 281 813 316 expensas
843 271 882 304 ad
907 270 939 303 id
964 269 1164 304 necessarias

427 328 532 360 facere
550 353 557 366 ‚
584 336 619 358 ac
644 330 758 368 postea
790 325 829 357 ad
858 324 958 357 dictas
988 333 1061 355 suas
1093 332 1166 365 pro-

428 379 570 418 vincias,
596 384 629 411 ut
654 378 718 411 illic
745 379 905 416 lecturas,
932 384 1070 419 quarum
1094 375 1165 407 loca

428 438 583 475 occupata
617 430 901 474 quamsaepissime
938 426 1163 470 reperiebant,

427 489 626 523 exercerent,
656 483 775 522 redire,
804 487 833 514 et
862 486 938 524 post
969 486 1095 522 tempus
1121 479 1165 510 le-

429 543 537 571 cturae
563 537 602 570 ad
622 537 768 569 eamdem
794 534 912 567 Urbem
934 543 991 576 pro
1018 530 1165 564 examine

429 592 468 624 ad
493 589 671 633 magisterii
698 589 729 620 in
757 588 839 620 dicta
875 587 964 619 sacra
1002 582 1167 624 theologia

429 644 565 688 gradum
592 642 758 675 subeundo
777 640 902 678 reverti,
922 640 1085 681 multaque
1104 637 1167 670 alia

429 697 632 731 incommoda
658 695 722 738 pati
748 694 959 735 cogebantur:
975 701 1011 724 ac
1028 690 1166 734 proinde

431 752 534 786 dictae
569 746 816 791 Congregationi
849 744 1061 778 cardinalium
1091 754 1168 788 sup-

431 805 550 848 plicato
578 808 613 834 ut
629 805 822 834 memoratas
842 797 1092 832 constitutiones
1118 808 1168 830 su-

430 868 490 902 per
533 855 717 900 praemissis
761 851 927 886 observari
972 850 1166 884 mandaret:

432 909 591 944 emanavit
619 909 657 941 ab
688 907 798 940 eadem
816 904 1075 947 Congregatione
1105 914 1170 936 car-

432 963 587 997 dinalium
613 961 777 994 decretum
795 958 919 992 tenoris
936 957 990 1001 qui
1006 957 1165 1000 seqnitur,

431 1016 604 1049 videlicet:

471 1070 557 1097 Sacra
590 1065 779 1105 Congregatio
811 1063 1111 1094 eminentissimorum
1142 1067 1170 1093 et

431 1116 741 1147 reverendissimorum
759 1115 787 1143 S.
806 1114 841 1143 R.
859 1113 890 1143 E.
908 1112 1101 1143 cardinalium
1121 1121 1170 1142 ne-

430 1166 516 1205 gotiis
548 1169 576 1195 et
609 1163 869 1194 consultationibus
904 1163 1109 1202 episcoporum
1141 1166 1170 1192 et

429 1214 606 1253 regularium
625 1213 799 1253 praeposita,
816 1212 880 1242 cui¹
897 1211 1099 1241 sanctissimus
1120 1211 1170 1240 do-

431 1264 526 1293 minus
550 1267 647 1292 noster
675 1262 838 1301 supplicem
862 1261 940 1299 hunc
961 1260 1094 1290 libellum
1117 1269 1169 1299 pro

430 1316 495 1341 voto
518 1312 641 1349 remisit,
662 1311 769 1340 auditis
792 1310 924 1349 patribus
946 1309 1086 1348 generali,
1104 1318 1170 1349 pro-

430 1365 562 1390 curatore
588 1360 715 1398 generati
749 1363 776 1388 et
809 1358 1015 1388 assistentibus
1037 1357 1167 1394 Ordinis,

430 1410 543 1439 censuit
574 1419 606 1438 ac
635 1409 773 1443 decrevit,
797 1417 885 1447 super
914 1407 1082 1446 praemissis
1109 1416 1170 1436 ser-

430 1459 537 1488 vandas
560 1467 622 1487 esse
644 1457 868 1487 constitutiones
891 1456 1022 1486 eiusdem
1038 1455 1167 1486 Ordinis:

431 1509 586 1538 ennnciato
615 1507 699 1537 Brevi
721 1515 821 1535 sacrae
845 1507 1005 1535 memoriae
1028 1505 1170 1535 Innocen-

430 1558 461 1586 tii
481 1556 528 1585 ΧΗ
551 1565 608 1585 non
631 1556 774 1585 obstante.
799 1556 920 1592 Romae,
944 1564 972 1584 ix
995 1554 1169 1594 septembris

430 1614 527 1635 nocet.
553 1622 589 1628 —
611 1605 643 1635 G.
668 1604 749 1633 card.
774 1605 955 1634 CAnmeus.
979 1621 1017 1626 —
1044 1603 1078 1633 N.
1102 1603 1170 1633 Gal—

430 1662 544 1684 nALnrs
567 1653 752 1683 secretarius.

475 1703 490 1746 ξ
515 1702 544 1735 ⁹2.
573 1702 648 1735 Cum
674 1707 779 1734 autern
797 1729 804 1741 ,
831 1701 913 1734 sicut
938 1701 1016 1734 dicti
1053 1702 1169 1735 fratres

432 1756 598 1788 studentes
634 1755 727 1787 nobis
760 1755 896 1787 subinde
931 1754 1050 1798 exponi
1085 1755 1170 1788 sece-

431 1815 528 1849 runt,
563 1809 622 1853 ipsi
656 1810 822 1841 decretum
856 1808 1069 1848 huiusmodi,
1105 1819 1169 1852 quo

432 1863 551 1896 firmins
577 1863 728 1895 subsistat
746 1867 776 1895 et
797 1867 943 1895 servetur
968 1862 1119 1901 exactius,
1139 1873 1170 1895 a·

431 1916 607 1960 postolicae
633 1915 888 1948 confirmationis
913 1920 1041 1948 nostrae
1063 1919 1170 1959 patro-

432 1969 515 2003 cinio
531 1969 722 2003 communiri
742 1980 948 2013 summopere
966 1969 1169 2003 desiderent:

433 2033 503 2063 nos,
522 2023 608 2066 ipsos
636 2030 834 2066 exponentes
861 2023 1057 2067 specialibus
1083 2023 1170 2056 saro-

433 2075 521 2107 ribus
539 2080 570 2108 et
586 2075 696 2118 gratiis
717 2076 873 2119 prosequi
893 2077 1049 2117 volentes,
1070 2081 1102 2109 et
1120 2086 1170 2109 eo-

432 2139 501 2160 rum
521 2129 700 2170 singulares
720 2140 878 2172 personas
898 2141 914 2163 a
932 2129 1098 2173 quibusvis
1117 2141 1170 2162 ex-

433 2182 744 2221 communicationis,
772 2183 996 2226 suspensionis
1022 2187 1052 2216 et
1070 2182 1170 2215 inter-

436 2235 510 2267 dicti
526 2262 533 2275 ,
560 2235 693 2277 aliisque
720 2236 951 2269 ecclesiasticis
976 2236 1144 2270 sententiis
1161 2262 1168 2276 ‚

434 2288 579 2320 censuris
591 2294 621 2320 et
639 2289 763 2330 poenis,
777 2300 794 2321 a
808 2289 878 2322 iure
901 2291 950 2323 vel
969 2291 1007 2322 ab
1028 2290 1170 2330 homine,

434 2341 545 2384 quavis
559 2341 729 2373 occasione
741 2344 787 2374 vel
803 2343 992 2384 causantis,
1008 2343 1032 2376 si
1053 2344 1170 2387 quibus

434 2394 683 2436 quomodolibet
708 2394 853 2428 innodati
880 2396 1046 2435 existunt,
1071 2397 1110 2429 ad
1130 2396 1171 2429 es-

435 2448 551 2479 sectum
562 2447 782 2489 praesentium
795 2449 956 2482 dumtaxat
969 2460 1170 2494 consequen-

435 2501 527 2539 dum,
555 2500 667 2532 harum
692 2501 775 2533 serie
797 2502 1004 2536 absolventes
1029 2508 1060 2536 et
1077 2504 1171 2537 abso-

472 2616 483 2642 1
505 2615 604 2643 Vocem
624 2614 670 2644 cui
690 2623 738 2644 nos
757 2615 878 2644 addimus
893 2616 932 2653 (n.
948 2618 996 2654 r.).

1003 221 1179 246 BULLARIUM
1204 219 1358 244 ROMANUM

1208 264 1306 301 lutas¹
1329 266 1397 299 sore
1424 267 1598 297 censentes
1616 290 1624 304 ,
1651 262 1945 308 supplicationibus

1208 330 1321 353 eorum
1347 317 1479 350 nomine
1504 317 1599 350 nobis
1620 327 1718 361 super
1742 317 1807 350 hoc
1842 316 1948 349 humi-

1208 373 1282 405 liter
1298 370 1458 413 porrectis
1484 370 1641 411 inclinati,
1663 371 1833 403 decretum
1855 380 1948 413 prae-

1209 426 1381 463 insertum,
1403 424 1596 457 anctoritate
1620 424 1809 466 apostolica,
1833 429 1948 457 tenore

1209 478 1431 521 praesentium
1447 504 1454 516 ‚
1483 477 1713 510 confirmamus
1731 482 1764 510 et
1780 478 1946 520 approba-

1209 542 1300 570 mus,
1326 531 1439 574 illique
1459 531 1656 564 inviolabilis
1681 530 1879 574 apostolicae
1897 529 1949 562 sir-

1210 584 1330 618 mitatis
1356 585 1457 617 robur
1487 583 1685 624 adiicimus·,
1720 585 1807 617 salva
1842 588 1947 616 tamen

1210 648 1341 682 semper
1365 637 1396 670 in
1420 637 1608 681 praemissis
1626 637 1818 671 auctoritate
1845 637 1949 670 dictae

1209 691 1475 734 Congregationis
1500 690 1724 724 cardinalium.

1254 745 1268 788 ἓ
1292 744 1323 778 3.
1350 745 1581 784 Decernentes‚
1606 744 1735 777 easdem
1763 747 1952 786 praesentes

1211 797 1334 831 litteras
1359 808 1491 841 semper
1511 797 1631 837 firmas,
1648 796 1770 830 validas
1795 801 1827 829 et
1851 795 1952 829 essica-

1211 862 1265 884 ces
1292 851 1431 884 existere
1458 856 1490 883 ct
1513 851 1596 891 sore,
1617 860 1758 893 suosque
1783 849 1950 893 plenarios

1212 910 1243 938 et
1268 905 1412 948 integros
1439 904 1571 938 effectus
1602 904 1709 937 sortiri
1731 910 1763 937 et
1787 903 1951 944 obtinere,

1212 969 1248 991 ac
1279 958 1365 997 illis,
1396 959 1435 991 ad
1469 968 1551 1001 qnos
1578 963 1705 1000 spectat
1730 963 1762 989 et
1786 967 1846 1000 pro
1873 961 1954 989 tem-

1213 1022 1292 1054 pore
1311 1011 1582 1054 quandocumque
1608 1009 1775 1052 spectabit,
1791 1009 1821 1041 in
1849 1008 1953 1041 omni-

1212 1065 1271 1096 bus
1294 1069 1325 1096 et
1342 1074 1401 1106 per
1425 1062 1532 1096 omnia
1555 1062 1745 1105 plenissime
1771 1060 1954 1102 suffragari,

1213 1123 1243 1150 et
1269 1118 1308 1149 ab
1331 1117 1376 1149 eis
1394 1115 1574 1159 respective
1593 1114 1824 1147 inviolabiliter
1843 1115 1955 1147 obser-

1212 1170 1301 1210 vari,
1329 1170 1439 1212 sicque
1476 1169 1509 1201 in
1539 1168 1727 1211 praemissis
1762 1177 1822 1210 per
1860 1178 1954 1210 qnos-

1212 1234 1350 1266 cumque
1385 1222 1509 1255 iudices
1543 1220 1726 1254 ordinarios
1758 1226 1790 1253 et
1821 1220 1953 1263 delega-

1213 1282 1275 1316 tos,
1313 1276 1409 1308 etiam
1443 1285 1611 1307 causarum
1645 1273 1758 1317 palatii
1783 1273 1954 1317 apostolici

1211 1330 1374 1363 auditores
1395 1356 1402 1370 ‚
1430 1328 1564 1362 indicari
1594 1333 1625 1360 et
1650 1327 1779 1361 definiri
1816 1328 1952 1369 debere,

1212 1394 1248 1417 ac
1268 1383 1395 1416 irritum
1414 1388 1446 1416 et
1463 1382 1559 1415 inane
1585 1381 1609 1414 si
1628 1391 1721 1414 secus
1739 1391 1839 1425 super
1864 1381 1914 1414 his
1935 1392 1954 1416 a

1212 1447 1387 1480 quoquam,
1424 1435 1535 1479 quavis
1570 1434 1776 1475 auctoritate,
1812 1434 1955 1468 scienter

1212 1490 1260 1523 vel
1279 1490 1483 1532 ignoranter,
1504 1488 1681 1531 contigerit
1701 1488 1864 1521 attentari.

1257 1543 1271 1586 g
1295 1543 1327 1575 4.
1354 1543 1423 1575 Non
1449 1543 1655 1575 obstantibus
1680 1541 1868 1585 praemissis
1884 1569 1891 1582 ‚
1917 1552 1953 1574 ac
1965 1551 2150 1604 dopffgfflgiorum

2005 1586 2012 1597 ¹⁷
2034 1585 2037 1587 ”
2079 1593 2084 1598 ι

1212 1595 1501 1629 constitutionibus
1527 1601 1558 1628 et
1583 1595 1846 1628 ordinationibus
1877 1605 1974 1638 apo--

1212 1650 1343 1688 stolicis,
1363 1660 1500 1689 necnon,
1519 1654 1679 1691 quatenus
1705 1659 1786 1691 opus
1811 1649 1862 1688 sit,
1881 1659 1956 1682 con-

1213 1709 1334 1741 ventus,
1354 1702 1484 1745 collegii
1507 1708 1537 1735 ct
1551 1701 1681 1735 Ordinis
1699 1702 1954 1744 praedictorum,

1213 1757 1308 1789 etiam
1333 1756 1527 1794 iuramento,
1556 1755 1803 1788 confirmatione
1830 1761 1956 1798 aposto-

1213 1810 1290 1848 lica,
1316 1810 1365 1841 vel
1392 1808 1502 1852 quavis
1530 1808 1680 1841 firmitate
1706 1808 1768 1841 alia
1784 1808 1954 1847 roboratis,

1212 1863 1337 1896 statutis
1365 1867 1396 1896 et
1421 1861 1734 1901 consuetudinibus,
1774 1861 1956 1905 privilegiis

1213 1928 1342 1961 quoque
1364 1943 1370 1957 ‚
1400 1916 1531 1948 indultis
1558 1920 1589 1948 et
1615 1914 1734 1947 litteris
1773 1914 1957 1958 apostolicis

1212 1971 1245 2004 in
1270 1969 1467 2004 contrarium
1494 1968 1748 2012 praemissorum
1778 1968 1958 2011 quomodo-

1213 2024 1292 2057 libet
1307 2023 1483 2062 concessis,
1502 2021 1701 2054 confirmatis
1721 2026 1752 2054 et
1773 2021 1954 2062 innovatis;

1213 2078 1330 2121 quibus
1355 2076 1505 2110 omnibus
1531 2080 1563 2108 et
1588 2074 1736 2117 singulis,
1754 2074 1884 2108 illorum
1911 2079 1958 2107 te-

1212 2141 1309 2163 nores
1335 2128 1561 2172 praesentibus
1595 2139 1654 2171 pro
1681 2129 1778 2171 plene
1813 2133 1846 2160 et
1870 2127 1958 2160 suffi-

1212 2183 1338 2216 cienter
1360 2181 1519 2225 expressis
1536 2192 1572 2214 ac
1594 2181 1632 2213 de
1647 2182 1745 2214 verbo
1765 2181 1803 2214 ad
1822 2181 1956 2213 verbum

1212 2236 1346 2269 insertis
1373 2236 1545 2272 habentes,
1574 2233 1637 2266 illis
1663 2234 1742 2266 alias
1770 2234 1802 2266 in
1826 2244 1885 2266 suo
1906 2243 1957 2266 ro=

1213 2289 1291 2322 bore
1321 2287 1554 2331 permansuris,
1577 2287 1616 2319 ad
1639 2286 1896 2330 praemissorum
1915 2287 1959 2318 ef-

1214 2344 1342 2381 lectum,
1361 2342 1420 2374 hac
1437 2341 1505 2373 vice
1527 2341 1703 2380 dumtaxat,
1726 2339 1913 2382 specialiter
1926 2344 1958 2372 et

1212 2405 1363 2439 expresse
1383 2395 1594 2436 derogamus;
1623 2393 1808 2435 ceterisque
1828 2397 1958 2425 contra-

1215 2449 1267 2482 riis
1294 2448 1568 2492 quibuscumque.

1258 2502 1371 2535 Datum
1399 2500 1533 2541 Rornae,
1561 2500 1645 2543 apud
1671 2500 1703 2533 S.
1730 2500 1869 2541 Petrum,
1895 2501 1957 2533 sub

1250 2618 1261 2646 1
1283 2616 1356 2646 Edit.
1373 2616 1454 2645 Μαίη.
1470 2615 1539 2654 legit.
1553 2615 1697 2645 absolutos
1711 2616 1750 2653 (n.
1764 2616 1815 2652 τ.).

1948 214 2003 242 An.
2020 215 2049 242 C.
2073 214 2142 243 1702

1988 754 2110 776 Ctansntae.

2248 818 2253 829 ··
2244 397 2266 802 ‘msam-222*
2246 379 2255 391 a
2245 360 2254 370 r
