2269 3203
105 205 156 232 An.
172 203 200 231 C.
223 203 291 231 4717

120 740 233 761 Clausulas
249 746 292 761 ant-

103 768 210 793 piissimae
218 770 237 787 et
245 773 291 794 par-

105 794 213 815 tit-uiaret.

945 203 1088 227 CLEMENS
1113 203 1146 227 XI
1170 204 1218 227 Pr.

299 253 377 287 lium
404 253 540 286 fratrum
566 259 755 287 nostrorum
775 257 904 285 sanctae
930 252 1042 285 Roma-

299 317 359 339 nae
397 306 561 340 Ecclesiae
598 306 839 345 cardinalium,
868 305 965 338 etiam
1002 305 1041 338 de

300 360 402 391 latere
422 360 627 401 legatorum,
655 363 687 391 et
716 358 855 391 aliorum
888 368 1042 401 quorum·
1062 396 1064 398 v

1062 422 1064 453 ς
1085 411 1238 444 tentionis
1256 416 1387 445 nostrae
1409 418 1462 444 aut
1479 412 1626 455 quolibet
1643 412 1706 445 alio
1729 423 1825 456 quan-

301 465 507 507 t'ungentium
533 476 570 498 ac
595 465 719 498 honore
749 469 782 496 et
811 458 1064 507 praeeminere?

300 423 439 455 ciunque
474 412 584 455 quavis
609 411 799 445 auctoritate
824 416 855 444 et
880 416 1040 453 potestate

302 518 343 550 113
362 518 565 560 fulgentium,
583 517 764 560 respective
789 523 918 559 gestare
940 523 972 550 et
993 518 1041 551 de-

302 572 407 611 ferre,
435 571 565 614 illisque
591 571 636 603 uti
663 571 766 603 libere
793 576 824 604 et
849 571 937 604 licite
963 582 1041 615 pos-

303 624 366 657 sint
383 630 414 658 et
431 625 568 665 valeant,
586 630 696 657 tenore
714 624 950 667 praesentium,
969 634 1042 667 per·
1063 665 1064 674 ἵ

302 683 402 720 petuo
428 677 638 711 concedimus
664 683 694 710 et
720 677 939 719 indulgemus.

346 731 361 774 ἓ
386 730 416 763 ΕΞ.
444 731 488 764 Ac
513 730 687 774 dignitates
708 736 737 763 et
762 730 949 769 canonicos,
969 741 1042 763 nec-

302 794 369 817 non
394 783 604 817 beneficiatos
630 789 661 817 ct
686 786 873 828 capellanos
899 783 1041 817 eiusdem

301 836 530 880 patriarchalis
548 838 706 871 ccclesiae
725 848 812 870 nunc
837 843 865 871 et
887 848 945 881 pro
967 842 1042 870 tem-

300 900 382 935 pore
398 891 583 932 existentes,
602 902 700 935 super
716 892 899 934 gestatione
915 897 947 924 et
960 891 1041 924 dela-

301 944 391 977 tione
404 945 548 986 vestium,
568 955 745 988 capparum
765 951 797 977 ct
811 950 1041 978 mozzettaruni

299 997 509 1039 huiusmodi,
545 1008 604 1041 per
640 1009 865 1042 quaecumque
902 998 1065 1041 capitula.

301 1061 577 1095 quarumcumque
595 1052 729 1084 aliarum
745 1051 956 1085 ecclesiarum
979 1051 1042 1094 epi·

302 1104 507 1148 scopalium‚
535 1104 866 1148 archiepiscopalium
899 1105 948 1137 vel
974 1104 1041 1147 pri-

301 1157 495 1197 matialium,
522 1163 553 1191 et
579 1158 708 1201 quasvis
734 1168 904 1201 personas,
931 1159 1041 1201 quavis

302 1211 510 1251 auctoritate,
539 1211 696 1254 dignitate
723 1217 755 1244 et
782 1211 1041 1254 praeeminentia

300 1264 477 1308 praeditas,
502 1264 614 1307 quovis
639 1269 826 1306 praetextu,
854 1265 965 1297 colore
991 1265 1040 1297 vel

300 1317 445 1359 ingenio,
464 1316 597 1360 publice
617 1317 669 1349 vel
688 1318 826 1357 occulte,
848 1317 970 1349 directe
993 1317 1041 1349 vel

299 1368 469 1409 indirecte,
487 1368 653 1412 impediri,
670 1368 848 1409 molestari,
866 1369 1040 1412 inquietari

299 1423 349 1455 vel
374 1422 558 1465 perturbari
583 1424 772 1456 nullatenus
803 1433 911 1466 posse,
936 1434 1041 1466 neque

301 1475 438 1515 debere;
465 1480 654 1518 praesentes
687 1486 816 1519 quoque
852 1487 984 1519 semper
1010 1481 1042 1509 et

299 1534 459 1571 perpetuo
477 1528 596 1561 validas
612 1533 644 1562 et
658 1529 803 1562 efficaces
826 1539 899 1562 esse
914 1534 946 1562 et
962 1530 1039 1571 sore,

301 1592 442 1624 suosque
466 1582 634 1625 plenarios
672 1588 703 1616 et
734 1583 880 1626 integros
910 1583 1041 1616 effectus

300 1635 410 1668 sortiri
443 1641 475 1668 et
506 1636 674 1676 obtinere,
709 1647 744 1669 ac
769 1637 808 1669 ab
835 1637 986 1670 omnibus
1011 1643 1041 1670 et

299 1689 459 1732 singulis,
488 1690 527 1723 ad
553 1701 633 1734 quos
670 1691 919 1734 quomodolibet
954 1701 1039 1724 nunc

299 1747 425 1785 spectat
449 1748 481 1776 et
497 1743 658 1786 spectabit
678 1744 710 1775 in
731 1746 884 1784 tutorum,
905 1744 1042 1777 firmiter

300 1801 331 1828 et
361 1795 597 1829 inviolabiliter
633 1796 798 1829 observari
836 1797 978 1837 debere,
1005 1808 1041 1830 ac

299 1850 391 1883 nullo
415 1860 557 1893 unquam
585 1856 745 1893 tempore,
773 1861 809 1883 ex
836 1861 1063 1894 quocumque‹

300 1902 406 1945 capite
439 1904 488 1936 vel
514 1903 663 1946 qualibet
688 1904 784 1936 causa
800 1930 807 1944 ,
835 1903 1040 1946 quantumvis

299 1955 446 1998 legitima
473 1963 504 1990 et
528 1956 680 1996 iuridica,
703 1956 799 1989 etiam
824 1967 861 1989 ex
888 1967 926 1990 eo
952 1957 1041 2000 quod

300 2006 441 2049 capitula
477 2007 713 2040 cathedralium
739 2013 771 2041 et
796 2008 1041 2050 collegiatarum

300 2059 513 2093 ecclesiarum
538 2061 769 2104 quarumlibet,
799 2072 974 2105 earumque
998 2061 1041 2095 di-

300 2112 440 2155 gnitates
474 2118 505 2146 et
530 2113 697 2156 canonici,
724 2115 775 2147 vel
802 2114 940 2158 quilibet
972 2114 1039 2155 alii,

300 2166 528 2209 cuiuscumque
555 2167 733 2209 dignitatis,
767 2168 896 2210 gradus,
923 2167 1037 2201 condi-

302 2218 398 2251 tionis
424 2224 455 2252 et
478 2220 762 2262 praeeminentiae
787 2220 862 2259 sint,
890 2221 922 2252 in
947 2231 1040 2264 prae-

301 2271 406 2304 missis
432 2277 463 2305 et
488 2271 574 2305 circa
599 2283 636 2305 ea
661 2273 920 2316 quomodolibet,
949 2278 980 2306 et
1005 2284 1040 2306 ex

302 2324 417 2366 quavis
435 2327 541 2365 causa,
564 2325 703 2365 ratione,
722 2326 848 2360 actione
873 2327 922 2360 vel
948 2337 1041 2360 occa-

302 2375 412 2417 sione,
438 2377 486 2411 ius
523 2378 571 2411 vel
611 2378 768 2412 interesse
803 2379 962 2412 habentes
988 2385 1041 2412 aut

302 2429 425 2462 habere
442 2432 707 2473 praetendentes,
732 2432 796 2465 illis
817 2443 882 2465 non
901 2443 1040 2466 consen-

302 2482 414 2521 serint,
441 2492 501 2515 nec
527 2485 565 2517 ad
591 2495 627 2517 ea
653 2478 781 2524 vocati,
810 2486 897 2518 citati
930 2493 961 2519 et
986 2497 1040 2519 au-

303 2534 359 2567 diti
393 2534 533 2576 suerint,
558 2541 591 2569 et
625 2547 740 2572 causae
759 2565 766 2578 ‚
792 2544 929 2582 propter
961 2550 1040 2582 quas

302 2587 436 2622 eaedem
460 2594 652 2632 praesentes
678 2592 911 2635 emanaverint,
938 2593 1039 2628 addu-

1086 255 1164 291 ctae,
1191 252 1372 285 verificatae
1398 258 1430 286 et
1451 253 1642 287 iustitlcatae
1668 265 1731 288 non
1758 255 1824 287 sue-

1084 304 1171 345 rint,
1200 305 1239 337 de
1277 305 1498 348 subreptionis
1535 307 1585 339 vel
1622 307 1825 350 obreptionis

1085 363 1137 391 aut
1169 359 1327 392 nullitatis
1360 369 1418 391 scu
1450 359 1660 392 invaliditatis
1697 361 1748 392 vel
1778 360 1825 393 in-

1085 464 1199 497 tumvis
1218 475 1347 507 magno,
1362 465 1577 505 substantiali,
1596 465 1825 508 inexcogitato‚

1085 517 1330 560 inexcogitabili
1364 529 1401 551 ac
1434 518 1617 562 specificam
1651 524 1683 551 et
1714 518 1826 551 indivi-

1085 572 1180 604 duam
1205 571 1409 604 mentionem
1449 576 1479 604 et
1505 571 1748 614 expressionem
1774 583 1826 605 re-

1085 624 1235 667 quirente
1255 624 1393 664 defectu,
1413 625 1477 657 sive
1499 624 1596 657 etiam
1614 635 1651 657 ex
1675 635 1713 658 eo
1739 626 1825 668 quod

1085 678 1117 710 iu
1134 677 1323 721 praemissis
1340 687 1517 721 eorumque
1536 677 1647 720 aliquo
1672 678 1824 711 solemni-

1085 736 1165 764 tates
1193 735 1225 763 et
1254 731 1387 774 quaevis
1415 731 1478 764 alia
1500 731 1657 764 servanda
1676 735 1707 763 et
1728 731 1825 765 adim-

1084 783 1206 828 plenda
1231 789 1355 816 servata
1380 789 1412 816 et
1444 784 1624 827 adimpleta
1655 794 1723 817 non
1755 785 1824 819 sue-

1085 837 1171 877 rint,
1197 842 1253 869 aut
1285 847 1320 869 ex
1352 847 1555 880 quocumque
1588 837 1652 870 alio
1678 837 1783 881 capite
1808 849 1825 871 a

1085 890 1157 922 iure
1183 891 1233 922 vel
1260 889 1342 922 tacto
1368 895 1421 922 aut
1454 894 1572 923 statuto
1604 890 1653 923 vel
1687 900 1823 924 consue-

1087 943 1197 976 tudine
1216 942 1324 986 aliqua
1341 943 1534 983 resultante,
1553 949 1607 976 aut
1621 954 1825 987 quocumque

1085 997 1149 1030 alio
1164 997 1283 1035 colore,
1304 1001 1487 1038 praetextu,
1505 997 1629 1029 ratione
1646 997 1695 1029 vel
1714 999 1822 1038 causa,

1086 1050 1184 1083 etiam
1201 1050 1235 1082 in
1253 1060 1393 1092 corpore
1412 1049 1491 1082 iuris
1508 1050 1626 1089 clausa,
1650 1050 1824 1084 occasione

1086 1104 1186 1136 aliave
1213 1104 1332 1143 causa,
1361 1102 1458 1135 etiam
1484 1103 1692 1146 quantumvis
1718 1102 1823 1143 iusta,

1085 1157 1282 1196 rationabili,
1310 1156 1465 1198 legitima,
1492 1155 1640 1196 iuridicai,
1667 1156 1730 1199 pia,
1757 1155 1826 1199 pri-

1084 1210 1261 1252 vilegiata,
1289 1209 1387 1242 etiam
1414 1208 1468 1242 tali
1495 1219 1577 1252 quae
1604 1209 1642 1241 ad
1676 1208 1826 1242 effectum

1084 1263 1259 1296 validitatis
1286 1262 1541 1305 praemissorum
1560 1263 1746 1295 necessario
1773 1273 1825 1295 ex-

1085 1317 1257 1360 primenda
1274 1316 1391 1356 foret¹,
1414 1322 1469 1348 3111
1487 1316 1573 1358 quod
1600 1315 1639 1348 de
1659 1317 1824 1349 voluntate

1085 1372 1197 1402 nostra
1222 1374 1252 1402 et
1278 1369 1349 1401 aliis
1374 1369 1525 1412 superius
1559 1369 1724 1412 expressis
1754 1371 1822 1403 nul-

1085 1422 1141 1455 libi
1168 1427 1342 1466 appareret
1367 1432 1421 1455 seu
1441 1419 1518 1454 alias
1543 1422 1679 1466 probari
1698 1427 1826 1466 posset,

1084 1475 1201 1516 notari,
1228 1475 1408 1516 invalidari,
1431 1475 1615 1516 retractari,
1642 1475 1675 1508 in
1701 1475 1750 1508 ius
1775 1476 1825 1509 vel

1085 1529 1335 1564 controversiam
1354 1529 1509 1569 revocari,
1532 1534 1586 1562 aut
1603 1529 1642 1562 ad
1668 1529 1825 1563 terminos

1084 1583 1162 1616 iuris
1186 1583 1317 1624 reduci,
1344 1583 1394 1616 vel
1420 1583 1573 1616 adversus
1600 1582 1671 1616 illas
1698 1583 1826 1616 restitu-

1084 1636 1182 1669 tionis
1207 1636 1240 1668 in
1264 1636 1443 1679 integrum,
1463 1635 1655 1679 aperitionis
1681 1636 1758 1676 oris,
1778 1647 1827 1670 re-

1085 1690 1247 1724 ductionis
1272 1690 1311 1722 ad
1330 1690 1412 1722 viam
1432 1695 1463 1722 et
1485 1690 1640 1723 terminos
1659 1689 1752 1730 iuris,
1773 1696 1827 1723 aut

1084 1743 1171 1776 aliud
1198 1743 1426 1786 quodcumque
1459 1742 1549 1783 iuris,
1584 1742 1675 1783 sacti,
1703 1743 1825 1785 gratiae

1086 1796 1134 1829 vel
1166 1795 1308 1828 iustitiae
1340 1795 1524 1828 remedium
1554 1795 1740 1838 impetrari,
1766 1806 1825 1829 seu

1085 1849 1333 1892 quomodolibet
1368 1849 1463 1882 etiam
1494 1854 1586 1881 motu
1619 1848 1716 1881 simili
1749 1859 1826 1882 con-

1083 1912 1174 1935 cesso
1208 1906 1263 1934 aut.
1295 1902 1469 1945 impetrato
1509 1902 1558 1935 rel
1596 1907 1743 1935 emanato
1779 1903 1824 1935 1111

1084 1964 1140 1988 seu
1164 1965 1198 1988 se
1217 1954 1325 1987 iuvare
1343 1954 1375 1986 in
1394 1954 1514 1988 iudicio
1532 1955 1582 1988 vel
1604 1960 1692 1988 extra
1717 1965 1825 1998 posse,

1084 2018 1190 2051 neque
1214 2008 1301 2051 ipsas
1319 2013 1508 2051 praesentes
1527 2008 1586 2041 sub
1613 2008 1825 2052 quibuscum-

1085 2071 1146 2104 que
1172 2061 1328 2094 similium
1347 2061 1395 2094 rel
1418 2061 1624 2094 dissimilium
1645 2061 1825 2105 gratiarum

1084 2114 1358 2155 revocationibus,
1384 2114 1654 2158 suspensionibus
1670 2142 1677 2155 ‚
1705 2115 1824 2148 limita-

1084 2166 1238 2207 tionibus,
1265 2167 1578 2209 modificationibus,
1605 2168 1824 2211 derogationi-

1084 2221 1153 2260 bus,
1181 2220 1320 2264 aliisque
1346 2221 1518 2254 contrariis
1544 2221 1823 2265 dispositionibus,

1085 2275 1181 2307 etiam
1207 2285 1267 2318 per
1301 2285 1360 2308 nos
1397 2281 1428 2308 ct
1463 2286 1670 2309 successores
1694 2281 1823 2309 nostros

1085 2327 1246 2361 Romanos
1279 2327 1452 2361 Pontifices
1479 2339 1538 2371 pro
1570 2335 1718 2372 tempore
1753 2330 1821 2362 exi-

1085 2387 1225 2422 stentes,
1255 2386 1286 2415 et
1309 2381 1424 2415 Sedem
1449 2382 1690 2425 Apostolicam‚
1726 2383 1823 2416 etiam

1084 2440 1174 2468 motu
1191 2435 1270 2479 pari,
1287 2440 1319 2469 et
1336 2435 1618 2477 consistorialiter,
1636 2447 1672 2470 ex
1691 2436 1823 2480 quibus-

1084 2489 1164 2522 libet
1190 2488 1302 2530 causis,
1330 2494 1361 2523 et
1381 2490 1439 2522 sub
1458 2489 1622 2533 quibusvis
1648 2489 1822 2524 verborum

1120 2603 1130 2630 1
1154 2602 1225 2630 Edit.
1246 2602 1324 2631 Main.
1346 2603 1410 2639 legit
1428 2605 1525 2639 forent
1546 2603 1642 2639 (tur).

1725 197 1788 231 759
1835 208 1882 232 An.
1900 208 1926 232 c
1951 207 2015 235 ¹717
