2269 3203
125 233 174 260 An.
194 231 304 260 (21725

142 1678 305 1709 lleferturinxti-

119 1707 173 1725 tutio
195 1708 216 1726 et
236 1709 306 1726 conti·
331 1724 337 1729 .

911 233 1121 258 INNOCENTIUS
1147 233 1203 258 xm
1227 234 1275 258 PP.

319 281 495 315 sericordia
527 292 563 315 ac
594 283 762 316 beatorum
796 282 881 316 Petri
913 288 943 316 ct
970 283 1060 315 Pauli

321 336 545 378 apostolorum
573 336 642 369 eius
669 337 861 369 auctoritate.
883 336 1004 375 contisi,
1023 347 1059 369 61

320 387 376 421 illa
409 389 531 432 ligandi
569 395 664 432 atque
702 389 849 423 solvendi
877 394 1059 432 potestate,

319 451 415 484 qnam
430 442 526 475 nobis
544 443 706 482 Dominus,
724 443 799 475 licet
813 442 965 484 indignis,
986 453 1061 476 con-
1082 477 1084 485 ,

319 494 403 534 tulit,
429 495 588 528 universis
609 501 641 528 et
659 495 795 538 singulis
821 496 991 539 utriusque
1015 506 1061 529 se·
1082 488 1084 526 f

317 558 375 580 xus
401 548 671 582 christifidelibus
690 549 720 581 in
739 550 820 582 alma
846 549 930 582 Urbe
949 551 1060 582 nostra
1081 575 1082 581 ,

318 600 533 643 degentibus,
563 601 618 645 qui
654 602 791 635 solemni
829 602 1057 645 processioni,

317 664 413 697 quam
451 655 529 687 scria
565 655 709 687 secunda
742 655 813 688 sesti
846 655 1058 689 Petiteeostes

316 707 485 749 proximae
505 708 732 741 hebdomadae
751 719 767 740 a
785 709 920 741 basilica
941 709 1059 742 Princi-

316 760 366 802 pis
381 761 611 804 Apostolorum
628 762 667 794 ad
683 762 852 795 ecclesiam
868 762 1059 805 311116118ρί-

316 813 398 845 ritus
424 814 456 846 in
477 813 570 847 Saxia
589 814 627 847 de
654 815 766 847 eadem
791 815 885 855 Urbe,
905 818 968 847 una
985 826 1056 847 cnm

315 867 558 900 venerabilibus
585 868 740 900 fratribus
765 869 886 901 nostris
915 868 947 901 S.
968 869 1005 901 R.
1021 869 1054 902 E.

315 919 534 952 cardinalibus
548 947 555 961 ,
583 927 646 954 616.
663 920 683 953 ¹.

358 972 473 1005 Datum
500 973 631 1012 Romae,
655 973 740 1017 apud
764 973 796 1007 S.
820 974 949 1007 Mariam
966 974 1058 1008 Maio-

314 1026 461 1067 rem,sub
471 1028 593 1060 annulo
608 1027 796 1067 piscatoris,
814 1028 867 1061 die
882 1039 966 1062 xxvtl
983 1028 1056 1061 maii

314 1089 466 1121 lancem,
492 1081 706 1124 pontificatus
737 1082 842 1115 nostri
869 1093 956 1115 anno
979 1092 1001 1115 1.

351 1143 409 1171 Dat.
431 1144 474 1171 die
495 1144 526 1171 ΞΓ]
548 1145 610 1172 maii
634 1145 710 1179 17:21,
733 1145 828 1180 pontif.
852 1153 920 1173 anuo
942 1152 959 1172 1.

657 1287 706 1321 vl.

313 1367 493 1402 Mundatur
521 1369 724 1402 continuatio
758 1370 956 1403 visitationis
982 1381 1056 1413 apo-

358 1422 490 1455 stolicae
508 1422 714 1456 ecclesiarum
729 1427 756 1456 el
772 1423 913 1456 locorum
924 1424 1056 1467 piorum

360 1475 455 1508 Urbis
468 1475 490 1509 ⁹.

482 1557 684 1584 Innocentius
704 1558 787 1591 Papa
808 1558 887 1592 xm,

456 1601 493 1627 ad
511 1601 646 1628 futuram
664 1602 709 1629 rei
728 1603 914 1630 memoriam.

360 1671 374 1714 g
388 1670 419 1704 1.
435 1671 511 1704 Cum
530 1671 630 1705 felicis
646 1673 882 1707 recordationis
897 1674 1056 1708 1111106611-

120 1733 192 1752 mmno
234 1729 378 1757 dictaetlus
395 1725 481 1768 Papa
499 1725 552 1758 XII
569 1726 809 1769 praedecessor
834 1732 947 1760 noster
971 1727 1055 1761 circa

120 1759 254 1781 visitationis.

314 1778 521 1821 pontificatus
559 1779 605 1811 sui
642 1779 823 1822 primordia
855 1782 1054 1823 pastoralem

314 1831 392 1864 cleri
419 1833 545 1865 romani
577 1833 788 1877 omniumque
819 1835 922 1867 almae
958 1834 1055 1868 liuius

313 1883 407 1918 Urbis
434 1886 647 1919 ecclesiarum
681 1886 874 1930 piorumque
906 1888 1054 1921 locorum

313 1943 345 1970 et
370 1948 507 1981 opernm
530 1938 745 1972 visitationem
768 1940 953 1980 instituerit,
973 1951 1056 1974 eam-

313 2001 375 2033 que
401 1991 537 2034 ipsemet
561 1993 592 2024 in
613 1993 889 2035 patriarchalibus
909 1993 1052 2027 eiusdem

313 2043 407 2077 Urbis
430 2045 574 2078 ecclesiis
596 2045 807 2086 inchoaverit,
832 2057 867 2079 ac
885 2047 944 2079 sibi
964 2047 994 2079 in
1015 2058 1053 2080 eo

313 2107 447 2131 munere
481 2098 646 2131 adiutores
676 2100 852 2133 nonnullos
889 2111 925 2133 ex
961 2111 1052 2134 sacro

311 2151 548 2185 venerabilium
585 2152 718 2185 fratrum
753 2159 941 2186 nostrorum
979 2159 1053 2187 tunc

312 2214 445 2238 suorum
472 2205 503 2238 S.
535 2205 573 2238 R.
596 2205 630 2238 E.
659 2206 872 2240 cardinalium
911 2208 1052 2250 collegio

312 2258 474 2302 delegerit
492 2259 756 2304 etassumpserit,
769 2260 879 2303 eisque
895 2260 1050 2304 quosdam

348 2373 357 2400 1
381 2372 495 2410 Reliqua
514 2378 544 2402 ut
559 2378 625 2402 tom.
642 2382 675 2402 xx
691 2384 752 2412 pag.
772 2375 788 2402 9
804 2385 821 2403 a
837 2380 864 2403 et
878 2385 936 2412 seq.
959 2378 1048 2410 (11312).

345 2418 362 2444 2
382 2416 541 2446 Huiusmodi
561 2420 677 2447 visitatio
697 2420 822 2447 instituta
846 2421 895 2447 fuit
914 2421 947 2447 ab
968 2421 1050 2448 Inno-

310 2463 398 2489 centio
418 2461 463 2489 XII
484 2467 569 2490 const.
585 2464 628 2491 ed.
649 2471 777 2498 1106116111,
807 2465 850 2492 die
873 2467 899 2492 11
924 2466 1049 2500 ianuarii,

310 2506 407 2541 pontif.
428 2514 466 2539 11;
487 2510 513 2533 et
532 2508 689 2535 continuata
708 2517 723 2536 a
743 2510 889 2536 Clementis
911 2509 940 2536 XI
962 2513 1048 2536 const.

311 2550 354 2577 ed.
376 2557 469 2586 1111661,
490 2552 535 2578 die
555 2553 587 2578 14
606 2552 731 2587 ianuarii,
752 2554 882 2589 pontis.1;
903 2562 918 2581 a
938 2554 1050 2581 Benedi-

311 2598 355 2622 cto
382 2593 441 2622 xltl
474 2595 574 2622 iterum
602 2597 769 2632 praecipitur
798 2598 855 2625 eius
882 2598 1049 2625 continuatio

310 2639 354 2668 ed.
376 2643 463 2667 const.
484 2646 627 2676 imecurt,
643 2641 685 2670 die
708 2642 739 2670 15
758 2642 825 2678 iulii,
843 2642 937 2678 pontis.
958 2650 978 2670 1.

1106 283 1270 316 Romanae
1296 282 1409 316 Curiae
1435 286 1599 327 praelatos
1619 291 1649 319 et
1668 287 1746 320 alios
1768 289 1844 321 sub-

1105 336 1179 369 inde
1207 338 1389 370 cardinales
1422 338 1625 377 adiunxerit,
1651 340 1703 383 qui
1741 341 1843 373 visita-

1083 389 1225 431 {tionem
1253 391 1353 434 ipsam
1381 397 1580 434 peragerent
1605 398 1636 424 et
1662 394 1791 435 negotia
1812 394 1844 427 il-

1104 443 1166 475 lam
1194 444 1426 477 concernentia
1444 445 1657 487 expedirent,
1683 457 1718 477 ac
1740 457 1843 479 secrc-

1105 497 1230 536 tarium,
1247 498 1397 537 iudicem,
1413 499 1651 539 cancellarium,
1667 510 1723 531 seu
1740 506 1845 532 actua-

1104 549 1184 582 rium
1203 551 1469 590 commissarium,
1485 557 1516 584 et
1528 551 1679 591 fiscalem,
1694 552 1842 596 aliosque

1104 603 1209 635 forsan
1236 604 1390 637 officiales
1416 611 1444 637 et
1472 605 1638 638 ministros
1665 616 1773 639 sacrae
1800 606 1845 639 vi-

1102 656 1264 689 sitationis
1286 657 1470 691 huiusmodi
1491 659 1704 702 deputaverit,
1724 659 1844 692 varias-

1103 721 1165 753 que
1193 710 1316 743 eisdem
1343 712 1580 752 cardinalibus,
1607 723 1643 745 ac
1669 723 1780 745 eorum
1812 718 1843 745 et

1102 763 1262 796 dictorum
1303 766 1520 807 praelatorum
1567 765 1841 809 Congregationi,

1102 826 1228 849 necnon
1256 817 1449 850 officialibus
1474 823 1505 851 et
1531 818 1688 851 ministris
1714 819 1842 862 praedi-

1102 869 1158 901 ctis
1174 870 1351 910 facultates
1371 871 1645 913 praeei‘ninentias
1666 878 1698 904 et
1718 872 1843 905 indulta

1101 923 1302 955 concesserit
1320 928 1351 956 et
1369 923 1552 966 impartitus
1580 924 1685 965 suerit,
1705 931 1736 957 et
1754 925 1843 965 alias,

1101 980 1198 1017 prout
1224 976 1256 1008 in
1275 975 1410 1008 diversis
1434 976 1535 1020 ipsius
1550 977 1729 1010 innocentii
1748 989 1844 1021 prae-

1101 1028 1282 1061 decessoris
1328 1029 1445 1063 litteris
1491 1031 1633 1074 desuper
1674 1031 1706 1063 in
1744 1031 1843 1065 simili

1100 1081 1202 1114 forma
1227 1082 1337 1115 Brevis
1363 1083 1531 1126 expeditis»,
1554 1094 1689 1128 quarum
1709 1090 1842 1117 tenores

1100 1135 1328 1176 praesentibus
1355 1146 1414 1178 pro
1448 1137 1544 1178 plene
1579 1142 1610 1169 61
1645 1136 1843 1170 sufficienter

1101 1188 1263 1229 expressis
1289 1199 1326 1221 ae
1358 1189 1397 1222 de
1422 1189 1521 1222 verbo
1558 1190 1596 1222 ad
1630 1190 1762 1223 verbum
1795 1191 1842 1223 in-

1100 1240 1194 1273 sertis
1220 1241 1333 1274 haberi
1354 1243 1511 1282 volumus,
1538 1243 1670 1276 uberius
1697 1244 1843 1277 contine-

1101 1298 1171 1334 tur;
1199 1299 1239 1335 et,
1255 1295 1336 1329 sicut
1360 1296 1558 1340 accepimuS,
1586 1298 1755 1330 memorati
1775 1298 1843 1341 qui-

1101 1346 1173 1380 dem
1222 1348 1404 1382 cardinales
1443 1350 1627 1384 visitatores
1666 1353 1730 1384 unii
1770 1362 1842 1384 cum

1099 1402 1253 1443 praelatis
1281 1404 1538 1444 coadiutoribus,
1557 1405 1652 1438 etiam
1678 1406 1750 1449 piae
1776 1416 1841 1439 me-

1100 1455 1222 1488 moriae
1249 1455 1424 1490 Clementis
1449 1457 1553 1500 Papae
1578 1458 1618 1491 XI
1640 1459 1836 1501 praedeces-2

1100 1509 1184 1542 soris
1212 1510 1313 1543 nostri
1344 1511 1448 1551 iussu,
1478 1511 1698 1545 visitationem
1723 1512 1839 1545 liuius-

1100 1562 1186 1596 modi
1203 1568 1263 1596 tam
1279 1563 1310 1595 111
1323 1564 1444 1597 eisdem
1459 1565 1730 1608 patriarchalibus
1743 1576 1839 1609 quam

1098 1616 1130 1648 in
1156 1616 1227 1649 aliis
1254 1617 1433 1660 collegiatis
1458 1624 1489 1651 et
1515 1619 1581 1652 fere
1607 1619 1759 1652 omnibus
1784 1630 1839 1663 pa-

1099 1670 1298 1704 rochialibus
1325 1672 1489 1713 ecclesiis,
1516 1683 1552 1705 ae
1577 1673 1609 1706 in
1631 1673 1740 1706 multis
1765 1684 1839 1707 mo-

1099 1724 1246 1758 nasteriis
1262 1726 1464 1768 regularium
1490 1731 1552 1759 tam
1578 1727 1721 1759 virorum
1744 1738 1841 1770 quam

1098 1778 1285 1819 mulierum,
1325 1790 1454 1812 necnon
1479 1780 1641 1823 collegiis,
1670 1780 1840 1823 hospitali-

1098 1830 1165 1871 bus,
1193 1832 1514 1866 consraternitatibus
1538 1838 1570 1866 et
1587 1833 1657 1866 aliis
1677 1833 1756 1866 locis
1778 1834 1840 1877 piis

1098 1884 1201 1917 (lictae
1235 1884 1330 1918 Urbis
1355 1891 1469 1929 postea
1501 1887 1664 1929 prosecuti
1691 1887 1837 1927 suerint,

1098 1938 1358 1982 salutaribusque
1380 1939 1512 1972 monitis
1544 1945 1575 1972 61
1600 1941 1756 1981 decretis,
1783 1941 1839 1973 ubi

1097 2002 1177 2034 opus
1197 1992 1291 2025 suerit
1304 2019 1311 2032 ,
1329 1993 1549 2035 providerint3
1574 1994 1712 2027 visitatio
1732 1999 1839 2027 tamen

1097 2044 1167 2087 ipsa
1193 2045 1223 2077 in
1257 2045 1407 2079 omnibus
1444 2046 1592 2080 ecclesiis
1630 2058 1666 2080 ac
1696 2047 1776 2080 loeis
1807 2052 1839 2081 et

1096 2098 1251 2141 operibus
1294 2098 1356 2142 piis
1392 2099 1570 2142 praedictis
1611 2101 1756 2133 nondum
1799 2101 1839 2133 sit

1096 2157 1237 2194 peracta,
1263 2152 1319 2185 sed
1345 2153 1444 2186 multa
1470 2153 1603 2196 negotia
1621 2164 1691 2186 eam
1709 2164 1837 2187 concer-

1096 2205 1206 2238 nentia
1231 2206 1338 2239 adbnc
1362 2207 1530 2250 pendeant
1555 2207 1721 2240 indecisa:
1760 2207 1838 2240 hinc

1096 2263 1146 2291 est
1172 2259 1261 2301 quod
1284 2269 1352 2300 nos,
1378 2259 1532 2302 pastorali
1559 2260 1666 2293 studio
1687 2261 1837 2294 conside—

1094 2318 1204 2345 rantes
1237 2318 1440 2356 quantopere
1474 2313 1615 2347 visitatio
1649 2314 1836 2347 huiusmodi

1094 2366 1182 2399 utilis
1215 2371 1246 2399 et
1280 2368 1467 2400 necessaria
1493 2368 1544 2407 sit,
1572 2378 1636 2401 non
1662 2368 1760 2400 modo
1798 2367 1837 2400 ad

1095 2420 1256 2453 tollendos
1283 2421 1410 2461 abusus,
1437 2422 1493 2454 scd
1520 2422 1616 2454 etiam
1642 2422 1680 2455 ad
1708 2431 1837 2464 praeca-

1092 2475 1233 2507 vendum
1250 2485 1288 2507 ne
1300 2475 1454 2518 deinceps
1470 2475 1727 2514 introducantur,
1738 2484 1835 2517 quan·

1093 2531 1223 2569 tumque
1248 2527 1326 2560 honi
1353 2536 1388 2559 ex
1414 2527 1470 2560 illa
1495 2528 1652 2560 hactenus
1677 2536 1836 2569 provene-

1091 2579 1133 2610 rit
1157 2585 1188 2612 et
1204 2579 1419 2613 benedicente
1437 2580 1574 2613 Domino
1603 2584 1833 2623 proventurum

1091 2632 1132 2666 sit
1157 2632 1182 2666 si
1201 2633 1340 2667 visitatio
1361 2633 1432 2676 ipsa
1452 2633 1663 2667 continuetur
1680 2635 1710 2665 et
1731 2632 1833 2665 absola

1743 229 1806 263 877
1853 238 1902 265 Αη.
1924 238 2034 267 111111

1902 2214 1985 2235 Matthia!
2013 2216 2034 2235 ui«

1849 2242 1870 2262 in
1886 2242 1977 2262 rubrica.
