2269 3203
276 217 324 244 An.
341 216 369 244 c.
393 216 461 244 17¹9
506 208 570 243 822

299 383 422 406 Exordium.

292 1295 388 1321 Epitomo
400 1302 450 1317 now.

265 1324 380 1342 stitutum
400 1323 449 1344 Gra-

265 1349 317 1373 gorii
332 1348 384 1370 xm.

687 269 824 297 Clemens
845 271 924 304 Papa
943 271 991 304 xi,

609 312 645 340 ad
665 313 798 341 futuram
817 314 862 341 rei
883 314 1065 341 memoriam.

513 375 601 408 Sacri
616 377 817 419 apostolatus
835 376 1015 408 ministerio
1033 386 1093 418 per
1110 376 1207 408 abun·

469 428 610 460 dantiam
633 428 760 461 divinae
787 429 921 471 gratiae,
937 428 1015 461 licet
1031 428 1130 460 nullis
1149 439 1207 461 no-

466 481 516 514 bis
540 481 792 525 suffragantibus
814 482 948 521 meritis,
967 482 1203 524 praesidentes,

466 546 503 567 ex
529 535 664 567 iniuncti
691 535 784 567 nobis
814 534 958 567 muneris
994 533 1103 567 debito
1130 534 1205 567 reli-

464 587 631 630 giosorum
664 588 822 621 Ordinum
864 597 1145 630 quorumcumque
1171 587 1203 620 in

463 641 611 674 Ecclesia
631 641 686 673 Dei
705 640 914 674 militantium
929 651 1125 684 prosperum
1144 646 1205 673 sta-

465 700 532 726 tum
558 693 751 736 felicemque
772 693 984 726 directionem
1003 693 1135 726 summis
1153 693 1204 726 de-

463 745 665 780 siderantes¹
685 746 862 787 affectibus,
883 746 994 790 eisque
1013 751 1200 790 propterea,

463 811 545 844 quae
570 801 764 844 praesertim
782 811 798 833 a
816 800 970 834 Romanis
989 800 1200 834 Pontificibus

462 853 772 896 praedecessoribus
804 853 926 886 nostris
959 853 1096 897 provide
1129 864 1200 886 san-

461 907 524 939 cita
549 912 581 939 et
604 907 753 940 ordinata
782 906 1018 951 comperimus,
1046 912 1079 940 ut
1109 906 1201 939 firma

461 965 492 993 et
516 959 642 993 illibata
663 961 840 1004 persistant
857 961 1064 1004 exactiusque
1091 961 1201 993 obser-

460 1019 584 1053 ventur,
611 1014 812 1057 apostolicae
831 1019 961 1047 nostrae
980 1013 1200 1047 confirmatio-

459 1066 508 1099 nis
534 1067 633 1100 robur
658 1067 802 1101 libenter
827 1067 1011 1108 adiicimus,
1039 1067 1200 1100 eiusdem-

459 1131 522 1162 que
555 1121 698 1153 muneris
730 1126 838 1164 partes
875 1120 1049 1164 perpensis
1086 1120 1199 1153 studiis

458 1174 675 1217 impertimur,
704 1179 802 1217 prout
833 1173 1050 1217 conspicimus
1075 1173 1107 1206 in
1132 1173 1196 1206 Do-

458 1227 546 1260 mino
571 1227 744 1260 salubriter
770 1227 933 1271 expedire.

504 1281 518 1324 g
544 1280 575 1314 1.
602 1281 726 1325 Exponi
753 1281 913 1324 siquidem
940 1281 1033 1314 nobis
1060 1281 1133 1313 secit
1154 1280 1200 1313 di-

460 1335 563 1367 lectus
602 1334 685 1367 iilius
723 1334 996 1377 Micliaelangelus
1033 1333 1199 1366 Tamburi-

459 1398 519 1422 nus
532 1388 736 1432 praepositus
755 1389 916 1432 generalis
930 1388 1104 1425 Societzttis
1116 1387 1197 1427 lesu,

460 1442 546 1485 quod
572 1442 650 1475 alias
677 1442 779 1475 felicis
811 1441 1045 1475 recordationis
1078 1440 1199 1482 Grego-

459 1495 524 1528 rius
549 1495 636 1538 Papa
660 1495 727 1528 XIII
748 1495 988 1538 praedecessor
1014 1499 1135 1533 noster,
1154 1498 1196 1533 ut,

459 1554 523 1581 tam
548 1548 646 1581 Indiis
672 1547 890 1581 Orientalibus
922 1553 952 1580 et
987 1545 1199 1580 Occidentali-

459 1601 530 1642 bus,
556 1612 651 1644 quam
676 1601 826 1634 omnibus
852 1606 884 1634 et
907 1600 1043 1643 singulis
1061 1599 1130 1632 aliis
1148 1610 1198 1632 re-

459 1654 608 1696 gionibus
635 1660 725 1687 extra
749 1654 922 1697 Europam,
949 1664 1044 1686 nemo
1069 1653 1134 1686 sive
1160 1663 1196 1685 ex

459 1707 586 1740 clericis
612 1707 818 1750 regularibus
843 1707 987 1740 eiusdem
1013 1706 1198 1745 Societatis,

457 1761 523 1794 sive
549 1761 727 1804 professus,
751 1760 817 1794 sive
843 1760 1014 1799 scholaris,
1042 1759 1107 1792 sive
1125 1769 1198 1791 coa-

459 1813 589 1855 diutor,
615 1820 688 1857 post
712 1813 830 1846 emissa
862 1813 895 1845 in
921 1812 1005 1846 dicta
1034 1812 1197 1845 Societate

458 1873 532 1900 vota
557 1868 654 1900 etiam
679 1866 848 1910 simplicia,
864 1866 924 1899 sub
939 1865 1198 1899 excommunica-

458 1919 553 1953 tionis
586 1920 724 1963 aliisque
755 1920 904 1953 censuris
931 1924 962 1952 et
993 1919 1130 1962 poenis,
1158 1917 1197 1951 ad

457 1973 643 2016 quempiam
670 1973 768 2006 alium
792 1972 957 2013 Ordinem,
983 1972 1044 2004 nisi
1070 1972 1109 2005 de
1145 1983 1198 2004 ex-

455 2028 569 2069 pressa
594 2026 730 2059 Romani
756 2025 920 2059 Pontifieis
947 2027 997 2058 vel
1017 2024 1197 2069 praepositi

456 2078 619 2120 generalis
644 2078 830 2121 praedictae
855 2078 1025 2112 Societatis
1050 2078 1194 2118 licentia,

456 2130 554 2163 etiam
572 2131 776 2174 perfectioris
790 2137 822 2164 et
841 2132 986 2165 melioris
1005 2131 1086 2164 vitae
1105 2141 1198 2174 prae-

457 2189 543 2216 textu
568 2194 624 2217 seu
648 2185 945 2228 contemplatione,
976 2184 1114 2217 transire
1143 2195 1198 2217 au-

456 2236 549 2269 deret
573 2247 629 2270 seu
655 2244 890 2280 praesumeret,
915 2237 1062 2270 decrevit
1090 2243 1122 2270 et
1146 2247 1198 2270 or-

457 2289 578 2322 dinavit
612 2301 672 2333 per
697 2301 770 2323 suas
806 2290 929 2324 litteras
964 2290 1024 2323 sub
1062 2290 1195 2334 plumbo

455 2395 489 2421 26
505 2394 669 2428 novembris,
687 2395 782 2430 pontif.
799 2402 834 2429 vt,
851 2396 885 2422 de
905 2396 999 2422 eadem
1025 2404 1054 2422 re
1074 2398 1194 2429 agentes.

455 2437 483 2463 ln
505 2437 640 2464 Benedicti
664 2437 722 2464 XIII
744 2441 830 2464 const.
851 2438 894 2464 ed.
915 2444 1078 2470 unccxxviii,
1099 2437 1143 2463 die
1166 2437 1197 2462 14

454 2479 534 2513 iunii,
559 2479 654 2514 pontif.
675 2487 701 2513 v,
723 2480 811 2513 agitur
831 2480 864 2506 de
884 2480 976 2506 eiectis
997 2478 1161 2514 presbyteris
1182 2487 1197 2505 a

455 2523 610 2558 praeposito
629 2524 752 2559 generali
775 2523 862 2551 dictae
882 2523 1034 2550 societatis.

491 2571 503 2595 1
526 2568 628 2596 Forsan
648 2568 864 2602 desideramus,
887 2569 929 2595 vel
959 2571 1053 2603 postea
1079 2569 1120 2596 et's
1146 2576 1196 2603 pro

454 2615 551 2649 eisque
571 2612 717 2649 legendum
738 2615 775 2648 (a.
797 2615 845 2648 T.).

1050 221 1231 247 BULLAIIIUM
1256 221 1413 246 ROMANUM

2001 227 2053 256 An.
2067 228 2096 257 C.
2117 228 2186 258 17¹9

1253 280 1338 303 anno
1364 270 1596 305 Incarnationis
1632 272 1817 307 dominicae
1848 284 1991 309 mmxxnt

1252 333 1339 356 nono
1366 323 1519 357 kalendas
1538 325 1681 358 octobris
1706 326 1884 370 expeditaS‚
1904 333 1992 362 teno·

1251 375 1294 407 ris
1318 376 1494 420 sequentis,
1521 378 1686 412 videlieet:

1294 429 1309 472 ἓ
1334 429 1366 463 ⁶2.
1395 430 1571 474 Greyorius
1596 432 1771 476 episcopus,
1794 444 1903 467 servus
1927 444 1992 467 ser·
2061 448 2185 470 cuminum

1249 493 1362 515 vorum
1376 483 1448 524 Dei,
1465 484 1507 516 ad
1520 489 1709 529 perpetuam
1725 486 1772 519 νεῖ
1783 475 2120 526 nzenzoriane.23‡?1dfflii.
2136 476 2185 497 ω’

1248 535 1346 568 Decet
1371 536 1554 570 Romanuin
1581 537 1780 580 Pontificem,
1807 539 1886 573 etc.¹

1284 597 1379 624 Datum
1401 598 1511 634 Romae,
1533 599 1603 635 apud
1623 599 1649 626 S.
1672 598 1791 634 Petrum,
1807 609 1877 629 anno
1896 601 1990 629 Incar-

1247 642 1364 669 nationis
1387 643 1540 670 dominicae
1566 652 1683 671 MDLxxix
1700 666 1706 676 ,
1736 648 1832 672 nono²
1860 646 1989 674 kalendas

1248 686 1415 719 novembris,
1437 687 1610 722 pontificatus
1630 689 1715 716 nostri
1736 697 1805 717 anno
1821 697 1881 717 vin.

1291 750 1305 792 ἓ
1330 748 1360 781 ⁶2.
1389 749 1464 783 Cum
1491 755 1610 791 autem,
1641 751 1723 784 sicut
1746 752 1861 785 eadem
1888 763 1972 796 expo
2032 765 2184 813 inmanslff-

1998 799 2023 813 ΤΟ
2035 799 2088 813 ausu
2103 799 2145 812 1·εᾶ
2172 799 2182 813 tl

1247 801 1319 834 sitio
1334 802 1563 845 subiungebat,
1580 804 1770 846 praemissis
1781 815 1986 849 nequaquam
2011 820 2170 849 «minutiones

1246 855 1474 897 obstantibus,
1502 857 1619 899 aliquis
1646 868 1682 890 cx
1709 858 1792 890 dicta
1827 847 2183 892 Societate{ziffffmllff‘l’ssssi

1246 920 1351 952 nuper
1376 909 1408 942 in
1435 910 1558 943 eisdem
1584 911 1681 943 indiis
1708 901 2128 955 praeinsertarum‘⁰¹¹'¹'¹‘⁰²¹“'

1245 961 1430 995 litterarum
1457 963 1697 996 observantiam
1717 990 1724 1004 ,
1753 975 1879 998 necnon
1912 975 1987 998 een-

1245 1025 1336 1047 suras
1351 1020 1382 1048 et
1400 1026 1522 1058 poenas
1541 1015 1571 1048 in
1592 1015 1637 1049 eis
1652 1021 1832 1058 contentas
1851 1017 1986 1051 eludere

1245 1080 1280 1102 ac
1305 1075 1517 1102 contemnere
1544 1070 1814 1113 praesumpserit,
1841 1071 1880 1104 ab
1907 1071 1986 1114 ipsis

1244 1132 1314 1154 cum
1341 1123 1635 1156 insubsistentibus
1667 1124 1893 1166 praetextibus
1929 1124 1987 1158 fal-

1244 1175 1355 1218 sisque
1396 1175 1720 1218 interpretationibus
1762 1176 1960 1220 appellando
1979 1203 1986 1217 ‚

1244 1238 1394 1261 asserens
1419 1229 1506 1271 quod
1532 1228 1647 1261 litteris
1680 1228 1896 1271 praeinsertis
1928 1239 1988 1272 per

1245 1292 1308 1314 non
1334 1291 1430 1314 usum
1456 1281 1646 1324 derogatum
1670 1281 1777 1322 suerit,
1801 1281 1985 1325 nulliusque

1244 1333 1361 1366 valoris
1397 1339 1429 1366 et
1465 1334 1626 1367 efficaciae
1661 1334 1824 1374 existant,
1864 1335 1986 1378 quippe

1245 1397 1327 1429 quae
1353 1397 1413 1419 nec
1438 1386 1471 1419 in
1498 1386 1567 1419 iure
1587 1387 1764 1427 communi,
1785 1387 1895 1420 necin
1913 1387 1988 1420 Bul-

1244 1438 1334 1477 lario‚
1350 1439 1522 1482 minusque
1548 1438 1580 1471 in
1605 1438 1794 1482 praedictae
1814 1438 1985 1472 Societatis

1243 1491 1394 1524 Instituto
1415 1491 1536 1524 inserta
1561 1491 1785 1535 reperiantur,
1810 1498 1858 1531 et,
1880 1492 1912 1524 in
1935 1502 1985 1525 ca-

1243 1556 1314 1578 sum
1332 1556 1395 1588 quo
1411 1545 1534 1578 validae
1551 1550 1676 1585 essent,
1695 1545 1744 1578 ius
1761 1555 1932 1578 commune
1950 1545 1983 1577 in

1243 1598 1339 1641 capit.
1355 1598 1443 1631 Licet
1457 1597 1495 1630 de
1521 1597 1739 1641 regularibus,
1757 1593 1811 1630 uhi
1829 1598 1868 1631 ad
1885 1597 1983 1631 alium

1242 1650 1395 1684 Ordinem
1431 1652 1501 1684 zelo
1538 1651 1712 1684 strictioris
1753 1651 1983 1684 observantiae

1244 1704 1432 1737 transeundi
1457 1704 1590 1737 facultas
1618 1704 1778 1744 tribuitur,
1794 1704 1983 1747 praevalere

1243 1758 1392 1798 deberet;
1420 1758 1581 1801 quodque,
1600 1768 1672 1790 cum
1697 1757 1752 1790 ille
1777 1762 1916 1800 quatuor
1934 1767 1985 1790 vo-

1243 1816 1347 1844 torum
1373 1811 1541 1853 professus
1566 1821 1633 1843 non
1659 1810 1715 1850 sit,
1740 1809 1772 1842 in
1798 1809 1892 1843 dictis
1910 1820 1985 1843 cen-

1242 1864 1327 1897 suris
1354 1863 1486 1896 minime
1512 1863 1831 1907 comprehendatur,
1854 1873 1984 1896 necnon

1242 1917 1377 1951 ulterius
1410 1917 1569 1950 eiusmodi
1604 1916 1826 1960 praeinsertae
1852 1916 1983 1950 litterae

1242 1972 1333 2004 alteri
1376 1970 1547 2014 privilegio
1584 1970 1774 2004 admittendi
1812 1969 1982 2013 religiosos

1242 2024 1339 2057 etiam
1371 2024 1537 2067 professos
1570 2023 1708 2056 aliorum
1744 2022 1901 2055 Ordinum
1938 2022 1985 2056 di-

1242 2088 1336 2111 verso
1375 2077 1486 2110 Ordini
1527 2086 1684 2110 concesso
1730 2076 1890 2118 derogare
1927 2086 1984 2108 ne-

1242 2136 1385 2174 queant,
1417 2142 1453 2164 ac
1486 2129 1616 2163 tandem
1641 2139 1700 2172 per
1732 2139 1785 2161 eas
1818 2128 1982 2171 legitimae

1241 2184 1483 2228 appellationes
1508 2189 1540 2217 et
1564 2184 1597 2217 in
1622 2193 1697 2217 casu
1729 2182 1907 2225 denegatae
1934 2181 1983 2215 iu-

1241 2237 1346 2271 stitiae
1364 2248 1430 2270 non
1456 2237 1705 2280 prohibeantur,
1732 2236 1788 2269 sed
1813 2236 1982 2269 manifesto

1241 2290 1378 2323 frivolae
1415 2290 1580 2322 dumtaxat
1615 2289 1739 2322 admitti
1774 2299 1983 2333 nequaquam

1240 2344 1384 2386 possint:
1412 2343 1551 2386 ideoque
1574 2342 1679 2375 dictus
1709 2342 1982 2385 Michaelangelus

1240 2397 1447 2439 praepositus
1472 2395 1636 2438 generalis
1653 2395 1880 2437 (considerans
1894 2394 1983 2428 simi-

1239 2450 1270 2481 le
1297 2449 1481 2491 exemplum
1497 2447 1671 2480 maximum
1698 2448 1803 2481 eidem
1827 2448 1980 2481 Societati

1239 2501 1476 2544 praeiudicium
1510 2500 1541 2532 in
1579 2500 1693 2533 iisdem
1731 2500 1829 2533 lndiis
1863 2499 1979 2533 afferre

1277 2573 1286 2598 1
1300 2571 1403 2598 Bullam
1414 2570 1483 2598 hanc
1493 2570 1578 2598 habes
1589 2572 1614 2597 in
1630 2575 1696 2598 tom.
1707 2577 1764 2604 vm,
1780 2579 1807 2605 p.
1820 2570 1871 2598 302
1883 2571 1977 2605 (aaz).

1273 2613 1290 2640 2
1309 2612 1376 2641 Male
1392 2613 1455 2640 edit.
1473 2612 1551 2640 Μαίη.
1570 2612 1669 2639 omittit
1686 2621 1760 2639 nono
1779 2615 1818 2647 (a.
1841 2612 1891 2647 τ.).
