2269 3203
241 195 290 223 An.
310 195 339 223 c,
358 194 425 223 1705
470 186 535 221 2⁶28

466 255 563 291 rayno
588 246 817 290 Portuqalliae
836 246 980 290 fratrum
1001 247 1168 281 Minorum

471 300 730 343 Reformatorum
744 301 779 333 in
796 300 888 341 (luas,
908 301 966 334 sub
987 301 1081 334 certis
1099 311 1171 333 con-

474 353 657 388 ditionibus
670 353 691 388 ¹.

649 445 782 472 Clemens
804 445 884 478 Papa
904 445 953 476 XI,

566 490 603 516 ad
623 490 762 517 futuram
782 490 827 517 rei
849 489 1036 516 memoriam,

336 578 419 598 Causae

233 603 253 624 d.
271 604 294 608 ..
328 604 342 614 ,¹
475 571 489 613 ἓ
507 570 539 602 1.
561 570 679 614 Nuper,
698 581 757 614 pro
775 575 866 614 parte
879 569 1070 603 dilectorum
1089 568 1172 601 silio-

249 611 343 624 1V1Stonls
359 610 420 630 μΓΒΡ·
555 624 561 629 ,
591 624 597 629 ,
654 623 659 629 .
769 624 775 629 ,
825 623 830 628 .
870 623 875 628 .
1065 622 1071 627 ·

233 631 421 683 fflissstpsssvfflsst'issl
432 634 502 656 rum
520 629 660 656 ministri
686 625 894 667 provincialis
914 629 945 656 et
963 633 1167 666 superiorum

232 677 616 730 hb1¹⁵›wewvectprovinciae
641 677 673 710 S.
700 677 832 710 Antonii
867 677 898 710 in
924 687 1026 719 regno
1060 676 1172 709 Portu-

233 716 312 731 uncum
326 726 330 733 ,
382 717 407 730 nc

233 743 310 784 232¹,OE
327 737 421 783 {⁰003an
432 731 548 773 galliae
565 730 695 763 Ordinis
710 730 870 763 Minorum
889 729 990 763 sancti
1008 729 1170 761 Francisci

233 790 420 842 {ffprossffissss‘ffhw
433 785 472 817 de
508 784 720 817 observantia
751 784 1015 817 Reformatorum
1047 793 1171 815 nuncu-

430 842 591 881 patorum,
606 836 856 879 Congregationi
867 836 1101 869 venerabilium
1113 835 1171 868 fra-

431 896 516 923 trum
542 895 729 923 nostrorum
755 889 787 923 S.
819 890 856 922 R.
889 889 924 922 E.
954 889 1170 922 cardinalium

430 944 573 987 negotiis
605 948 637 977 et
665 943 962 976 consultationibus
996 943 1170 986 episcopo-

429 1009 500 1030 rum
515 1003 547 1030 et
559 997 758 1040 regularium
775 997 983 1040 praepositae
1009 996 1169 1040 exposito,

430 1052 528 1095 quod,
553 1062 625 1083 cum
651 1051 703 1083 ἰηΞ
728 1051 797 1094 ipsa
824 1050 992 1093 provincia
1016 1060 1171 1083 numerus

429 1110 645 1137 conventuum
672 1110 703 1137 et
729 1104 955 1147 religiosorum
981 1103 1171 1136 notabiliter

430 1162 540 1190 auctus
552 1159 766 1201 reperiretur,
778 1158 937 1201 praedicti
957 1157 1025 1190 eius
1043 1157 1172 1199 religio-

429 1211 463 1251 si,
480 1212 520 1244 ob
531 1212 679 1244 locorum
695 1211 877 1244 distantiam
891 1217 922 1244 et
934 1211 1169 1250 arduaitinera,

428 1266 529 1298 multa
553 1264 759 1307 patiebantur
783 1264 999 1303 incommoda,
1025 1274 1061 1296 ac
1086 1264 1172 1296 inter

430 1328 484 1350 eos
502 1317 676 1350 continuae
702 1318 931 1356 dissensiones,
951 1318 1035 1356 lites,
1051 1318 1172 1360 gravis-

429 1372 596 1415 simaeque
621 1371 881 1405 inordinationes
900 1371 1111 1411 oriebantur,
1134 1382 1171 1404 ac

428 1425 580 1468 proinde,
606 1425 656 1457 liis
681 1425 818 1468 aliisque
837 1424 1120 1458 incovenientibus
1138 1423 1170 1456 in

430 1479 571 1521 capitulo
589 1478 779 1522 provinciali
795 1478 981 1522 provinciae
995 1478 1170 1521 praefatae,

430 1532 517 1574 quod
543 1532 594 1564 die
616 1542 667 1565 xvr
692 1532 830 1565 ianuarii
855 1541 998 1566 MDcxciv
1030 1532 1062 1564 in
1094 1542 1171 1565 con-

430 1591 527 1618 ventu
561 1585 592 1618 S.
620 1585 753 1619 Antonii
788 1585 852 1618 loci
887 1586 925 1618 de
961 1585 1179 1628 Castagneira.

430 1639 629 1672 celebratum
654 1639 726 1679 fuit,
749 1639 975 1678 consideratis,
997 1639 1035 1671 de
1057 1639 1170 1672 eadem

430 1692 599 1735 provincia
622 1692 655 1725 in
682 1693 761 1724 duas
791 1692 976 1732 dividenda,
1003 1691 1028 1724 si
1064 1692 1104 1724 ad
1138 1692 1169 1724 id

430 1746 527 1778 liuius
553 1746 688 1778 Sanctae
713 1745 806 1778 Sedis
832 1745 964 1778 licentia
989 1746 1168 1785 accederet,

430 1799 519 1832 illam
551 1799 756 1842 approbante
789 1805 819 1832 et
845 1799 1059 1832 confirmante
1095 1804 1170 1831 tunc

431 1852 583 1885 existenti
604 1852 755 1886 ministro
774 1853 922 1895 generali
941 1852 1018 1885 dicti
1040 1852 1170 1885 Ordinis

432 1906 487 1948 qui
512 1905 544 1938 in
570 1906 685 1939 eodem
703 1906 846 1950 capitulo
866 1906 1081 1950 praesidentis
1102 1916 1172 1938 rnu-

432 1969 510 1992 nere
550 1959 762 2002 fungebatur,
790 1960 1007 1993 deliberatum
1048 1960 1169 1999 fuerat,

433 2013 570 2046 subinde
595 2025 672 2047 vero
707 2014 821 2047 eadem
848 2014 973 2054 divisio,
1007 2013 1171 2057 repartitis

433 2076 493 2109 per
518 2071 583 2099 tres
607 2067 779 2109 religiosos
805 2067 1007 2110 qualificatos
1032 2076 1172 2100 conven-

435 2119 530 2160 tibus,
557 2131 593 2152 ac
616 2121 773 2153 tredecim
799 2131 836 2154 ex
862 2121 908 2155 eis
930 2121 995 2161 uni,
1023 2120 1173 2153 totidem-

436 2183 499 2216 que
525 2173 617 2206 alteri
643 2175 688 2206 sic
713 2175 751 2207 de
784 2185 868 2208 novo
898 2173 1062 2217 erigendis
1099 2184 1174 2216 pro-

433 2226 546 2259 vinciis
572 2227 750 2269 assignatis,
784 2227 817 2260 in
850 2228 994 2271 capitulo
1028 2226 1173 2270 generali

434 2290 547 2313 mense
580 2279 661 2312 iunii
698 2280 844 2313 eiusdem
877 2280 952 2313 anni
986 2281 1018 2313 in
1050 2279 1172 2323 oppido

470 2388 481 2414 1
505 2386 597 2414 Const.
618 2386 662 2413 ed.
683 2393 783 2421 nuccii,
805 2387 848 2414 die
867 2388 898 2414 15
917 2387 1090 2423 septembriS,
1107 2395 1174 2422 pon-

434 2430 474 2458 tif.
495 2437 523 2465 11,
545 2433 617 2457 extat
637 2430 837 2458 dismembratio
858 2431 1053 2459 coenobiorum
1074 2439 1089 2457 a
1109 2439 1173 2466 pro-

433 2475 522 2502 vincia
540 2475 568 2501 S.
591 2474 663 2501 Petri
684 2474 717 2501 de
737 2474 880 2501 Alcantara
900 2475 975 2510 regni
992 2474 1132 2510 Neapolis;
1149 2478 1175 2500 et

433 2523 518 2546 const.
540 2519 583 2546 ed.
604 2525 711 2553 tincctx,
734 2518 776 2545 die
796 2519 811 2545 8
831 2519 929 2552 martii,
946 2519 1041 2554 pontif.
1060 2527 1097 2551 1x,
1115 2518 1174 2554 agit

433 2562 467 2590 de
486 2563 619 2590 divisione
639 2563 793 2598 provinciae
809 2563 835 2589 S.
852 2563 945 2589 Did-aci
960 2563 1116 2598 Papiensis.

467 2610 483 2636 2
503 2608 654 2645 Praeposit.
670 2609 703 2637 in
723 2616 772 2636 nos
788 2607 913 2636 addimus
929 2609 967 2643 (n.
987 2609 1038 2642 r.).

1011 197 1192 223 BULLARIUM
1215 197 1370 223 ROMANUM

1963 195 2011 223 An.
2032 195 2063 224 C.
2078 194 2150 224 ¹705

1214 247 1342 280 civitate
1369 250 1554 290 nuncupato
1580 245 1741 279 Victoriae
1766 244 1880 278 itidem
1907 254 1958 278 ce-

1215 300 1352 341 lebrato,
1387 311 1403 332 a
1435 299 1647 339 discretorio,
1683 298 1769 332 dicto
1802 297 1954 331 ministro

1216 353 1360 396 generali
1387 358 1418 386 et
1443 353 1630 386 definitorio
1657 352 1803 395 generali
1835 351 1955 384 ibidem

1215 406 1423 449 congregatis
1448 407 1565 439 iterum
1592 407 1782 450 approbata,
1801 417 1836 439 ac
1853 406 1958 439 novis-

1217 461 1306 501 sime,
1325 470 1446 503 nempe
1472 461 1523 493 die
1548 470 1613 494 xvn
1638 460 1792 493 februarii
1813 470 1954 502 MDCC111‚

1216 515 1330 547 eadem
1357 514 1472 547 divisio
1504 515 1606 547 altera
1631 513 1698 548 vice
1730 513 1899 557 proposita
1923 513 1956 546 in

1216 567 1358 611 capitulo
1385 567 1578 611 provinciali
1610 567 1643 600 in
1676 567 1844 611 praedicto
1881 577 1958 600 con·

1214 626 1310 654 ventu
1337 626 1526 661 convocato,
1558 621 1691 664 praevia
1723 620 1956 654 reformatione

1216 674 1301 707 circa
1327 675 1436 717 aliqua
1461 680 1561 717 pacta,
1595 674 1702 718 plenis
1728 673 1811 707 votis
1843 678 1876 707 et
1899 683 1958 706 ne-

1215 729 1303 761 mine
1330 728 1548 772 discrepante,
1569 738 1639 760 cum
1661 727 1908 761 conditionibus
1924 727 1957 760 in

1216 782 1332 814 eodem
1354 782 1496 825 capitulo
1523 781 1686 822 stabilitis,
1705 786 1872 824 acceptata
1889 780 1958 813 fue-

1215 840 1281 868 rat:
1307 841 1338 868 et
1362 835 1395 867 in
1414 835 1527 868 eadem
1546 834 1751 878 expositione
1773 834 1956 874 subiuncto,

1216 889 1313 932 quod,
1341 899 1414 921 cum
1438 887 1607 931 praedicta
1632 887 1846 921 cardinalium
1865 887 1951 921 Con-

1215 941 1364 984 gregatio
1380 941 1417 974 ad
1432 940 1655 974 venerabilem
1671 940 1805 974 fratrem
1822 939 1956 973 Michae-

1216 993 1727 1037 lemangelumarchiepiscopum
1738 993 1958 1027 Tharsensem

1215 1048 1249 1080 in
1275 1047 1495 1090 portugalliae
1527 1053 1559 1080 et
1583 1046 1813 1089 Algarbiorum
1844 1046 1955 1089 regnis

1215 1107 1367 1144 nostrum
1393 1106 1424 1134 et
1449 1100 1659 1144 Apostolicae
1684 1099 1777 1133 Sedis
1806 1099 1957 1132 nuntium

1215 1166 1275 1198 pro
1301 1154 1534 1187 informatione
1560 1164 1662 1197 super
1686 1153 1772 1186 dicta
1796 1153 1955 1196 divisione

1216 1208 1415 1252 scripsisset,
1453 1207 1638 1251 praedictus
1678 1207 1955 1250 Michaetangelus

1216 1262 1486 1305 archiepiscopus
1513 1266 1544 1294 et
1573 1260 1707 1293 nuntius
1733 1260 1957 1292 transmiserat

1215 1316 1253 1348 ad
1279 1315 1385 1359 ipsam
1409 1313 1705 1357 Congregationem
1730 1312 1955 1353 cardinalium,

1215 1371 1276 1401 una
1301 1379 1374 1401 curn
1400 1370 1455 1400 sua
1480 1367 1724 1407 informatione,
1746 1366 1956 1400 conditiones

1215 1427 1405 1466 sequentes,
1430 1420 1602 1454 videlicet:

1254 1487 1273 1506 1.
1294 1477 1336 1506 Ut
1352 1476 1505 1515 provincia
1524 1475 1766 1514 Ulyssiponensis
1787 1484 1872 1503 suum
1888 1483 1956 1512 pro·
2016 1482 2154 1513 ῦοῃᾱῑιῑοηςι

1213 1527 1310 1565 prium
1342 1534 1450 1554 nomen
1482 1525 1511 1553 S.
1533 1524 1658 1553 Antonii
1690 1524 1836 1559 retinere,
1862 1509 2154 1558 atterasstssssoqd'gss'iuaessgi

1214 1585 1282 1604 vero
1303 1575 1344 1603 sie
1371 1575 1407 1603 de
1431 1583 1509 1603 novo
1537 1574 1681 1611 erigenda
1706 1573 1858 1611 provincia
1879 1572 1956 1602 Con·
1966 1562 2011 1584 bai.

1214 1624 1357 1662 ceptionis
1383 1624 1420 1652 de
1444 1624 1522 1651 Bera
1548 1624 1578 1650 et
1605 1622 1708 1659 Migno
1737 1621 1903 1660 nuncupari
1924 1630 1958 1651 ae

1214 1674 1401 1703 convenienti
1423 1673 1520 1710 sigillo
1543 1672 1587 1700 uti
1608 1672 1737 1700 deberet.

1252 1732 1282 1751 11.
1306 1721 1392 1756 Quod
1414 1730 1564 1759 expensae
1586 1730 1638 1758 pro
1661 1720 1852 1758 expeditione
1874 1729 1958 1758 prae-

1214 1772 1342 1800 sentium
1376 1771 1543 1799 litterarum
1579 1770 1615 1798 ab
1647 1770 1772 1807 utraque
1806 1768 1958 1807 provincia

1213 1830 1266 1858 pro
1290 1820 1406 1857 aequali
1428 1819 1564 1858 portione
1585 1819 1700 1847 fierent.

1253 1879 1295 1898 111.
1324 1869 1366 1897 Ut
1402 1868 1609 1905 eleemosynae
1637 1876 1816 1903 communes,
1839 1866 1958 1895 ordina-

1214 1918 1277 1946 riae
1304 1918 1501 1955 nuncupatae,
1524 1925 1598 1954 quas
1617 1916 1785 1944 carissimus
1811 1915 1843 1943 in
1871 1915 1957 1945 Chri-

1215 1970 1259 1996 sto
1274 1966 1352 1995 filius
1363 1966 1469 1994 Petrus
1480 1965 1685 2003 Portugalliae
1705 1967 1734 1994 et
1746 1964 1958 2002 Algarbiorum

1215 2027 1269 2045 rex
1290 2026 1342 2054 pro
1365 2016 1419 2044 sua
1436 2015 1519 2052 regia
1534 2015 1644 2052 pietate
1657 2014 1780 2052 singulis
1795 2014 1880 2043 annis
1892 2023 1958 2052 pro-

1216 2065 1331 2094 vinciae
1352 2064 1540 2102 supradictae
1561 2063 1659 2092 faeere
1681 2063 1772 2100 solet,
1795 2063 1960 2100 aequaliter

1217 2114 1438 2149 dividerentur,
1460 2112 1502 2141 ita.
1534 2114 1566 2140 ut
1597 2112 1767 2149 provinciae
1799 2110 1959 2149 erigendae

1216 2163 1267 2192 illa
1279 2172 1347 2201 pars
1360 2162 1520 2198 obveniret,
1533 2170 1608 2198 quae
1621 2161 1657 2189 ad
1670 2161 1830 2198 quemlibet
1840 2169 1958 2189 suorum

1217 2215 1415 2241 conventuum
1437 2210 1591 2248 spectabit.

1255 2271 1295 2290 IV.
1320 2261 1361 2289 Ut
1382 2260 1525 2297 suffragia
1552 2268 1605 2297 pro
1633 2258 1782 2295 religiosis
1804 2257 1960 2293 defunctis,

1216 2310 1265 2348 qui
1287 2309 1496 2348 professionem
1511 2311 1579 2336 ante
1591 2309 1764 2345 perventam
1782 2306 1959 2335 divisionem

1216 2359 1399 2394 emisissent,
1433 2357 1469 2385 ab
1500 2356 1625 2393 utraque
1660 2354 1816 2393 provincia
1847 2355 1959 2393 persol-

1216 2409 1376 2441 verentur,
1414 2416 1447 2434 ac
1476 2405 1538 2433 dies
1567 2413 1667 2432 eorum
1700 2403 1796 2432 obitus
1828 2413 1880 2442 per
1910 2404 1959 2431 lit-

1216 2459 1293 2485 teras
1320 2455 1467 2484 notificari
1490 2454 1618 2490 deberet,
1634 2456 1720 2491 prout
1748 2453 1784 2482 de
1808 2452 1959 2491 praesenti

1217 2506 1280 2534 fieri
1302 2505 1385 2534 solet.

1256 2563 1282 2582 v.
1315 2554 1349 2581 In
1387 2554 1535 2581 conventu
1572 2551 1743 2589 supradicto
1779 2551 1807 2580 S.
1835 2549 1960 2579 Antonii

1216 2602 1441 2642 Ulyssiponensi
1463 2601 1540 2630 duae
1565 2601 1658 2629 cellae
1679 2600 1850 2638 assignatae
1872 2599 1959 2633 erunt
