2269 3203
88 190 139 217 An.
159 189 189 216 C.
209 189 277 218 ¹714

115 1739 233 1760 Baelaratlo
251 1741 272 1760 ut

89 1767 108 1787 in
124 1767 215 1787 rubrica.

910 189 1053 214 CLEMEXS
1078 189 1111 213 xt
1135 190 1183 214 ΓΡ.

283 249 384 282 opera
416 240 693 283 adimplevissent,
727 239 766 272 ad
792 242 916 272 certum
951 244 1025 270 tunc

285 302 476 336 expressum
491 299 617 336 tempus
632 302 816 331 concessae,
832 302 867 324 ac
888 291 1024 324 subinde

285 345 324 378 ad
350 356 486 389 regnum
506 345 634 379 Siciliae
654 346 738 378 ultra
757 345 896 377 Pharum
916 349 1025 378 exten-

284 410 337 432 sae
364 405 397 433 et
421 400 546 443 pluries
585 405 797 443 prorogatae,
833 409 891 431 nec
927 398 1024 431 etiam

284 453 333 485 ius
359 453 588 496 praesentandi
622 462 778 495 personas
805 451 939 484 idoneas
966 451 1026 484 Ro-

283 505 386 538 manis
411 505 619 539 Pontificibus
637 516 697 549 pro
720 511 864 548 tempore
884 505 1025 538 existen-

285 559 368 592 tibus
410 560 448 592 ad
492 559 789 602 praesentationem
836 558 1022 591 huiusmodi

283 612 521 657 praeficiendas
546 612 805 656 quibuscumque
831 613 1025 645 cathedrali-

284 666 344 699 bus
371 666 466 699 etiam
491 665 750 708 metropolitanis
770 665 915 699 ecclesiis
936 676 1025 709 prae-

285 718 360 751 dicti
388 719 478 761 regni
509 718 636 751 Siciliae
672 719 754 751 ultra
779 719 932 758 Pharum,
958 729 1025 751 me-

283 771 400 804 morati
427 771 570 815 Philippi
593 771 679 814 regis
698 771 973 804 descendentibus
992 772 1022 804 in

284 824 510 868 Hispaniarum
537 835 573 858 ac
597 824 727 857 Siciliae
763 825 848 857 ultra
882 825 1024 857 Pharum

284 877 393 920 regnis
425 877 612 911 huiusmodi
645 877 799 920 legitimis
829 878 1025 911 successori-

283 931 361 971 bus,
388 931 540 974 quamdiu
568 931 613 964 illi
648 931 819 969 vixissent,
846 931 885 963 ab
911 931 1022 964 eadem

283 983 366 1017 Sede
392 994 579 1018 concessum
613 990 644 1017 et
674 985 889 1027 assignatum,
916 995 1022 1028 neque

283 1038 412 1070 demum
439 1038 580 1071 tribunal
607 1037 829 1081 Inquisitionis
856 1038 1024 1081 Hispania-

283 1101 352 1123 rum
377 1091 529 1123 advcrsus
546 1091 742 1124 haereticam
762 1091 952 1134 pravitatem
971 1102 1024 1124 au-

282 1144 429 1177 ctoritate
472 1144 651 1188 apostolica
692 1144 888 1184 institutum,
933 1145 1023 1185 cuius

282 1197 464 1231 iurisdictio
489 1198 528 1230 ad
555 1198 759 1241 praedictum
786 1198 912 1231 Siciliae
938 1199 1023 1231 ultra

283 1250 421 1283 Pharum
458 1261 593 1293 regnum
620 1251 786 1294 ceteroqui
813 1251 1020 1293 extenditur,

283 1303 315 1335 in
340 1303 480 1337 ecclesia
496 1330 503 1342 ,
529 1303 656 1336 civitate
690 1314 726 1336 ac
751 1303 893 1336 dioecesi
930 1304 1023 1347 Lipa-

281 1357 368 1390 rensi
395 1357 568 1400 praedictis
594 1358 701 1390 locum
726 1367 867 1400 unquam
903 1357 1023 1391 habue-

282 1415 379 1451 runt,
405 1410 471 1443 imo
496 1420 557 1443 nec
582 1410 644 1454 ipsi
670 1410 809 1443 ministri
840 1412 1022 1444 saeculares

282 1463 429 1497 eiusdem
453 1464 544 1507 regni
579 1464 708 1497 Siciliae
746 1465 830 1497 ultra
865 1464 1020 1505 Pharum,

283 1515 347 1549 sive
388 1517 447 1549 sub
484 1516 781 1550 dismembrationis
822 1522 855 1550 et
893 1517 1022 1550 unionis

282 1570 521 1613 praedictarum
536 1571 682 1610 obtentu,
699 1571 764 1604 sive
782 1571 842 1604 sub
858 1571 922 1604 alio
945 1582 1023 1614 quo-

283 1623 328 1656 vis
353 1628 541 1667 praetextu,
568 1624 746 1666 praemissa
771 1625 878 1657 locum
902 1624 1022 1658 habere

284 1676 436 1710 debuisse
460 1679 511 1710 vel
544 1678 665 1711 debere
694 1689 836 1722 unquam
871 1684 1023 1723 praeten-

284 1730 420 1764 derunt:
447 1731 524 1764 hinc
550 1737 597 1765 est
621 1732 707 1775 quod
731 1742 804 1772 nos,
829 1733 882 1776 qui
904 1732 1022 1765 iurium

284 1784 581 1818 ecclesiasticorum
615 1791 792 1819 assertores
825 1786 856 1818 in
888 1786 981 1819 terris
1005 1796 1022 1819 a

282 1837 418 1871 Domino
445 1838 612 1871 constituti
650 1849 773 1879 sumus,
811 1839 1021 1882 omniumque

282 1890 544 1923 christifidelium
571 1901 679 1923 curam
711 1897 743 1924 et
766 1891 1021 1924 sollicitudinem

281 1945 424 1987 superna
439 1943 654 1987 dispositione
666 1944 818 1986 gerimus,
830 1944 1020 1985 libertatem,

281 1996 520 2030 immunitatem
557 2003 588 2030 et
627 1996 885 2030 iurisdictionem
921 1998 1023 2030 ecclc-

281 2049 452 2091 siasticam,
478 2061 539 2083 nec
564 2060 629 2083 non
653 2049 789 2083 Sanctae
810 2050 905 2083 huius
931 2050 1021 2084 Sedis

282 2103 507 2137 auctoritatem
525 2114 561 2136 ac
582 2103 771 2146 dignitatem
801 2104 840 2136 ab
862 2103 1020 2136 eiusmodi

281 2157 413 2190 nefariis
438 2168 475 2190 ac
499 2157 691 2200 perniciosis
717 2157 884 2190 conatibus
903 2162 1021 2189 sartam

283 2215 466 2254 tectamque
491 2216 589 2254 atque
610 2210 766 2244 illibatam
790 2209 871 2242 tueri
897 2215 928 2243 et
946 2220 1022 2242 con-

283 2273 421 2304 servare,
447 2264 692 2307 animarumque
722 2263 889 2307 periculis,
923 2274 1022 2306 quan-

284 2322 350 2349 tum
376 2318 470 2351 nobis
497 2329 535 2351 ex
566 2319 632 2352 alto
667 2318 872 2359 conceditur,
908 2328 1022 2351 occur-

285 2379 356 2402 rere
382 2371 562 2414 cupientes,
588 2382 625 2405 ac
649 2371 794 2405 omnium
825 2376 855 2404 et
880 2371 1022 2414 singulo-

284 2432 367 2463 rum,
397 2433 480 2465 quae
511 2423 542 2456 in
579 2424 781 2468 praemissis,
817 2434 875 2457 seu
908 2434 1022 2457 eorum

284 2475 466 2516 occasione,
492 2477 606 2518 quovis
631 2478 727 2510 modo
753 2477 893 2518 decreta,
921 2477 1020 2518 iussa,

285 2528 442 2569 ordinata,
468 2534 538 2562 acta
561 2535 594 2562 et
617 2536 707 2573 gesta
732 2531 871 2571 suerunt,
891 2531 1019 2572 seriem,

286 2592 397 2615 causas
428 2587 459 2614 et
484 2581 755 2624 circumstantias,
784 2584 882 2616 etiam
909 2594 1021 2627 aggra-

1071 244 1195 278 vantes,
1222 249 1350 271 necnon
1384 240 1624 282 praedictorum
1658 252 1694 274 ac
1728 252 1808 285 quo-

1070 291 1190 323 rumvis
1222 291 1360 324 aliorum
1397 292 1619 333 tribunalium,
1651 294 1805 335 iudicum,

1069 343 1308 384 ministrorum,
1336 345 1433 377 etiam
1471 345 1724 388 principalium,
1751 358 1807 379 seu

1069 397 1726 439 supremorumofficialium,notariorum,
1736 400 1810 431 scri-

1069 449 1181 482 barum
1208 456 1240 483 et
1277 461 1492 493 personarum
1532 462 1808 496 quarumcumque

1069 502 1101 535 in
1128 503 1249 536 eisdem
1267 505 1456 547 praemissis
1478 505 1728 548 quomodolibet
1746 506 1811 538 eul-

1068 556 1223 599 pabilium
1250 557 1433 600 qualitates,
1462 558 1646 601 dignitates,
1679 558 1810 591 nomina

1070 616 1101 642 et
1115 610 1317 653 cognomina,
1337 611 1438 644 aliave
1458 622 1694 655 quaecumque,
1713 612 1809 644 etiam

1069 664 1253 707 specificam
1279 670 1309 697 et
1335 665 1533 698 individuam
1552 666 1752 700 mentionem
1778 672 1810 699 et

1069 718 1313 760 expressionem
1341 718 1548 761 requirentia,
1583 719 1809 762 praesentibus

1069 780 1127 813 pro
1152 771 1247 813 plene
1281 776 1311 803 et
1343 771 1544 804 sufficienter
1580 773 1740 816 expressis
1778 778 1810 806 et

1069 823 1258 866 singillatim
1270 824 1466 866 specificatis
1486 824 1654 859 habentes,
1675 825 1703 858 in
1719 835 1810 868 prae-

1069 876 1176 909 missis
1203 887 1277 909 vero
1304 877 1508 920 supradictae
1536 879 1693 911 ecclesiae
1720 879 1809 922 Lipa-

1068 930 1169 963 rensis
1198 931 1415 963 immediatam
1440 931 1534 964 uobis
1561 937 1592 965 et
1616 932 1688 965 Scdi
1716 942 1809 976 prae-

1069 983 1151 1015 latae
1177 983 1423 1024 subiectionem,
1449 984 1603 1028 illiusque
1623 986 1728 1028 quoad
1747 986 1810 1028 spi-

1069 1036 1196 1069 ritualia
1227 1048 1244 1069 a
1280 1048 1483 1080 quocumque
1524 1038 1678 1071 tribunali
1712 1039 1807 1072 ctiam

1068 1089 1289 1122 ecclesiastico
1313 1090 1402 1132 regni
1421 1090 1549 1123 Siciliae
1567 1091 1808 1135 exemptionem

1068 1153 1103 1174 ac
1122 1142 1315 1183 libertatem,
1331 1143 1551 1186 approbantes
1570 1149 1601 1176 et
1615 1144 1808 1177 confirman-

1069 1201 1137 1235 tcs,
1162 1206 1220 1235 ac,
1251 1202 1410 1239 quatenus
1441 1207 1522 1240 opus
1554 1197 1614 1237 sit,
1650 1197 1807 1231 innovan-

1068 1254 1128 1288 tes,
1157 1256 1246 1283 motu
1272 1250 1419 1293 proprio,
1442 1256 1471 1283 et
1497 1261 1533 1283 ex
1561 1253 1648 1283 certa
1672 1251 1808 1284 scientia

1067 1308 1097 1335 et
1123 1304 1248 1335 matura
1275 1303 1512 1336 deliberatione
1538 1304 1677 1343 nostris,
1702 1304 1807 1347 deque

1067 1356 1263 1399 apostolicae
1294 1356 1465 1399 potestatis
1495 1356 1711 1400 plenitudine,
1740 1356 1808 1390 edi-

1066 1414 1152 1442 ctum
1168 1409 1419 1453 praeinsertum‚
1433 1419 1469 1442 ac
1484 1419 1706 1454 quaecumque
1722 1410 1754 1442 in
1769 1420 1807 1443 eo

1066 1467 1234 1502 contenta,
1261 1472 1387 1496 necnon
1413 1463 1474 1496 alia
1499 1475 1558 1507 per
1590 1469 1807 1497 memoratum

1066 1516 1258 1549 canonicum
1285 1517 1458 1560 Iosephum
1483 1517 1616 1551 Marotta
1649 1519 1686 1551 ea
1717 1528 1808 1551 occa-

1066 1569 1156 1602 sione
1184 1569 1292 1612 vigore
1318 1580 1394 1603 suae
1419 1575 1560 1604 assertae
1593 1570 1807 1614 delegationis

1066 1629 1147 1662 acta,
1171 1630 1264 1667 gesta
1289 1628 1320 1657 et
1350 1623 1510 1663 ordinata,
1547 1635 1619 1657 cum
1656 1625 1807 1658 omnibus

1067 1681 1098 1709 et
1123 1676 1257 1719 singulis
1283 1676 1358 1710 inde
1384 1677 1501 1710 secutis
1520 1683 1551 1710 et
1577 1678 1685 1710 forsan
1706 1688 1807 1721 quan—

1067 1729 1247 1773 documque
1273 1729 1441 1769 secuturis,
1468 1730 1597 1773 penitus
1623 1736 1654 1764 et
1672 1730 1806 1764 omnino

1066 1783 1165 1824 nulla,
1182 1783 1281 1822 irrita,
1299 1783 1450 1823 invalida,
1472 1783 1603 1824 iniusta,
1623 1784 1807 1828 reprobata,

1067 1836 1225 1878 damnata,
1266 1836 1383 1876 inania,
1426 1837 1607 1875 temeraria,
1635 1842 1666 1870 et
1697 1847 1713 1869 a
1740 1847 1805 1871 non

1068 1889 1264 1922 habentibus
1288 1894 1480 1932 potestatem
1508 1889 1735 1924 damnabiliter
1760 1895 1808 1922 at—

1067 1947 1199 1981 tentata,
1234 1952 1270 1974 ac
1296 1942 1335 1974 de
1369 1942 1451 1975 sacto
1484 1948 1704 1986 praesumpta,
1736 1943 1807 1976 nul-

1068 1994 1192 2037 liusque
1219 1994 1352 2027 omnino
1377 1996 1506 2028 roboris
1532 2001 1563 2028 et
1582 1995 1736 2029 momenti
1756 1997 1806 2029 vel

1067 2048 1227 2081 efficaciae
1265 2058 1335 2082 esse
1368 2054 1400 2081 et
1431 2050 1470 2081 ab
1506 2049 1597 2083 initio
1634 2050 1731 2083 fuisse
1772 2060 1807 2082 ac

1066 2108 1225 2145 perpetuo
1257 2102 1334 2143 fore,
1373 2113 1477 2146 neque
1510 2103 1566 2137 illa
1595 2115 1612 2137 a
1641 2114 1806 2148 quoquam

1065 2155 1231 2188 observari
1262 2166 1355 2199 posse
1389 2157 1438 2189 vel
1472 2157 1625 2200 potuisse,
1658 2157 1805 2200 adeoque

1065 2218 1126 2241 nec
1138 2209 1240 2242 ullum
1258 2213 1378 2242 statum
1396 2210 1501 2243 facere
1520 2210 1569 2243 vel
1591 2210 1719 2250 fecisse,
1737 2211 1805 2251 sed,

1066 2261 1204 2304 perinde
1228 2272 1265 2295 ac
1290 2262 1315 2295 si
1342 2273 1507 2307 nunquam
1526 2268 1729 2296 emanassent
1745 2273 1806 2296 nec

1066 2315 1148 2348 sacta
1174 2315 1321 2356 fuissent,
1359 2327 1418 2360 pro
1456 2327 1520 2349 non
1557 2317 1741 2350 extantibus
1776 2322 1807 2349 et

1065 2379 1131 2401 non
1156 2368 1247 2401 sactis
1271 2375 1435 2412 perpetuo
1461 2369 1573 2403 itidem
1611 2370 1726 2403 haberi
1753 2371 1807 2403 de-

1065 2423 1151 2462 bere,
1168 2428 1279 2456 tenore
1297 2423 1520 2466 praesentium
1540 2423 1751 2457 declaramus.
1770 2423 1807 2456 Et

1066 2476 1290 2517 nihilominus,
1306 2477 1343 2509 ad
1365 2477 1520 2510 maiorem
1539 2482 1570 2510 et
1590 2476 1806 2510 abundantio-

1066 2540 1133 2562 rem
1159 2530 1328 2570 cautelam,
1347 2535 1379 2562 et
1403 2535 1563 2573 quatenus
1581 2540 1663 2573 opus
1683 2529 1734 2569 sit,
1753 2529 1806 2562 illa

1067 2583 1172 2615 omnia
1199 2588 1227 2615 et
1264 2583 1407 2625 singula,
1437 2589 1465 2616 et
1492 2583 1517 2614 si
1557 2593 1637 2626 quae
1676 2583 1806 2624 insuper

1704 183 1763 217 6⁶21
1816 191 1866 218 An.
1885 191 1913 219 c.
1938 191 2004 220 1714
