2269 3203
235 202 284 229 An.
306 201 420 228 C.1713

257 1105 377 1127 clausulae.

466 191 531 225 5622

425 250 609 291 factionem,
635 250 766 284 nonnisi
794 262 810 283 a
828 251 923 284 nobis
942 261 996 284 seu
1016 251 1162 284 Romano

425 302 580 336 Pontisice
606 315 664 347 pro
691 309 836 348 tempore
862 304 1020 337 existente
1048 304 1165 345 (prae-

425 360 573 399 terquam
599 356 630 388 in
656 356 769 389 mortis
796 356 931 389 articulo
968 354 1161 394 constituti,

424 418 485 441 nec
511 409 618 445 etiam⁴
632 414 717 448 tunc,
737 409 798 440 uisi
818 409 857 441 de
873 409 985 441 stando
1000 407 1163 440 Ecclesiae

424 461 584 494 mandatis
610 467 641 495 et
659 461 887 494 satisfaciendo
905 461 1056 494 cautione
1076 470 1163 503 prae-

425 513 521 554 stita,
546 520 641 557 atque
679 524 750 546 eum
782 513 998 546 reincidentia
1030 524 1067 546 eo
1093 513 1163 556 ipso

425 578 489 610 quo
520 566 771 609 convaluerint)
809 567 933 600 absolvi
970 572 1002 599 et
1033 566 1162 599 liberari

424 630 542 663 posse,
569 625 666 663 prout
701 620 889 653 earumdem
923 627 1035 653 tenore
1072 630 1164 663 prae-

424 672 562 704 sentium
583 673 709 716 pariter
726 672 944 706 decernimus.
968 673 1161 705 Facultatem

424 725 558 768 insuper
584 726 853 769 quandocumque
890 726 1089 769 procedendi
1123 727 1161 759 ad

424 778 487 811 alia
513 779 677 812 severiora
703 779 847 812 remedia
868 806 875 819 ,
899 784 1057 822 quatenus
1072 789 1164 822 prae-

424 831 500 864 dicti
527 832 765 865 ecclesiasticae
799 832 957 865 libertatis
991 833 1162 865 violatores

424 883 456 916 in
482 886 537 917 sua
564 885 766 918 contumacia
784 885 995 928 persistentes
1011 895 1163 917 censuras

425 942 456 969 et
480 947 604 980 poenas
631 937 820 970 huiusmodi
846 937 973 977 animo,
999 937 1083 980 quod
1111 937 1164 970 ab·

423 990 489 1031 sit,
514 991 726 1024 sustinuerint
750 991 914 1031 indurato,
941 991 1035 1024 nobis
1062 997 1094 1024 et
1123 991 1165 1024 ei-

426 1043 498 1076 dem
536 1045 740 1088 Apostolicae
766 1044 839 1077 Sedi
872 1055 1023 1088 expresse
1061 1055 1163 1078 reser-

425 1102 550 1130 vantes.
569 1098 614 1129 Ac
638 1097 853 1131 decernentes
878 1097 1008 1141 pariter,
1035 1098 1163 1131 easdem

425 1155 615 1192 praesentes
640 1150 765 1183 litteras
798 1156 830 1184 et
860 1150 892 1183 in
930 1150 976 1183 eis
1012 1156 1164 1184 contenta

425 1214 650 1248 quaecumque
669 1231 676 1244 ‚
703 1204 799 1237 etiam
825 1213 862 1236 ex
888 1213 928 1237 eo
959 1205 1046 1248 quod
1072 1215 1165 1247 prae-

424 1258 500 1291 dicti
527 1257 635 1291 etalii
673 1258 870 1300 quicumque
907 1257 941 1290 in
977 1258 1164 1301 praemissis

423 1311 582 1345 interesse
608 1311 769 1344 habentes
796 1321 851 1344 seu
878 1311 1001 1344 habere
1031 1321 1165 1354 quomo<

423 1364 549 1398 dolibet
569 1364 821 1408 praetendentes
839 1391 845 1403 ,
877 1364 1017 1397 cuiusvis
1041 1370 1140 1397 status
1157 1391 1164 1403 ‚

424 1417 553 1460 gradus,
580 1417 726 1457 ordinis,
754 1416 1035 1460 praeeminentiae
1062 1422 1093 1450 et
1118 1417 1164 1450 di-

424 1469 558 1512 gnitatis
583 1468 748 1509 existant,
774 1479 829 1502 seu
855 1469 933 1502 alias
959 1469 1109 1512 specifica
1133 1474 1165 1503 et

423 1522 591 1555 individua
616 1522 782 1555 mentione
809 1527 840 1555 et
871 1522 1082 1566 expressione
1112 1522 1166 1555 di-

424 1577 500 1620 gni,
527 1577 592 1611 illis
619 1587 684 1611 non
710 1577 955 1618 consenserint,
981 1587 1036 1610 seu
1063 1577 1101 1610 ad
1128 1588 1165 1610 ea

422 1631 536 1670 vocati,
563 1630 651 1663 citati
677 1635 708 1663 et
734 1630 844 1670 auditi,
871 1640 1063 1673 causaeque,
1095 1640 1166 1674 pro-

423 1688 498 1727 pter
526 1694 604 1727 quas
637 1689 827 1726 praesentes
854 1683 1048 1723 emanarint,
1081 1683 1165 1717 suffi-

423 1736 548 1770 cienter
562 1736 731 1777 adductae,
742 1736 924 1770 verificatae
936 1735 1165 1770 etiustificatae

424 1799 489 1822 non
516 1788 647 1829 suerint,
671 1794 724 1822 aut
742 1800 778 1822 ex
810 1789 871 1822 alia
899 1789 1045 1833 qualibet
1070 1790 1164 1822 etiam

425 1842 631 1886 quantumvis
651 1842 789 1876 iuridica
804 1842 1047 1886 etprivilegiata
1059 1844 1165 1883 causa,

424 1896 545 1937 colore,
563 1901 731 1939 praetextu
753 1901 784 1929 et
801 1896 918 1940 capite,
939 1896 1033 1930 etiam
1050 1897 1081 1929 in
1096 1907 1166 1930 cor-

423 1959 502 1992 pore
521 1949 598 1982 iuris
619 1950 743 1990 clauso,
770 1949 866 1982 etiam
893 1949 1045 1989 enormis,
1071 1960 1166 1983 enor-

424 2001 588 2034 missimae
614 2006 645 2035 et
671 2001 777 2034 totalis
801 2001 966 2042 laesionis,
993 2002 1082 2035 nullo
1108 2012 1166 2034 un-

424 2063 518 2096 quam
545 2059 692 2097 tempore
710 2054 749 2087 de
767 2054 987 2097 subreptionis
1005 2055 1053 2087 vel
1073 2054 1165 2088 obre-

424 2107 546 2150 ptionis
559 2112 614 2140 aut
628 2107 786 2140 nullitatis
803 2107 890 2147 vitio,
902 2118 957 2141 seu
972 2107 1163 2141 intentionis

423 2164 563 2199 nostrae,
574 2161 623 2193 vel
642 2160 800 2193 interesse
818 2160 1007 2193 habentium
1030 2171 1165 2194 consen-

424 2212 499 2252 suS‚
524 2211 628 2245 aliove
654 2213 803 2255 quolibet
833 2213 930 2246 etiam
959 2214 1164 2256 quantumvis

423 2274 543 2307 magno
568 2270 600 2297 et
629 2265 833 2299 substantiali
865 2276 900 2299 ac
929 2266 1107 2309 incogitato
1134 2272 1164 2299 et

423 2315 672 2359 inexcogitabili
694 2317 955 2361 individuamque
981 2318 1164 2361 expressio-

423 2379 499 2402 nem
513 2369 699 2413 requirente
718 2370 844 2403 desectu
863 2370 980 2412 notari,
996 2371 1164 2413 impugna-

422 2422 477 2462 ri,
501 2421 654 2465 infringi,
683 2422 850 2455 invalidari
872 2450 879 2463 ,
908 2423 1096 2462 retractari,
1132 2424 1162 2455 iu

424 2475 678 2509 controversiam
704 2475 824 2515 vocari,
857 2481 912 2508 aut
942 2476 980 2508 ad
1008 2476 1162 2508 terminos

423 2528 502 2561 iuris
526 2527 636 2561 reduci
657 2555 663 2569 ,
686 2538 743 2561 seu
775 2528 930 2561 adversus
956 2528 1028 2561 illas
1055 2529 1162 2572 aperi-

423 2580 519 2615 tionis
549 2581 636 2621 oris,
672 2580 888 2615 restitutionis
922 2581 953 2613 in
980 2581 1162 2624 integrum,

1006 201 1188 226 ntJLtAmmt
1212 199 1297 224 ROMA
1303 201 1367 225 NUM

1207 250 1335 283 aliudve
1351 250 1578 293 quodcumque
1596 249 1686 290 iuris,
1706 250 1778 283 sacti
1804 249 1853 283 vel
1877 259 1948 293 gra·

1208 303 1270 336 tiae
1296 303 1478 336 remedium
1505 301 1658 335 intentari
1686 302 1736 335 vel
1769 301 1947 345 impetrari,

1207 360 1263 388 aut
1288 356 1470 399 impetrato,
1489 366 1546 388 seu
1574 354 1668 388 etiam
1689 359 1791 395 motu,
1812 354 1948 388 scientia

1207 414 1238 441 et
1273 409 1443 452 potestatis
1476 408 1680 452 plenitudine
1705 408 1841 451 paribus
1873 418 1948 440 cou-

1207 471 1298 494 cesso
1319 462 1367 494 vel
1394 467 1552 501 emanato,
1570 461 1757 504 quempiam
1776 461 1807 493 in
1826 461 1946 494 iudicio

1206 515 1254 547 vel
1281 520 1369 547 extra
1402 515 1480 547 illud
1515 515 1558 547 uti
1585 524 1702 547 sense
1735 514 1843 547 iuvare
1879 514 1947 547 ullo

1207 567 1302 599 modo
1326 577 1440 609 posse3
1480 567 1536 599 sed
1569 567 1655 610 ipsas
1682 571 1871 610 praesentes
1896 565 1949 599 lit-

1207 625 1291 652 teras
1316 631 1445 663 semper
1463 620 1583 660 armas,
1605 620 1727 653 validas
1753 625 1785 653 et
1802 620 1948 653 efficaces

1206 673 1343 706 existere
1369 678 1400 705 et
1429 673 1511 714 sore,
1545 684 1685 716 suosque
1717 673 1883 717 plenarios
1919 677 1950 704 et

1205 726 1350 769 integros
1380 726 1511 760 etl'eetus
1532 727 1640 760 sortiri
1667 731 1698 759 et
1722 726 1880 766 obtinere,
1913 736 1950 758 ac

1206 779 1244 811 ab
1271 779 1344 820 illis,
1365 780 1403 812 ad
1430 790 1511 823 quos
1530 785 1657 823 spectat
1678 785 1707 812 et
1723 790 1781 822 pro
1800 784 1948 822 tempore

1206 832 1476 875 quandocumque
1514 833 1687 875 spectabit,
1720 831 1950 865 inviolabiliter

1206 890 1237 917 et
1261 885 1453 918 inconcusse
1479 885 1664 925 observari,
1692 885 1801 928 sicque
1828 891 1858 918 et
1885 895 1949 918 nou

1207 937 1300 970 aliter
1332 937 1362 970 in
1405 938 1590 980 praemissis
1627 948 1686 981 per
1726 949 1948 982 quoscumque

1208 991 1329 1024 iudices
1362 992 1545 1025 ordinarios
1583 997 1615 1025 et
1650 992 1828 1034 delegatos,
1854 992 1949 1025 etiam

1207 1055 1373 1077 causarum
1399 1045 1510 1088 palatii
1530 1045 1698 1089 apostolici
1718 1045 1895 1085 auditores,
1915 1055 1950 1078 ae

1208 1097 1312 1130 dictae
1339 1103 1471 1131 sanctae
1498 1098 1663 1131 Romanae
1688 1098 1851 1131 Ecclesiae
1881 1107 1949 1131 car-

1208 1151 1344 1192 dinales,
1373 1151 1469 1184 etiam
1489 1152 1526 1184 de
1546 1152 1649 1184 latere
1668 1152 1793 1194 legatos
1813 1157 1950 1194 etprae-

1209 1205 1289 1238 fatae
1315 1205 1406 1238 Sedis
1436 1205 1591 1244 nuncios,
1630 1205 1751 1238 aliosve
1787 1204 1951 1249 quoslibet

1208 1268 1410 1302 quacumque
1439 1257 1697 1301 praeeminentia
1733 1263 1765 1291 et
1788 1262 1949 1301 potestate

1208 1311 1379 1353 fungentes
1407 1316 1439 1343 et
1470 1311 1639 1343 suncturos
1659 1338 1666 1351 ,
1696 1310 1821 1343 sublata
1847 1310 1893 1343 eis
1920 1313 1951 1344 et

1208 1374 1317 1396 eorum
1343 1363 1479 1397 cuilibet
1512 1363 1624 1406 quavis
1659 1363 1753 1396 aliter
1785 1362 1948 1396 iudicandi

1208 1423 1239 1450 et
1264 1416 1497 1460 interpretandi
1523 1417 1675 1450 facultate
1701 1421 1732 1449 et
1749 1416 1947 1457 auctoritate,

1208 1469 1343 1502 iudicari
1370 1476 1402 1503 et
1427 1469 1553 1502 definiri
1580 1470 1725 1509 debere;
1753 1480 1789 1502 ac
1821 1469 1948 1502 irritum

1208 1528 1240 1555 et
1263 1523 1359 1556 inane
1385 1523 1410 1556 si
1436 1533 1528 1556 secus
1551 1533 1650 1566 super
1668 1522 1718 1555 his
1736 1533 1753 1556 a
1771 1533 1948 1567 quoquam,

1208 1576 1318 1620 quavis
1345 1577 1563 1615 auctoritate,
1598 1576 1737 1610 scienter
1770 1577 1819 1609 vel
1854 1576 1949 1620 igno-

1208 1635 1277 1671 ter,
1303 1629 1478 1672 contigerit
1503 1630 1666 1662 attentari.

1252 1683 1266 1726 ἓ
1291 1682 1322 1715 5.
1353 1682 1424 1715 Non
1446 1682 1654 1715 obstantibus
1679 1683 1876 1726 praemissis
1902 1693 1947 1723 ac,

1209 1741 1367 1779 quatenus
1392 1746 1474 1779 opus
1499 1736 1548 1775 sit,
1575 1738 1687 1769 nostra
1719 1741 1750 1768 et
1782 1735 1949 1770 Cancella-

1209 1789 1275 1821 riae
1294 1789 1501 1832 Apostolicae
1524 1790 1638 1832 regula
1655 1790 1694 1822 de
1713 1789 1781 1822 iure
1800 1789 1947 1832 quaesito

1209 1852 1274 1875 non
1301 1843 1457 1883 tollendo,
1477 1842 1614 1886 aliisque
1631 1842 1829 1885 apostolicis,
1854 1853 1891 1876 ac
1916 1842 1948 1876 in

1209 1895 1445 1928 universalibus
1463 1895 1785 1939 provincialibusque
1804 1900 1835 1928 et
1853 1906 1948 1940 syno-

1209 1949 1335 1981 dalibus
1360 1948 1505 1981 conciliis
1531 1948 1639 1988 editis,
1663 1948 1872 1991 generalibus
1897 1949 1949 1982 vel

1208 2001 1414 2045 specialibus,
1439 2000 1729 2034 constitutionibus
1765 2006 1797 2034 et
1822 2000 1950 2035 ordina-

1208 2054 1362 2095 tionibus,
1401 2064 1509 2087 nenon
1547 2064 1825 2098 quorumcumque
1858 2053 1950 2087 Ordi-

1207 2118 1294 2147 num,
1331 2108 1634 2150 congregationum,
1671 2108 1891 2141 institutorum
1917 2112 1950 2140 et

1208 2160 1411 2199 societatum,
1442 2160 1537 2193 etiam
1575 2160 1654 2200 Iesu,
1693 2171 1728 2193 ac.
1761 2160 1947 2203 quorumvis

1206 2213 1489 2253 monasteriorum,
1530 2218 1758 2253 conventuum,
1795 2212 1948 2246 ecelesia·

1207 2276 1287 2305 rum,
1313 2267 1461 2299 locorum
1481 2266 1618 2308 piorum,
1639 2265 1751 2298 aliisve
1770 2264 1947 2308 quibusvis,

1207 2319 1303 2350 etiam
1333 2319 1528 2360 iuramento,
1554 2318 1800 2351 confirmatione
1819 2323 1949 2361 aposto-

1206 2370 1279 2411 lica,
1305 2372 1353 2403 vel
1379 2371 1489 2414 quavis
1511 2370 1662 2404 firmitate
1680 2371 1741 2404 alia
1767 2371 1946 2412 roboratis,

1206 2423 1331 2456 statutis
1356 2428 1387 2456 et.
1413 2424 1702 2457 consuetudinibus
1730 2435 1765 2457 ae
1790 2424 1950 2468 praescri-

1206 2476 1372 2519 ptionibus
1392 2481 1686 2520 quantumcumque
1700 2477 1899 2520 longissimis
1917 2482 1949 2510 et

1206 2528 1528 2568 immemorabilibus,
1545 2529 1726 2572 privilegiis
1742 2539 1886 2573 quoque,
1900 2529 1948 2562 in-

1207 2581 1302 2615 dultis
1335 2586 1363 2614 et
1388 2581 1506 2615 litteris
1530 2582 1725 2625 apostolicis
1762 2581 1946 2624 Ordinibus,

1952 200 2002 228 An.
2024 199 2140 229 c.1713

1984 1689 2142 1713 Contrariorum

1961 1716 2076 1743 derogatio.
