2269 3203
560 438 1275 533 CLEMENS
1403 439 1596 532 XI·

928 615 1032 648 PAPA
1058 614 1209 648 CCXLYII

463 747 477 759 ο
725 732 775 766 Ab
800 741 887 764 anno
911 742 997 766 :inec
1023 731 1065 765 ad
1090 742 1215 765 annum
1241 741 1393 766 uocem.

96 1026 148 1054 An.
165 1026 193 1053 C.
217 1026 284 1054 1700
298 981 465 1057 Cumas
489 1019 544 1060 XI,
570 1019 723 1060 Urbinas,
748 1020 884 1053 loannes
909 1019 1040 1052 Franci-

295 1088 368 1111 scus
394 1083 490 1111 antea
514 1083 658 1118 vocatus,
678 1077 783 1111 Caroli
803 1077 917 1111 Albani
941 1077 1038 1117 tilius,

293 1137 325 1170 S.
345 1136 384 1169 R.
403 1136 439 1169 E.
467 1135 643 1169 cardinalis
669 1136 752 1168 tituli
778 1135 810 1169 S.
834 1135 981 1168 Silvestri
1008 1134 1040 1167 in

293 1194 403 1238 Capite
423 1221 431 1235 ,
466 1194 616 1227 Summus
642 1194 789 1227 Pontifex
825 1195 948 1227 clectus
981 1193 1041 1226 suit

294 1262 380 1286 anno
405 1261 506 1292 Μῦες,
535 1251 586 1285 die
611 1263 687 1285 xxm
714 1252 920 1292 novembris·‚
947 1255 1062 1284 coro-¹

294 1316 388 1344 natus
415 1321 491 1344 vero
518 1310 570 1343 die
595 1320 654 1343 ΠΗ
680 1309 883 1350 decembris3
906 1309 1042 1342 creavit-

295 1379 359 1412 que
390 1368 575 1402 cardinales
610 1378 680 1401 Lxx.
709 1368 792 1400 Vixit
817 1378 921 1401 annos
947 1378 1039 1408 mxl,
1061 1378 1062 1381 ’

295 1437 426 1460 menses
450 1437 511 1467 vu,
539 1426 608 1459 dics
633 1437 708 1467 xxm
736 1426 822 1459 sedit
848 1431 957 1459 autem
986 1437 1042 1459 an-

295 1497 357 1520 nos
381 1497 430 1526 xx,
456 1496 588 1519 menses
614 1496 661 1525 111,
680 1486 748 1518 dics
772 1496 857 1519 xxvi.
881 1485 967 1518 Obiit
989 1486 1041 1519 die

295 1555 347 1578 xlx
377 1544 487 1577 martii
520 1544 597 1577 anni
631 1553 794 1584 nnccxm,
831 1550 862 1576 et
893 1545 1042 1587 sepultus

297 1601 357 1634 suit
379 1601 413 1634 in
438 1601 575 1635 Basilica
599 1601 760 1634 Vaticana.
788 1601 919 1635 Yacavit
942 1602 1042 1635 Sedes

299 1670 442 1694 mensem
468 1671 495 1701 1,
521 1660 589 1693 dies
614 1671 665 1693 xx.

664 1817 687 1849 I.

301 1898 528 1933 Conceduntur
550 1898 681 1941 qratz‘ae
710 1903 739 1930 et
768 1899 946 1942 prz‘vileglia
970 1910 1044 1933 con-

343 1952 488 1986 clavz'stis
509 1953 667 1996 postremi
691 1952 887 1984 conclaris¹.

515 2033 651 2060 Clemens
681 2033 762 2066 Papa
782 2033 830 2059 XI.

609 2109 743 2134 URBIS.

346 2164 440 2207 Moru
465 2182 611 2212 PROPRIO,
631 2178 691 2205 etc.
714 2171 779 2205 Nos
803 2173 950 2205 volentes
977 2173 1046 2214 (re-

304 2227 396 2271 liqua
430 2231 467 2260 ut
496 2228 532 2259 in
562 2227 733 2261 Clementis
757 2227 788 2260 X
819 2227 1048 2259 constitutione

303 2280 391 2314 edito
414 2289 557 2321 ametxx,
584 2280 637 2313 die
660 2291 759 2314 xxviii
788 2281 888 2320 maii,
914 2280 1048 2323 pontifi-

305 2339 394 2368 cacus
419 2334 462 2378 1).

152 2189 254 2210 Concedit
269 2192 292 2211 ut

108 2217 130 2238 In
145 2217 239 2238 rubrica.

767 2379 845 2412 Fiat
870 2379 892 2412 l.
921 2378 955 2411 F.

341 2469 353 2494 1
375 2467 415 2495 Ab
435 2467 595 2496 Innocentio
613 2467 659 2496 ΧΠ
685 2475 815 2496 concessa
843 2467 920 2495 fuere
950 2467 1049 2495 similia
1068 2475 1069 2491 1
1361 2496 1366 2500 ,
1775 2493 1780 2497 .

1067 2500 1069 2532 l
1091 2498 1214 2529 clericus
1243 2497 1403 2532 Lucensis,
1428 2495 1547 2525 Carolus
1576 2493 1721 2532 Regnault
1745 2493 1836 2523 laicus

306 2512 449 2548 privilegia
478 2512 586 2539 constit.
616 2512 681 2540 edit.
702 2519 820 2548 uncxcl,
843 2512 887 2539 die.
909 2514 940 2539 15
969 2513 1047 2545 iulii,

307 2556 404 2592 pontif.
423 2563 451 2590 13
473 2561 499 2584 et
527 2557 561 2584 ab
591 2557 749 2584 Innocentio
769 2557 829 2585 xtlt
849 2557 959 2586 constit.
981 2557 1046 2586 edit.

308 2607 436 2636 unccxxt,
457 2600 500 2629 die
521 2601 554 2629 18
573 2602 647 2636 maii,
668 2602 765 2638 pontif.
786 2610 806 2629 1.

411 2654 491 2684 Butt.
512 2655 596 2684 Rom.
619 2670 652 2677 ·-
674 2656 734 2683 Vol.
755 2655 830 2684 XXI.
979 2656 989 2683 1

1118 1018 1234 1050 Datum
1247 1017 1383 1057 Rornae,
1401 1017 1485 1060 apud
1504 1015 1534 1050 S.
1551 1015 1692 1055 Petrum,
1707 1025 1735 1048 vl
1750 1014 1822 1048 idus
1836 1019 1883 1046 An.
1902 1017 1928 1044 C.
1954 1017 2021 1044 1700

1083 1070 1282 1110 decembris,
1309 1080 1394 1103 anno
1421 1080 1443 1104 1.

1117 1130 1180 1156 Dat.
1201 1128 1245 1156 die
1261 1129 1277 1157 8
1294 1128 1447 1155 decembris
1467 1128 1544 1162 1700,
1563 1128 1659 1163 pontif.
1681 1135 1753 1154 anno
1768 1135 1788 1154 1.

1136 1202 1253 1232 Nomina
1276 1206 1367 1231 autem
1392 1202 1511 1240 ipsorum
1535 1200 1764 1230 conclavistarum

1242 1255 1305 1279 sunt
1327 1251 1392 1280 haec
1414 1260 1482 1290 quae
1504 1255 1667 1289 sequuntur.

1123 1313 1227 1343 Petrus
1249 1313 1370 1344 Sanctes
1387 1312 1421 1342 de
1437 1312 1578 1343 Fantibus
1602 1312 1755 1352 presbyter
1777 1313 1827 1343 Ca-

1085 1363 1272 1399 merinensis,
1289 1362 1377 1392 abbas
1400 1362 1444 1393 Ss.
1461 1362 1570 1392 Felicis
1584 1367 1611 1392 et
1626 1362 1750 1392 Adaucti
1769 1362 1829 1392 Fir-

1083 1422 1187 1442 manae
1210 1412 1374 1448 dioecesis,
1398 1411 1546 1442 Candidus
1569 1411 1686 1442 Cassina
1710 1411 1829 1451 presby-

1083 1467 1127 1493 ter
1150 1462 1378 1493 Novocomensis
1392 1486 1399 1500 ,
1424 1462 1583 1492 canonieus
1606 1461 1730 1500 insignis
1752 1461 1830 1491 basi-

1083 1513 1157 1542 licae
1181 1511 1209 1542 S.
1235 1512 1342 1541 Mariae
1374 1510 1618 1550 Transtyberim,
1648 1510 1830 1540 lastinianus

1083 1561 1271 1601 Chiapponus
1291 1561 1325 1590 de
1342 1561 1484 1598 Rossana,
1509 1560 1660 1599 presbyter
1682 1560 1829 1598 Rhegien-

1084 1612 1135 1649 sis,
1147 1615 1307 1650 perpetuus
1323 1609 1516 1640 beneficiatus
1530 1609 1669 1639 basilicae
1684 1609 1830 1649 Principis

1084 1660 1289 1700 Apostolorum
1313 1659 1347 1689 de
1372 1659 1464 1697 L'rbe,
1488 1659 1690 1689 Bernardinus
1713 1658 1828 1695 Portus,

1085 1709 1236 1750 presbyter
1257 1709 1451 1739 Bononiensis
1465 1732 1472 1745 ,
1491 1713 1650 1748 perpetuus
1673 1708 1832 1738 beneficia-

1086 1764 1131 1789 tus
1153 1758 1293 1789 basilicae
1309 1758 1514 1788 Lateranensis
1528 1782 1535 1796 ‚
1560 1757 1664 1787 Petrus
1685 1757 1831 1788 Orlandus

1087 1807 1237 1848 presbyter
1252 1808 1413 1842 Romanus,
1430 1806 1590 1836 canonicus
1606 1807 1773 1846 praedictae
1788 1807 1833 1836 in-

1064 1865 1066 1879 t
1086 1858 1178 1896 signis
1200 1857 1339 1886 basilicae
1356 1856 1385 1886 S.
1404 1856 1509 1886 Mariae
1524 1855 1758 1895 Transtrberim,
1776 1855 1831 1885 Leo

1086 1906 1238 1943 Battellus‚
1256 1905 1410 1945 presbyter
1427 1905 1587 1941 Romanus,
1606 1909 1765 1943 perpetuus
1783 1903 1833 1934 be-

1064 1955 1067 1990 ῖ,
1087 1955 1243 1985 neficiatus
1266 1954 1429 1994 praedictae
1452 1953 1590 1983 basilicae
1614 1953 1832 1991 LateranensiS,

1088 2004 1220 2042 magistri
1243 2002 1516 2034 caeremoniarum:
1540 2001 1634 2032 Guido
1660 2002 1833 2032 Passioneus

1089 2054 1215 2084 clericus
1247 2051 1577 2091 Forosemproniensis,
1608 2051 1686 2081 sacri
1717 2051 1834 2089 collegii

1066 2117 1068 2148 ᾗ
1089 2103 1276 2137 secretarius,
1291 2101 1380 2131 abbas
1392 2100 1420 2131 S.
1436 2101 1543 2131 Mariae
1556 2100 1707 2130 dennuni
1722 2100 1834 2130 nullius

1066 2159 1068 2186 ;
1089 2162 1140 2182 seu
1152 2151 1328 2181 Feretranae
1341 2151 1495 2188 dioecesis,
1509 2150 1749 2180 Bartholomaeus
1761 2149 1835 2179 Mas-

1089 2212 1173 2233 sacus
1196 2202 1276 2241 prior
1298 2200 1327 2231 S.
1350 2200 1429 2230 Petri
1452 2200 1482 2230 in
1505 2200 1637 2229 Marsano
1660 2199 1784 2229 clericus
1800 2199 1835 2229 de

1089 2253 1184 2283 Monte
1202 2252 1293 2282 Ponte
1316 2250 1472 2287 Pontiano,
1496 2249 1600 2288 Ioseph
1626 2249 1762 2287 Maganza
1779 2249 1836 2278 cle-

1067 2296 1166 2355 {ricus
1199 2300 1331 2330 abbatiae
1361 2299 1390 2329 S.
1415 2299 1518 2328 Hilarii
1550 2298 1660 2328 nullius
1693 2297 1835 2328 dioecesis

1067 2357 1069 2378 t
1090 2350 1259 2391 provinciae
1282 2348 1540 2386 Ravennatensis,
1564 2347 1657 2377 nostri
1680 2346 1750 2376 dum
1773 2355 1836 2376 car-

1090 2400 1237 2430 dinalatus
1270 2399 1380 2428 honore
1412 2396 1625 2435 fungebamur:
1659 2395 1779 2426 Carolus
1801 2395 1836 2425 de

1089 2449 1171 2481 Serte
1202 2448 1328 2478 clericus
1354 2446 1528 2482 Parisinus,
1552 2444 1673 2475 Iacobus
1695 2444 1836 2474 Sardinus

1090 2546 1344 2585 Rothomagensis‚
1371 2544 1571 2576 Emmanuelis
1594 2542 1749 2574 Theodosii
1765 2542 1837 2573 Por-

1091 2597 1203 2628 tuensis
1215 2595 1370 2634 Bullioni13
1387 2594 1532 2627 Antonius
1544 2592 1738 2625 Mancinellus
1755 2600 1836 2631 pres-
