2269 3203
241 238 291 265 An.
311 237 339 261 c.
363 234 430 262 1718
477 226 540 259 800

438 283 608 317 ecclesiam
635 287 668 315 ut
688 281 872 326 praefertur
890 285 1030 320 erectae,
1045 284 1117 312 actu
1137 278 1178 310 in-

438 337 587 377 servient,
612 347 647 369 ac
672 336 755 368 intra
781 335 849 368 eius
876 340 967 377 septa
992 338 1024 365 et
1048 332 1177 365 domum

439 390 642 430 residebunt,
669 394 700 422 et
725 389 785 422 sub
811 387 918 430 magni
944 385 1064 429 prioris
1090 394 1179 428 prae-

439 444 514 477 dicti
541 442 733 476 obedientia
759 441 881 482 vivent,
908 440 946 472 ab
973 437 1062 471 omni
1088 437 1181 470 iuris-

439 497 594 536 dictione,
620 494 866 540 superioritate,
902 492 1097 532 visitatione,
1124 490 1181 523 do-

439 550 538 583 minio
569 554 602 582 et
634 553 792 592 potestate
831 545 1022 590 quorumvis
1059 544 1181 587 episco-

438 614 579 646 porum,
606 600 947 643 archiepiscoporum,
975 597 1179 639 aliorumque

438 657 581 689 locorum
605 653 854 688 Ordinariorum
890 651 1041 684 similiter
1065 660 1181 693 perpe-

439 714 492 741 tuo
517 707 647 751 penitus
674 711 705 738 et
729 705 863 738 omnino
890 704 987 737 etiam
1013 703 1045 736 in
1066 702 1179 735 habitu

439 760 635 804 amplissime
664 758 832 792 eximimus
858 762 891 791 et
908 757 1093 795 liberamus,
1114 755 1180 789 illa-

439 825 501 857 que
526 824 561 846 ac
587 813 660 845 illos
696 811 878 855 respecti-ve
904 810 980 843 dicti
1016 808 1179 842 Francisci

439 866 528 900 ducis
563 871 594 899 et
625 865 733 908 magni
768 863 914 907 magistri
948 873 1003 895 seu
1030 861 1179 905 perpetui

438 918 722 958 administratoris,
742 917 890 961 eiusque,
910 921 940 950 et
957 916 1011 959 qui
1029 925 1087 958 pro
1107 921 1179 947 tem-

439 984 517 1017 pore
543 972 707 1006 extiterint
735 972 766 1004 in
792 980 929 1003 munere
950 969 1097 1001 eiusdem
1115 977 1180 1000 suc-

439 1037 617 1066 cessorum,
632 1024 860 1063 iurisdictioni‚
878 1021 1101 1064 visitationiget
1115 1030 1180 1053 eor-

438 1079 576 1113 rectioni
604 1079 635 1111 in
653 1076 875 1121 spiritualibus
895 1081 926 1108 et
945 1073 1179 1118 temporalibus

440 1132 627 1165 immediate
646 1132 744 1174 pleno
765 1130 835 1162 iure
855 1139 890 1162 ac
911 1128 941 1160 in
962 1133 1067 1161 toturn
1086 1126 1181 1160 subii-

440 1186 539 1219 cimus
565 1191 597 1218 et
628 1184 841 1228 supponimus
874 1182 1100 1225 (declarantes
1137 1186 1180 1213 ta-

439 1250 514 1272 men
540 1250 576 1271 ac
595 1238 811 1271 decernentes
830 1236 917 1279 quod
936 1235 1019 1267 idem
1044 1244 1179 1276 magnus

439 1291 597 1335 magister
632 1301 690 1324 seu
729 1294 908 1333 perpetuus
937 1288 1182 1321 administrator

440 1356 499 1389 pro
527 1351 672 1388 tempore
699 1343 852 1382 existens,
880 1342 912 1374 in
938 1341 1042 1374 causis
1061 1346 1124 1373 tam
1143 1340 1181 1373 ci-

440 1399 555 1432 vilibus
594 1408 689 1442 quam
727 1395 949 1429 criminalibus
986 1395 1037 1428 vel
1074 1393 1181 1427 mixtis

440 1453 580 1485 militum
606 1460 900 1495 quorumcumque,
926 1458 1056 1481 necnon
1087 1446 1182 1480 mini-

441 1513 580 1540 strorum
596 1505 798 1547 aliorumque
817 1502 1003 1547 praedictae
1022 1500 1181 1534 ecclesiae

442 1562 477 1595 B.
513 1560 630 1593 Mariae
670 1558 757 1591 della
791 1557 937 1590 Sceccata
976 1559 1181 1598 nuncupatae

441 1613 474 1646 in
500 1612 705 1655 collegialem
730 1621 787 1644 seu
808 1609 1060 1643 conventualem
1077 1608 1183 1641 dictae

439 1667 573 1700 Militiae
598 1665 768 1699 ecclesiam
789 1668 821 1696 ut
847 1663 1032 1707 praefertur
1055 1666 1182 1695 erectae

442 1718 690 1752 inservientium
707 1744 715 1758 ,
742 1716 795 1760 qui
821 1715 964 1749 clericali
995 1715 1183 1748 charactere

443 1771 612 1816 praedicto
639 1769 797 1813 insigniti,
823 1774 877 1802 aut
901 1769 934 1800 in
960 1768 1069 1811 aliquo
1085 1777 1121 1800 ex
1141 1777 1185 1799 sa-

442 1826 504 1858 cris
530 1824 698 1858 ordinibus
723 1821 902 1862 constituti,
928 1826 962 1853 ut
987 1820 1183 1864 praefertur,

442 1877 621 1922 respective
647 1876 778 1916 suerint,
804 1876 894 1908 nullo
920 1875 1015 1908 modo
1030 1884 1064 1907 se
1082 1874 1184 1907 immi-

442 1942 536 1965 scere
562 1930 673 1975 possit,
696 1940 755 1963 nec
773 1929 911 1969 debeat·,
938 1928 995 1961 sed
1022 1927 1182 1961 eiusmodi

443 1995 574 2025 causas,
609 1983 878 2027 quotiescumque
912 1991 949 2014 ac
983 1980 1182 2024 ubicumque

444 2048 534 2071 casus
567 2035 731 2077 evenerit,
769 2033 1016 2078 cognoscendas
1053 2032 1183 2077 sineque

445 2090 556 2125 debito
583 2090 804 2124 terminandas
825 2087 1024 2122 committere
1042 2097 1078 2120 ac
1095 2087 1183 2121 dele-

444 2155 521 2188 gare
548 2149 699 2178 teneatur
734 2153 853 2186 niagno
879 2141 980 2185 priori
1004 2141 1183 2185 praedicto,

443 2199 491 2231 vel
518 2197 589 2231 aliis
614 2197 771 2240 personis,
798 2196 945 2239 praefato
965 2201 1072 2228 tamen
1090 2195 1184 2228 cleri-

444 2251 504 2285 cali
531 2251 718 2283 charactere
744 2249 917 2292 insignitis,
945 2259 1000 2281 seu
1022 2248 1055 2281 in
1074 2248 1182 2291 aliquo

444 2316 481 2337 ex
507 2304 607 2337 sacris
633 2303 803 2336 ordinibus
828 2302 1002 2346 praedictis
1021 2307 1052 2335 et
1081 2302 1113 2334 in
1133 2312 1184 2335 ec-

444 2357 621 2390 clesiastica
646 2356 800 2399 dignitate
826 2354 1183 2394 constitutis,eiusdem

443 2410 551 2452 magni
575 2409 721 2452 magistri
740 2420 797 2441 scu
816 2408 965 2452 perpetui
982 2407 1181 2441 administra—

445 2464 523 2497 toris
550 2462 684 2495 arbitrio
711 2462 890 2505 eligendis,
916 2466 948 2494 et
973 2471 1039 2494 non
1065 2460 1182 2504 alias);

442 2518 486 2550 ita
512 2517 596 2561 quod
627 2517 778 2549 locorum
808 2515 969 2548 Ordinarii
1004 2514 1125 2558 aliique
1150 2524 1183 2547 o-

443 2581 536 2603 mnes
555 2575 586 2602 et
603 2569 720 2612 singuli
735 2568 891 2612 praedicti
911 2568 1032 2601 nullam
1047 2567 1080 2600 in
1095 2578 1182 2600 com-

443 2623 595 2666 mendas,
628 2623 771 2666 capcllas
806 2627 837 2656 et
871 2621 1024 2656 ecclesias
1053 2622 1181 2665 praedi-

1022 231 1200 255 BULLAntUit
1227 229 1382 253 ROMANUM

1222 282 1299 317 ctas,
1328 286 1504 320 earumque
1529 277 1635 316 bona,
1660 275 1806 308 redditus
1831 280 1863 308 et
1886 285 1962 318 pro-

1221 334 1359 369 ventus,
1395 339 1522 362 necnon
1564 328 1596 360 in
1632 328 1777 369 milites,
1818 328 1962 372 aliasque

1222 393 1383 425 personas
1408 382 1595 426 praedictas
1622 380 1801 424 respective
1834 380 1962 414 iurisdi-

1223 435 1375 475 ctionem,
1401 434 1678 478 superioritatem,
1705 433 1886 466 dominium
1911 434 1962 467 vel

1223 492 1430 531 potestatem,
1456 488 1551 520 etiam
1581 486 1707 519 ratione
1732 486 1963 530 cuiuscumque

1224 545 1418 580 contractus,
1440 550 1569 573 necnon
1596 537 1738 572 cuiusvis
1764 539 1895 581 generis
1915 539 1964 572 de-

1224 592 1307 633 licti,
1336 593 1433 625 etiam
1464 593 1615 626 turbatae
1648 591 1882 625 iurisdictionis
1913 593 1963 625 vel

1225 645 1358 679 alterius
1384 646 1481 679 etiarn
1507 645 1663 689 gravioris
1692 644 1814 688 speciei
1839 650 1871 677 et
1895 655 1965 688 spe-

1225 698 1340 732 cialem
1366 698 1565 732 mentionem
1590 698 1805 742 requirentis,
1822 699 1871 731 vel
1887 699 1965 731 alte-

1225 751 1291 784 rius
1324 751 1391 792 rei,
1422 751 1620 795 ubicumque
1655 752 1803 784 locorum
1838 750 1965 784 ineatur

1224 809 1419 845 contractus,
1445 803 1664 837 committatur
1681 803 1844 844 delictum,
1864 808 1896 836 et
1914 813 1965 836 res

1224 858 1295 901 ipsa
1320 857 1488 898 consistat,
1510 866 1660 890 exercere
1677 857 1814 897 valeant,
1831 856 1890 889 sed
1906 856 1965 889 mi-

1225 911 1298 943 lites
1314 921 1349 943 ac
1364 910 1418 943 alii
1433 920 1547 943 omnes
1563 909 1749 943 huiusmodi
1768 920 1877 943 coram
1895 910 1965 943 solo

1225 974 1343 1006 magno
1369 963 1523 1007 magistro
1549 973 1606 996 seu
1638 968 1800 1006 perpetuo
1829 963 1966 996 admini-

1225 1023 1361 1051 stratore
1386 1028 1474 1051 nunc
1499 1023 1531 1050 et
1555 1028 1615 1061 pro
1639 1022 1785 1061 tempore
1806 1017 1966 1050 existente

1225 1072 1404 1115 praedicto,
1424 1077 1586 1115 tamquam
1601 1071 1735 1114 proprio
1751 1080 1862 1104 eorum
1877 1069 1967 1104 Ordi-

1225 1125 1326 1166 nario,
1337 1130 1391 1158 aut
1405 1124 1474 1158 aliis
1489 1124 1631 1158 clericali
1645 1124 1833 1157 charactere
1842 1124 1966 1168 praedi·

1225 1186 1275 1214 cto
1293 1179 1466 1223 insignitis,
1481 1190 1539 1212 seu
1559 1180 1592 1212 in
1610 1179 1722 1223 aliquo
1748 1189 1783 1212 ex
1803 1179 1902 1212 sacris
1920 1190 1968 1213 or-

1226 1234 1357 1267 dinibus
1374 1232 1551 1276 praedictis
1574 1238 1606 1266 et
1629 1232 1662 1265 in
1683 1231 1900 1266 ecclesiastica
1924 1232 1967 1265 di-

1226 1287 1347 1330 gnitate
1366 1286 1563 1327 constitutis,
1578 1285 1616 1318 ab
1635 1286 1751 1319 eodem
1766 1296 1883 1329 magno
1901 1297 1967 1320 ma-

1227 1341 1329 1384 gistro
1363 1350 1420 1373 seu
1449 1345 1608 1383 perpetuo
1640 1339 1905 1373 administratore
1932 1345 1967 1373 ut

1226 1405 1324 1438 supra
1350 1393 1542 1437 deputandis
1574 1393 1737 1437 personis,
1767 1393 1964 1437 respective,

1227 1448 1361 1481 omnino
1377 1447 1535 1490 privative
1551 1446 1659 1490 quoad
1674 1446 1864 1480 Ordinarios
1878 1447 1967 1480 loco-

1227 1512 1297 1534 rum
1323 1501 1472 1544 aliosque
1498 1510 1611 1533 omnes
1644 1504 1675 1532 et
1699 1499 1847 1542 singulos
1873 1510 1967 1543 prae-

1228 1555 1345 1595 dictos,
1373 1554 1406 1586 in
1431 1552 1519 1586 omni
1545 1556 1578 1585 et
1603 1562 1810 1596 quocumque
1830 1562 1905 1586 casu
1920 1563 1968 1586 re-

1226 1607 1388 1652 spondere
1400 1606 1549 1646 debeant;
1564 1606 1787 1646 decernentes
1799 1616 1968 1650 quoscum-

1227 1672 1289 1705 que
1315 1670 1489 1705 processus
1521 1664 1635 1692 contra
1660 1659 1735 1692 illos
1768 1660 1818 1692 vel
1855 1669 1967 1693 eorum

1227 1714 1367 1758 aliquem
1392 1723 1452 1757 per
1476 1713 1563 1756 ipsos
1587 1713 1735 1746 locorum
1761 1712 1963 1755 Ordinarios,

1228 1769 1277 1801 vel
1304 1769 1434 1801 illorum
1458 1766 1616 1806 vicarios,
1648 1776 1704 1800 seu
1730 1765 1858 1809 quosvis
1882 1765 1965 1799 alios

1227 1821 1414 1865 praedictos
1450 1820 1546 1853 etiam
1584 1819 1617 1852 in
1642 1829 1718 1852 casu
1742 1818 1966 1862 negligentiae

1228 1874 1336 1918 magni
1357 1873 1503 1917 magistri
1521 1883 1576 1906 seu
1594 1871 1744 1915 perpetui
1763 1872 1966 1906 administra-

1230 1929 1307 1963 toris
1321 1928 1371 1961 vel
1384 1927 1490 1970 magni
1506 1925 1625 1970 prioris
1638 1925 1890 1970 praedictorum,
1905 1936 1965 1970 pro

1229 1988 1376 2025 tempore
1395 1981 1507 2020 factos,
1534 1989 1663 2013 necnon
1680 1978 1829 2012 similiter
1848 1980 1966 2023 quasli-

1227 2037 1284 2070 bet
1309 2034 1406 2069 etiam
1437 2032 1780 2066 excommunicationis
1812 2033 1863 2066 vel
1893 2043 1964 2066 sus-

1227 2088 1406 2134 pensionis,
1425 2087 1569 2131 aliasque
1588 2086 1764 2120 sententias
1782 2087 1966 2129 promulga-

1226 2149 1284 2183 tas,
1311 2142 1418 2175 nullas
1443 2147 1474 2174 et
1498 2139 1674 2180 invalidas,
1705 2139 1891 2182 nulliusque
1917 2150 1966 2174 ro-

1226 2197 1315 2230 boris
1339 2197 1389 2229 vel
1414 2193 1569 2228 momenti
1595 2194 1683 2234 sore;
1708 2203 1775 2226 non
1799 2192 1963 2235 obstante,

1228 2249 1332 2294 quoad
1346 2248 1455 2282 omnia
1472 2246 1647 2291 praedicta,
1666 2246 1762 2279 etiam
1782 2245 1816 2278 in
1834 2246 1965 2280 alterius

1228 2314 1323 2348 quam
1349 2301 1458 2345 magni
1483 2299 1629 2343 magistri
1654 2309 1709 2333 seu
1735 2300 1887 2343 perpetui
1914 2300 1966 2334 ad—

1226 2354 1455 2389 ministratoris
1480 2354 1587 2387 eiusve
1613 2352 1757 2395 deputati
1782 2353 1830 2385 vel
1855 2353 1964 2396 magni

1227 2408 1345 2452 prioris
1360 2407 1600 2451 praedictorum
1614 2405 1871 2440 iurisdictionem
1889 2416 1965 2449 quo-

1227 2461 1408 2495 modolibet
1438 2470 1498 2503 per
1529 2458 1650 2492 milites
1683 2458 1825 2502 aliasque
1851 2469 1964 2502 perso-

1227 2525 1285 2547 nas
1322 2513 1512 2547 huiusmodi
1548 2512 1744 2556 praestando
1781 2521 1962 2553 consensu,

1228 2578 1325 2611 quem
1361 2577 1426 2600 non
1458 2566 1568 2599 valere
1601 2575 1663 2599 nee
1694 2565 1817 2598 attendi
1843 2565 1963 2599 debere

1227 2620 1377 2655 similiter
1403 2619 1609 2654 decernimus
1635 2624 1666 2653 et
1692 2618 1905 2653 declaramus.

1969 228 2015 252 An.
2036 226 2066 251 C.
2089 225 2155 269 1718
