2269 3203
75 235 125 262 An.
141 233 170 261 C.
193 234 257 261 1701

884 228 1028 252 crearas

273 284 337 316 una
373 293 445 315 cum
480 280 636 324 praelatis
671 278 916 311 coadiutoribus
951 276 1016 309 suis

271 335 492 369 visitationem
518 332 705 366 huiusmodi
741 337 804 364 tam
833 331 863 364 in
891 330 1016 363 eisdem

273 387 552 434 patriarchalibus
570 397 666 430 quam
684 386 717 418 in
736 386 809 418 aliis
831 383 1016 427 collegiatis

272 449 304 476 et
329 442 396 475 sere
423 441 574 474 omnibus
603 438 852 484 parochialibus
869 437 1016 470 ecclesiis

272 506 309 529 ac
344 495 377 528 in
413 494 526 528 multis
559 492 769 526 monasteriis
807 490 1015 534 regularium,

272 556 335 582 tam
363 549 508 582 virorum
534 559 630 591 quam
657 547 854 585 mulierum,
885 554 1019 578 necnon

271 601 428 644 collegiis,
446 601 676 645 hospitalibus,
692 598 1019 633 confraternitatibus

272 662 304 690 et
331 656 403 690 aliis
437 655 518 688 locis
551 654 614 698 piis
647 654 752 687 dictae
778 653 873 686 [rbis
906 657 1019 696 postea

272 709 439 753 prosecuti
459 708 588 748 ruerint,
608 707 868 750 salutaribusque
886 705 1019 738 monitis

272 769 306 797 et
331 763 484 803 decretis,
513 763 568 795 ubi
601 773 682 805 opus
708 761 775 799 suit,
798 759 1018 804 providerint,

271 816 415 849 visitatio
435 822 540 848 tamen
561 815 629 858 ipsa
651 815 682 847 in
701 814 853 848 omnibus
873 812 1021 846 ecclesiis

272 880 310 903 ac
346 869 427 902 locis
466 875 498 902 et
541 867 696 911 operibus
741 867 803 910 piis
844 866 1020 910 praedictis

271 923 418 956 nondum
444 922 485 956 sit
509 926 653 966 peracta,
680 921 739 954 scd
765 922 867 954 multa
888 920 1021 963 negotia

271 987 343 1010 eam
367 975 602 1010 concernentia
619 976 728 1008 adhuc
746 975 912 1018 pendeant
929 974 1021 1007 inde-

272 1030 353 1064 cisa:
374 1030 451 1063 hinc
469 1034 517 1062 est
535 1029 622 1073 quod
642 1039 711 1066 nos,
729 1028 884 1072 pastorali
911 1028 1020 1061 studio

273 1083 533 1121 considerantes,
559 1088 765 1125 quantopere
799 1081 938 1114 visitatio
964 1081 1022 1113 hu-

273 1136 413 1170 iusmodi
431 1136 521 1169 utilis
535 1141 565 1169 et
580 1135 762 1168 necessaria
777 1135 826 1173 sit,
839 1145 904 1168 uon
923 1135 1021 1167 modo

273 1190 313 1223 ad
340 1190 502 1223 tollendos
528 1190 660 1227 abusus,
680 1189 736 1222 sed
755 1189 849 1222 etiarn
868 1189 907 1221 ad
933 1199 1023 1232 prae-

274 1243 454 1277 cavendum
485 1253 526 1275 ne
559 1242 714 1285 deinceps
751 1242 1020 1282 introducantur,

274 1302 496 1340 quantumque
523 1295 602 1328 boni
628 1307 664 1328 ex
692 1295 746 1328 illa
774 1297 932 1328 hacteuus
953 1307 1023 1339 pro·

274 1350 414 1390 venerit,
431 1355 462 1383 et
479 1350 696 1383 benedicente
725 1350 861 1382 Domino
888 1361 1023 1393 proven-

276 1410 383 1437 turum
410 1404 460 1444 sit,
485 1405 510 1437 si
535 1404 678 1437 visitatio
711 1405 784 1447 ipsa
815 1405 1025 1437 continuetur

276 1464 307 1491 et
331 1458 540 1497 absolvatur,
568 1469 604 1490 ac
630 1458 662 1490 iu
699 1460 758 1496 ea,
785 1468 866 1500 quae
903 1458 941 1490 ad
967 1457 1023 1490 Dei

276 1513 401 1545 cultum
418 1518 447 1545 et
466 1512 603 1554 gloriam
622 1512 870 1555 animarumque
889 1513 1025 1544 salutem
1046 1533 1047 1536 =

277 1571 465 1609 opportuna
496 1571 529 1598 et
559 1565 781 1598 conducibilia
818 1571 905 1604 sunt,
944 1565 1027 1598 sicut

279 1619 438 1652 hactenus
466 1619 584 1652 factum
611 1625 671 1659 est,
699 1619 731 1652 in
758 1626 925 1662 posterum
948 1629 1026 1662 quo-

154 1682 340 1729 ·wmss-»leque
365 1672 418 1715 pie
444 1672 690 1716 prudenterque
712 1678 911 1712 statuantur,
935 1679 1024 1706 motu

279 1726 429 1769 proprio,
450 1736 486 1758 ac
510 1736 547 1758 ex
573 1729 661 1759 certa
684 1720 821 1759 ¹scientia
847 1732 877 1759 et
902 1728 1027 1759 unitura

281 1779 520 1811 deliberatione
543 1779 674 1819 nostris,
694 1780 798 1822 deque
825 1780 1026 1823 apostolicae

281 1832 454 1875 potestatis
473 1831 693 1875 plenitudine,
717 1839 926 1866 memoratam
955 1834 1028 1866 visi·

281 1886 437 1918 tationem
453 1886 639 1918 continuari
655 1891 685 1918 et
700 1885 834 1926 absolvi,
850 1897 1027 1930 causasque

281 1938 443 1972 indecisas
462 1938 493 1970 in
510 1938 773 1981 Congregatione
793 1940 937 1983 praefata
955 1951 1028 1983 peu-

281 1993 410 2032 dentes‚
435 1997 535 2035 prout
560 1993 730 2036 aequitatis
764 1998 859 2036 atque
886 1993 1027 2026 iustitiae

281 2045 363 2078 ratio
404 2046 558 2085 suaserit,
601 2046 787 2086 terminari,
828 2046 1029 2079 visitationes

281 2099 530 2142 particularium
562 2099 775 2132 ecclesiarum
814 2111 849 2132 ac
883 2101 1028 2133 locorum

282 2157 314 2186 et
340 2163 476 2196 operum
511 2152 639 2195 piorum
673 2153 734 2185 iani
770 2153 941 2186 inchoatas
974 2153 1030 2186 ab·

282 2206 373 2245 solvi,
400 2216 529 2239 necnon
555 2206 710 2238 ecclesias
737 2212 767 2239 et
794 2207 862 2239 loca
879 2212 909 2239 et
929 2217 1029 2249 opera

282 2260 335 2302 pia
360 2260 506 2292 nondum
538 2259 678 2292 visitata¹
699 2260 830 2298 visitari,
853 2265 1028 2303 ceteraque

284 2313 394 2346 omnia
408 2318 440 2346 et
458 2314 586 2356 singula
606 2314 821 2347 visitationem
841 2315 1028 2347 huiusmodi

284 2366 533 2409 quomodolibet
545 2367 778 2400 concernentia
794 2367 872 2407 sieri,
884 2367 1030 2410 geri,sta-

285 2419 329 2451 tui
347 2424 379 2452 et
396 2420 553 2461 ordinari,
571 2432 607 2453 ac
625 2421 813 2454 executioni
839 2421 1028 2454 demandari

286 2472 419 2512 debere,
441 2478 554 2506 tenore
574 2475 796 2517 praesentium
824 2475 1029 2508 decernimus

287 2530 320 2557 et
344 2526 551 2567 mandanius;
571 2538 607 2560 ac
628 2538 740 2560 omnes
767 2533 799 2560 et
825 2528 968 2571 singulas
990 2529 1030 2561 fa-

287 2578 435 2619 cultateS,
454 2579 637 2623 privilegia,
658 2581 786 2623 gratias,
805 2581 1031 2624 praeeminen-

320 2642 331 2668 1
355 2639 475 2668 Verbum
493 2642 607 2670 visitata
623 2651 671 2670 nos
687 2643 812 2670 addimus
830 2645 869 2678 (n.
891 2644 941 2677 τ.).

1059 228 1090 251 xt
1116 228 1163 250 tr.

1066 277 1139 317 tias,
1155 275 1408 320 ,praerogativas
1430 281 1462 308 et
1485 275 1612 308 indulta
1638 284 1812 317 quaecum-

1062 329 1325 373 que,praedictis
1340 328 1562 361 cardinalibus
1589 332 1620 360 et
1644 327 1806 370 praelatis,

1063 394 1243 427 eorumque
1261 381 1532 425 Congregationi,
1552 391 1682 414 necnon
1709 380 1809 414 omni-

1062 438 1121 470 bus
1147 442 1179 470 et
1204 435 1342 479 singulis
1368 435 1564 468 officialibus
1597 440 1627 467 et
1653 433 1810 467 ministris

1063 489 1270 534 supradictis,
1282 500 1298 522 a
1311 493 1491 522 memorato
1509 487 1701 521 Innocentio
1718 498 1810 531 prae-

1064 545 1239 578 decessore
1275 554 1334 587 per
1369 554 1442 576 suas
1474 542 1598 575 litteras
1625 542 1808 585 praedictas

1065 597 1296 642 quovismodo
1322 595 1504 639 respective
1530 606 1687 628 concessa
1713 600 1744 628 et
1769 601 1812 627 at-

1065 652 1196 691 tributa,
1222 661 1282 694 per
1314 650 1438 683 obitum
1461 649 1604 682 eiusdem
1631 648 1811 682 Innocentii

1065 704 1331 749 praedecessoris
1368 703 1501 736 minime
1541 713 1710 743 cessasse,
1752 712 1813 735 nec

1065 769 1202 798 cessare,
1221 758 1276 791 sed
1304 757 1336 790 in
1363 757 1428 790 suis
1455 757 1575 789 robore
1603 761 1635 788 et
1660 756 1812 789 firmitate

1065 823 1269 858 permanere,
1281 811 1499 854 omnibusque
1517 815 1549 843 et
1565 810 1704 853 singulis
1721 819 1814 853 prae-

1066 867 1159 901 dictis
1194 865 1376 909 respective
1414 865 1523 898 adhuc
1557 869 1746 907 competere
1782 868 1814 896 et

1065 920 1234 963 suffragari
1261 919 1391 958 debere,
1419 918 1624 951 decernimus
1642 917 1764 960 pariter
1781 921 1815 949 et

1066 975 1295 1013 declaramus3
1323 979 1366 1011 et,
1394 977 1556 1016 quatenus
1587 982 1669 1014 opus
1694 971 1743 1010 sit,
1770 971 1815 1003 l'a-

1067 1029 1224 1068 cultates,
1264 1026 1447 1070 privilegia,
1483 1025 1614 1068 gratias,
1654 1024 1815 1068 praeemi-

1068 1081 1206 1121 nemias,
1233 1080 1480 1125 praerogativas
1506 1085 1537 1112 et
1561 1078 1688 1111 indulta
1705 1078 1816 1111 huius-

1067 1136 1155 1169 modi
1183 1135 1305 1168 eisdem
1332 1133 1554 1167 cardinalibus
1587 1138 1619 1166 et
1644 1132 1813 1175 praelatis,

1067 1200 1246 1233 eorumque
1272 1187 1534 1231 Congregationi,
1559 1198 1595 1220 ac
1621 1186 1814 1219 officialibus

1067 1251 1098 1278 et
1117 1244 1275 1277 ministris
1293 1242 1479 1286 praedictis,
1496 1242 1526 1274 in
1540 1240 1692 1274 omnibus
1712 1245 1743 1272 et
1757 1250 1817 1283 per

1067 1298 1185 1337 omnia,
1207 1302 1304 1340 prout
1329 1296 1376 1328 eis
1402 1295 1582 1338 respective
1609 1305 1626 1326 a
1652 1293 1739 1326 dicto
1767 1293 1816 1325 ln-

1069 1351 1219 1385 uocentio
1245 1351 1500 1394 praedecessore
1526 1358 1684 1381 concessa
1717 1353 1748 1380 et
1772 1352 1815 1379 at-

1070 1406 1190 1438 tributa
1216 1405 1364 1442 luerunt,
1391 1409 1492 1440 motu,
1521 1400 1667 1439 scientia,
1693 1400 1818 1434 delibe-

1069 1459 1196 1492 ratione
1223 1464 1254 1490 et
1272 1457 1441 1500 potestatis
1460 1455 1667 1499 plenitudine
1685 1453 1818 1497 paribus

1070 1513 1177 1546 denuo
1203 1511 1432 1550 concedimus,
1453 1509 1626 1542 tribuimus
1647 1512 1679 1541 et
1697 1508 1818 1552 impar-

1072 1567 1181 1599 timur.

1115 1621 1129 1664 ξ
1155 1620 1185 1652 2.
1207 1620 1440 1657 Decernentes,
1467 1617 1597 1650 easdem
1624 1619 1815 1659 praesentes

1071 1674 1204 1713 litteras,
1226 1678 1257 1706 et,
1279 1673 1309 1705 in
1337 1672 1382 1705 eis
1401 1676 1555 1704 contenta
1576 1680 1815 1713 quaecumque,

1072 1729 1168 1761 etiam
1202 1738 1238 1760 ex
1266 1738 1304 1760 co
1336 1726 1422 1770 quod
1443 1726 1642 1768 quicumque
1669 1724 1700 1756 in
1723 1734 1819 1767 prae-

1072 1780 1177 1814 missis
1208 1791 1263 1813 seu
1293 1790 1406 1813 eorum
1434 1779 1546 1822 aliquo
1572 1778 1735 1810 interesse
1762 1777 1819 1809 lia-

1072 1835 1186 1868 bentes
1213 1845 1268 1867 seu
1297 1833 1419 1866 habere
1446 1831 1697 1875 quomodolibet
1726 1840 1820 1874 prae-

1073 1888 1252 1927 tendentes,
1279 1886 1511 1928 cuiuscumque
1545 1889 1657 1924 status,
1684 1884 1817 1926 gradus,

1073 1941 1208 1979 ordinis,
1224 1939 1503 1984 praeeminentiae
1523 1943 1554 1971 et
1572 1937 1740 1980 dIgnitatis
1759 1937 1821 1969 exi-

1073 2001 1176 2034 stant,
1210 1995 1305 2027 etiam
1341 1993 1565 2026 cardinalatus
1598 1992 1726 2024 bonore
1760 1991 1820 2023 ful-

1073 2052 1197 2089 gentes,
1223 2051 1279 2078 aut
1304 2045 1382 2078 alias
1408 2042 1556 2087 specifica
1591 2049 1622 2076 et
1653 2042 1820 2075 individua

1073 2099 1238 2133 mentione
1258 2104 1285 2131 et
1311 2097 1522 2140 expressione
1542 2096 1643 2139 digni,
1665 2095 1729 2129 illis
1755 2105 1820 2129 non

1073 2152 1308 2191 consenserint,
1329 2161 1389 2183 nec
1415 2151 1453 2184 ad
1481 2160 1519 2183 ea
1544 2148 1770 2189 vocatiscitati
1790 2156 1821 2182 et

1074 2207 1188 2245 auditi,
1206 2216 1313 2249 neque
1332 2215 1462 2242 causae,
1481 2209 1616 2248 propter
1633 2214 1714 2247 quas
1731 2213 1820 2246 prae-

1050 2296 1051 2306 *
1074 2265 1184 2292 sentes
1212 2264 1415 2297 emanarunt,
1441 2258 1610 2296 adductae,
1639 2256 1821 2289 verificatae

1075 2315 1123 2346 vel
1150 2313 1342 2346 iustificatae
1370 2312 1500 2350 suerint,
1521 2316 1574 2343 aut
1599 2321 1636 2343 ex
1663 2311 1725 2343 alia
1746 2320 1822 2353 qua÷

1074 2378 1230 2410 cunique,
1258 2365 1464 2409 quantumvis
1491 2365 1585 2403 iusta,
1610 2364 1663 2407 pia
1696 2369 1727 2396 et
1757 2363 1821 2408 pri·

1074 2420 1228 2462 vilegiata
1253 2421 1356 2458 causa,
1380 2419 1502 2458 colore,
1521 2422 1690 2461 praetextu
1717 2422 1749 2450 et
1774 2428 1822 2450 ea-

1074 2474 1150 2517 pite,
1189 2473 1284 2505 etiam
1325 2472 1357 2504 in
1399 2482 1537 2514 corpore
1580 2471 1659 2503 iuris
1700 2472 1821 2509 clauso,

1075 2527 1172 2560 etiam
1198 2526 1350 2565 enormis,
1378 2525 1625 2558 enormissiniae
1656 2530 1687 2557 et
1713 2525 1820 2557 totalis

1075 2580 1241 2620 laesionis,
1261 2581 1352 2613 nullo
1371 2590 1512 2622 unquam
1533 2583 1676 2621 tempore
1695 2578 1733 2610 de
1747 2577 1821 2609 sub-

1048 2626 1232 2679 lreptionis
1264 2635 1314 2668 vel
1347 2632 1550 2676 obreptionis
1578 2637 1631 2664 aut
1662 2631 1820 2664 nullitatis

1751 215 1769 248 7
1816 224 1864 250 Au.
1883 223 1911 249 C.
1938 221 1998 249 1701

1856 1625 1976 1645 thu-ntae.
