2269 3203
111 200 162 228 Αῃ.
180 199 209 227 C.
231 199 298 228 ¹705

297 259 350 289 pro
371 249 485 280 duobus
513 248 659 287 religiosis
683 245 924 287 procuratoribus
946 254 1042 274 novae

298 300 470 339 provinciae
501 299 661 337 erigendae
692 295 880 332 huiusmodi,
914 294 1042 332 quoties-

298 358 424 387 cumque
447 358 496 378 eos
527 348 564 376 ad
592 346 772 386 praedictam
807 344 957 373 civitatem
990 351 1042 380 pro

298 397 391 436 ipsius
423 396 594 435 provinciae
628 394 817 433 negotiorum
853 392 1044 431 expeditione

299 447 441 476 accedere
464 445 644 483 contigisset.

337 504 377 524 vr.
400 495 517 524 Liceret
539 493 697 531 uuicuique
729 502 767 521 ex
795 491 941 529 religiosis
971 490 1041 519 alte-

297 547 411 573 rutram
434 554 472 573 ex
495 543 580 572 dictis
601 542 762 581 provinciis
781 541 860 570 intra
883 549 936 569 sex
961 549 1044 568 men-

297 602 343 622 ses
365 603 383 622 a
404 593 451 622 die
473 592 671 622 conclusionis
697 591 794 620 dictae
824 589 976 619 divisionis
999 589 1043 617 iu-

299 642 450 681 cipieudos
472 642 592 680 eligere.

336 701 386 722 vn.
419 693 466 722 Ex
497 691 610 721 duobus
639 690 851 726 conventibus,
875 689 923 726 qui
945 688 976 717 in
999 688 1043 716 di-

295 742 399 771 strictu
421 742 478 770 loci
506 741 543 769 de
564 741 747 778 Maraguon,
769 748 877 776 nempe
902 738 939 767 de
961 737 1043 767 Gran

295 790 382 828 Para,
390 792 419 820 et
429 789 554 828 praefati
566 789 602 818 de
614 790 790 827 Maragnon,
802 787 932 817 locorum
944 796 1043 824 respe-

296 839 373 869 ctive
384 841 633 878 nuncupatorum,
645 838 693 867 siti
706 839 785 875 sunt,
800 836 992 875 primodictus
1005 835 1042 863 ad

296 888 569 926 Ulyssiponensem,
586 887 661 916 alter
682 895 751 916 vero
774 886 811 915 ad
834 884 1043 922 Conceptionis

295 937 467 976 praedictae
477 936 486 952 ¹
498 936 667 975 provincias
678 934 843 973 respective
855 933 1043 972 spectabunt,

295 985 352 1015 hac
372 988 472 1014 tamen
494 985 673 1022 conditione,
696 984 773 1022 quod
800 983 951 1021 praefatus
974 991 1042 1011 con-

296 1037 403 1064 ventus
435 1035 506 1064 dicti
538 1035 595 1063 loci
627 1035 664 1063 de
695 1034 862 1071 Maragnon
887 1032 1043 1070 religiosos

297 1083 467 1123 provinciae
477 1083 684 1121 Conceptionis
693 1082 853 1120 erigendae
865 1081 1041 1119 huiusmodi,

297 1142 332 1163 eo
353 1135 485 1172 tempore
507 1142 565 1170 quo
586 1132 659 1161 inibi
690 1132 820 1169 hospites
844 1133 950 1168 erunt,
973 1130 1041 1158 cha-

296 1182 414 1211 ritative
437 1182 574 1218 excipiet,
596 1181 721 1218 parique
736 1180 880 1208 charitate
896 1179 933 1207 ab
949 1179 1042 1208 altero

296 1233 445 1260 conventu
468 1230 599 1259 eiusdem
618 1230 673 1259 loci
696 1230 731 1258 de
753 1230 832 1258 Para
856 1229 1043 1266 excipientur

295 1279 424 1317 religiosi
440 1279 609 1318 provinciae
625 1278 866 1316 Ulyssiponensis
879 1277 1040 1315 praefatae,

296 1332 327 1359 et
347 1329 458 1358 ibidem
481 1329 672 1365 curabuntur,
693 1328 717 1356 si
735 1337 784 1356 eos
803 1327 903 1364 aliqua
918 1326 1041 1355 infirmi-

296 1380 359 1407 tate
380 1381 513 1416 tempore
541 1377 713 1406 missionum
742 1377 849 1414 corripi
872 1376 1041 1413 contingat3

296 1426 451 1456 missiones
462 1436 532 1455 vero
544 1426 711 1455 huiusmodi
726 1426 803 1454 inter
815 1425 922 1453 fratres
934 1424 1040 1453 utrius-

297 1485 354 1514 que
375 1476 546 1514 provinciae
568 1475 733 1513 aequaliter
754 1475 933 1503 dividantur.

336 1534 398 1554 vm.
420 1525 586 1564 Repartitio
607 1526 806 1554 conventuum
828 1524 869 1553 sic
891 1524 962 1561 fiat,
988 1523 1042 1552 sci-

297 1574 368 1603 licet
385 1596 392 1612 ,
425 1576 476 1611 ut,
507 1574 616 1603 relictis
650 1573 822 1612 provinciae
857 1573 885 1602 S.
919 1572 1042 1601 Antonii

298 1623 433 1652 omnibus
454 1623 512 1651 illis
530 1623 724 1652 conventibus
746 1622 796 1659 qui
818 1631 911 1659 usque
929 1621 966 1649 ad
991 1630 1042 1659 op-

297 1672 400 1710 pidum
421 1681 474 1701 seu
494 1671 593 1700 locum
616 1671 652 1700 de
673 1671 868 1708 Oantagneda
899 1670 1043 1699 inclusive

297 1721 345 1750 siti
367 1723 453 1758 sunt,
475 1730 554 1749 nova
574 1720 709 1749 fundatio
739 1723 902 1749 conventus
932 1719 968 1748 de
994 1720 1042 1747 Fi-

297 1769 419 1807 guereio
431 1769 467 1798 de
480 1769 593 1808 Campo
609 1771 805 1807 nuncupatus,
827 1769 977 1806 ceterique
992 1769 1043 1798 alii

298 1820 472 1855 conventus,
495 1818 545 1856 qui
567 1827 584 1846 a
605 1818 707 1847 Serem
730 1820 758 1846 et
780 1817 874 1846 Vizeu
890 1827 982 1855 usque
1005 1818 1043 1846 ad

297 1866 407 1897 flumen
427 1868 561 1905 Mignum
582 1867 779 1905 reperiuntur,
794 1867 831 1895 ad
849 1876 957 1896 novam
975 1877 1041 1905 pro-

297 1917 426 1947 vinciam
459 1917 668 1955 Conceptionis
698 1917 880 1954 praedictam
910 1919 1042 1955 spectare

298 1965 434 2004 debeant,
457 1965 575 2003 collegii
596 1968 696 1994 autem
718 1965 939 1994 Celimbriensis
962 1965 1043 2001 (licet

297 2014 378 2044 illius
400 2015 575 2054 gubernium
597 2015 629 2043 in
651 2015 777 2044 solidum
805 2024 894 2052 penes
923 2015 1042 2052 provin-

299 2064 375 2093 ciam
398 2065 427 2094 S.
450 2064 574 2093 Antonii
595 2064 760 2100 remaneat)
777 2064 856 2092 dicta
871 2073 950 2092 nova
964 2063 1042 2092 Con-

299 2114 441 2153 ceptionis
463 2113 614 2152 provincia
635 2123 720 2142 usum
742 2113 859 2150 habeat,
876 2113 931 2141 hac
949 2112 1043 2141 forma

298 2169 416 2201 nempe,
438 2161 516 2201 quod
537 2163 568 2191 in
582 2163 679 2200 ipsum
698 2162 856 2200 collegium
872 2162 1042 2199 collegiales

298 2212 451 2250 utriusque
472 2211 644 2250 provinciae
666 2211 783 2248 aequali
798 2220 919 2239 numero
937 2211 1042 2239 admit-

299 2264 419 2300 tantur,
442 2264 472 2291 et
496 2261 664 2290 indistincte
697 2261 921 2298 tractabuntur,
956 2263 1043 2298 prout

299 2310 443 2340 hactenus
465 2311 651 2339 observatum
666 2310 734 2347 fuit3
751 2309 956 2338 deficientibus
972 2318 1042 2338 vero

300 2359 494 2398 eleemosynis
515 2369 567 2398 pro
582 2359 661 2388 illius
676 2359 901 2395 sustentatione,
915 2360 1043 2396 utraque

299 2408 452 2446 provincia
473 2417 525 2447 pro
552 2408 618 2437 rata
644 2409 729 2437 iuxta
758 2407 963 2445 religiosorum
990 2417 1043 2435 nu-

300 2465 414 2485 merum
434 2457 465 2486 in
487 2467 521 2487 eo
544 2457 788 2486 commorantium
810 2457 876 2485 illas
900 2456 1041 2485 submini-

301 2504 414 2534 strabit.
424 2505 562 2535 Lectores
569 2507 677 2535 artium
686 2506 864 2543 alternatim,
872 2505 1043 2542 theologiae

301 2564 372 2585 vero
393 2555 430 2584 de
451 2555 547 2593 prim&
562 2558 590 2584 et
611 2556 707 2593 tertia,
730 2556 814 2585 iuxta
836 2555 1042 2584 antianitatem

338 2609 349 2635 1
363 2607 463 2643 Aptius
476 2606 529 2642 leg.
542 2608 709 2642 praedictas
721 2616 770 2643 pro
777 2607 948 2643 praedictae
959 2606 1040 2642 (ns).

936 191 1077 220 CLEMENS
1102 193 1133 217 XI
1158 192 1208 217 1³1³.

1721 178 1787 213 229
1837 186 1887 214 An.
1905 185 1934 214 c.
1953 185 2023 214 1705

1086 241 1336 278 uniuscuiusque,
1360 240 1401 269 ita
1431 240 1464 268 ut
1495 239 1644 276 quaelibet
1677 238 1835 276 provincie

1085 292 1227 320 lectorem
1243 299 1327 319 suum
1339 298 1454 328 semper
1471 288 1589 324 habeat,
1602 288 1830 316 constituantur.

1127 341 1203 369 Prae
1238 349 1303 376 rea,
1326 340 1349 367 si
1377 348 1454 367 nova
1480 337 1632 375 provincia
1654 336 1830 373 Conceptio-

1086 390 1131 418 nis
1146 343 1296 427 pracffiicta
1313 388 1444 426 aliquem
1460 387 1547 415 situm
1564 396 1616 424 pro
1633 384 1831 414 construendo

1087 438 1259 467 dormitorio
1282 437 1406 474 aliisque
1429 436 1482 464 sibi
1505 434 1678 464 necessariis
1703 442 1832 461 commo-

1087 487 1157 515 dum
1179 486 1335 523 inveniret,
1360 485 1499 522 consequi
1521 486 1633 522 posset,
1656 483 1756 511 divina
1778 490 1831 510 au-

1087 539 1146 565 tem
1175 536 1273 564 officia
1300 536 1330 563 in
1359 535 1462 563 eadem
1496 532 1622 562 ecelesia
1648 534 1677 560 et
1703 530 1831 559 sacrario

1087 585 1200 623 peragi,
1217 587 1246 613 et
1268 584 1337 612 aula
1358 593 1411 621 pro
1427 583 1539 611 actibus
1561 581 1721 617 litterariis,
1742 581 1831 618 prout

1087 634 1123 662 de
1145 633 1293 671 praesenti
1308 633 1350 669 fit,
1366 634 1395 661 et
1410 631 1532 670 perinde
1554 640 1587 659 ac
1609 631 1633 659 si
1655 638 1757 658 omnes
1777 629 1831 658 sub

1088 684 1192 713 eadem
1214 682 1366 721 provincia
1387 681 1462 710 uniti
1485 682 1592 717 essent,
1615 679 1659 708 uti
1683 679 1831 715 debeant,

1087 734 1135 770 et,
1163 734 1309 769 quatenus
1334 739 1413 760 nova
1438 729 1592 768 provincia
1619 727 1832 765 Oonceptionis

1086 780 1256 810 huiusmodi
1283 781 1321 809 ad
1349 788 1416 809 eum
1442 781 1552 808 statum
1579 776 1746 815 perveniret
1777 775 1829 804 ha-

1086 830 1174 860 bendi
1197 829 1355 867 collegium
1376 830 1567 866 separatum,
1590 826 1742 862 utriusque
1764 833 1830 863 pro-

1086 879 1201 909 vinciae
1213 878 1380 916 superiores
1395 877 1472 906 inter
1494 885 1525 905 se
1547 875 1626 904 cirea
1648 873 1830 903 necessarias

1086 927 1270 965 provisiones
1292 925 1472 955 concordare
1494 925 1652 954 curabunt:

1131 985 1175 1018 Ac
1200 983 1349 1028 proinde,
1377 994 1441 1027 quo
1467 982 1559 1026 quies
1590 986 1622 1014 ct
1647 981 1725 1014 unio
1747 981 1833 1013 inter

1087 1038 1274 1082 praedictos
1301 1038 1415 1070 fratres
1441 1041 1702 1076 conservaretur,
1724 1034 1832 1068 eidem

1087 1091 1339 1135 Congregationi
1366 1101 1425 1134 pro
1457 1095 1550 1133 parte
1580 1089 1744 1122 dictorum
1778 1098 1832 1120 ex-

1087 1146 1281 1189 ponentium
1300 1145 1480 1188 supplicato
1499 1148 1533 1176 ut
1558 1143 1751 1176 divisionem
1769 1141 1830 1173 hu-

1086 1199 1246 1239 iusmodi,
1273 1209 1345 1232 cum
1378 1196 1623 1231 conditionibus
1656 1193 1830 1239 praedietis

1087 1258 1118 1286 et
1142 1253 1174 1284 iu
1200 1251 1378 1285 novissimo
1404 1250 1547 1294 capitulo
1573 1248 1776 1293 provinciali,
1797 1252 1832 1280 ut

1086 1306 1278 1349 praefertur,
1317 1303 1494 1347 acceptatis
1511 1330 1518 1343 ,
1556 1300 1763 1335 confirmaret
1800 1305 1832 1332 et

1086 1358 1308 1402 approbaret,
1336 1356 1497 1391 emanavit
1531 1355 1570 1388 ab
1600 1355 1715 1388 eadem
1747 1353 1831 1386 Con-

1086 1413 1276 1456 gregalione
1291 1411 1507 1445 cardinalium
1520 1410 1686 1443 decretum
1707 1406 1831 1441 tenoris

1085 1467 1140 1510 qui
1166 1465 1324 1510 sequitur,
1349 1464 1516 1498 videlicet:

1125 1531 1215 1560 Sacra
1246 1529 1438 1567 congregatio
1470 1526 1771 1556 eminentissimorum
1801 1527 1830 1554 et
1855 1528 2027 1566 DecrqtupnCon-

1084 1579 1395 1608 reverendissimorum
1418 1578 1446 1607 S.
1462 1578 1498 1606 R.
1512 1577 1546 1605 E.
1562 1576 1758 1605 cardinalium
1777 1558 2026 1609 ne-igiifji123222¹1siriffip‚

1085 1629 1173 1667 gotiis
1205 1631 1234 1657 et
1265 1626 1530 1657 consultationibus
1564 1626 1768 1664 episcoporum
1801 1609 2026 1657 etss‘ssn'giifflistfffyiffi

1084 1677 1269 1717 regularium
1305 1676 1496 1715 praeposita,
1532 1675 1647 1703 attenta
1686 1674 1830 1702 relatione
1840 1664 1888 1684 ¹³⁰³*

1085 1727 1181 1756 nuntii
1202 1726 1356 1765 apostolici
1378 1725 1456 1763 apud
1479 1725 1697 1753 serenissimum
1713 1723 1831 1752 Lusita-

1084 1777 1151 1805 niae
1172 1785 1275 1814 regem
1297 1775 1461 1811 residentis,
1484 1773 1633 1802 referente
1655 1772 1826 1802 eminentis-

1085 1826 1158 1854 simo
1190 1826 1218 1854 S.
1251 1824 1432 1860 Clementis,
1458 1823 1572 1852 censuit
1602 1821 1828 1859 indulgendum,

1085 1877 1172 1912 prout
1192 1873 1357 1912 praesentis
1378 1872 1489 1901 decreti
1511 1872 1614 1909 vigore
1634 1871 1763 1908 benigne
1784 1870 1828 1898 in-

1085 1924 1207 1961 dulget,
1235 1921 1453 1951 confirmationi
1489 1921 1641 1949 divisionis
1676 1919 1828 1957 praefatae

1085 1972 1256 2011 provinciae
1285 1981 1351 2001 cum
1375 1970 1593 1999 conditionibus
1623 1969 1771 2007 expressis
1799 1970 1829 1997 et

1085 2021 1255 2060 approbatis
1277 2021 1307 2049 in
1343 2020 1479 2058 proximo
1508 2019 1669 2057 praeterito
1699 2017 1829 2055 capitulo

1084 2071 1267 2110 provinciali,
1280 2071 1321 2098 ita
1333 2072 1433 2098 tamen
1451 2070 1484 2097 ut
1496 2068 1631 2097 effectum
1648 2076 1706 2096 non
1721 2067 1831 2095 habeat

1084 2120 1140 2149 nisi
1162 2119 1308 2157 completo
1342 2118 1488 2155 regimine
1519 2116 1711 2154 provincialis
1746 2115 1831 2144 electi

1084 2170 1114 2198 in
1126 2168 1228 2198 eodem
1243 2168 1381 2205 capitulo.
1392 2168 1502 2195 Romae
1515 2175 1589 2194 xvm
1600 2166 1700 2204 aprilis
1712 2173 1829 2193 nocolv.

1085 2219 1122 2247 G.
1144 2218 1303 2247 cardinalis
1326 2217 1504 2246 GARPmEUs.
1532 2216 1607 2245 Loco
1630 2216 1648 2252 †
1669 2215 1769 2251 siyzssllz'.
1793 2214 1829 2242 N,

1086 2268 1263 2296 Gmmmns
1285 2276 1358 2295 secr.

1890 2328 1999 2349 Confirmat
2006 2335 2024 2349 ιο

1841 2357 1901 2378 relati
1918 2357 2007 2378 det-reli.

1130 2330 1144 2374 ἓ
1169 2329 1200 2362 2.
1228 2329 1305 2362 Cum
1331 2333 1448 2368 autem,
1476 2328 1562 2361 sieut
1586 2326 1745 2370 praedicti
1767 2326 1829 2359 fra-

1088 2388 1152 2416 tres
1197 2382 1385 2426 provinciae
1422 2381 1597 2424 erigendae
1635 2379 1825 2413 huiusmodi

1086 2436 1180 2471 nohis
1206 2447 1310 2480 nuper
1342 2435 1461 2479 exponi
1493 2435 1650 2473 fecerunt,
1677 2433 1738 2476 ipsi
1777 2433 1830 2466 de-

1086 2497 1210 2525 cretum
1236 2489 1437 2530 huiusmodi,
1464 2499 1529 2532 quo
1564 2487 1688 2520 firmius
1723 2486 1829 2518 subsi-

1086 2549 1149 2577 stat
1184 2548 1216 2577 et
1253 2547 1399 2576 servetur
1432 2541 1595 2581 exactius,
1629 2539 1827 2583 apostolicae

1086 2595 1341 2631 confirmationis
1366 2601 1495 2629 nostrae
1528 2593 1714 2638 patrocinio
1741 2601 1828 2624 com-
