2269 3203
250 204 299 230 An.
320 203 429 229 (3.1711

481 193 495 225 ¹l
507 192 543 226 18
1036 197 1214 222 artaxiam
1243 194 1394 218 nonnum

446 251 615 291 testabant,
633 249 757 283 facilius
776 247 1026 292 propulsandos,
1045 247 1084 279 de
1110 255 1186 278 con-

447 303 513 336 silii
539 302 692 346 completi
728 301 872 335 eiusdem
903 298 1075 343 hospitalis
1110 308 1208 346 con-4

447 367 553 397 sensu,
577 362 715 400 quatuor
740 365 840 388 novas
866 364 963 386 naves
988 352 1132 392 bellicas,
1151 362 1187 383 u-

448 421 523 443 nam
541 409 672 452 quidem
689 408 752 441 suis
766 406 922 451 propriis,
939 405 1017 439 alias
1030 415 1106 438 vcro
1121 410 1185 437 tres

1228 253 1341 276 norem
1367 239 1596 286 praesentibus
1622 250 1682 284 pro
1707 240 1803 284 plene
1828 246 1860 274 et
1883 240 1963 274 suffi-

1229 296 1352 330 cienter
1369 306 1521 340 expresso
1548 300 1580 328 et
1598 295 1636 329 de
1657 295 1758 328 verbo
1776 294 1814 327 ad
1832 293 1965 328 verbum

1230 350 1354 383 inserto
1386 348 1499 382 haberi
1524 348 1681 388 volumus,
1707 348 1835 391 plenius
1861 347 1964 381 conti-

1230 409 1336 436 netur.

1970 192 2024 219 An.
2043 193 2071 219 C.
2091 193 2152 220 ΠΗ

449 463 524 497 dicti
543 461 717 505 hospitalis
743 459 935 502 sumptibus,
953 463 1142 491 construere
1157 462 1187 490 et
1274 456 1288 498 ἓ
1312 455 1344 488 ⁶2.
1364 454 1440 490 Cum
1466 460 1584 493 autem,
1599 454 1686 487 sieut
1709 453 1812 486 dictus
1833 463 2018 512 magnusmcz
2020 470 2085 511 {¹⁵³⁶
2100 466 2162 512 '⁰5¹‘

2002 498 2032 510 ¹¹¹¹¹
2044 497 2049 510 1
2077 497 2128 517 prae
2146 498 2162 511 Ι·

448 521 659 550 manutenere
685 513 930 552 deliberaverat,
957 522 992 544 ac
1016 522 1075 554 pro
1100 512 1186 543 bono
1230 508 1384 551 magister
1405 509 1512 541 denuo
1537 507 1631 540 nobis
1656 506 1773 549 exponi
1791 506 1875 546 fecit,
1893 506 2124 539 licetenmmsaa
2117 524 2161 538 ..er

1978 550 2012 564 su
2028 550 2067 564 11011
2089 550 2126 564 11511
2130 550 2162 568 m.

449 570 592 614 ipsarum
610 567 738 601 navium
757 565 915 608 regimine
942 565 1026 597 idem
1051 574 1186 606 magnus
1231 563 1335 596 dictae
1362 566 1425 595 ties
1452 572 1548 594 naves
1570 561 1706 594 bellicae
1728 571 1786 603 pet
1809 569 1968 592 memora·
1979 573 2083 595 capraea
2093 571 2162 596 magui

449 622 602 665 magister
630 621 766 662 eiusque
793 617 965 651 consilium
984 616 1187 660 praedictum

449 675 675 719 particularem
703 672 845 716 quinque
882 671 1015 703 fratrum
1049 669 1186 703 militum

450 728 596 762 eiusdem
622 725 792 769 hospitalis
817 724 857 757 ab
882 724 954 767 ipso
980 734 1098 766 magno
1124 734 1188 756 ma-

451 782 551 825 gistro
588 778 863 812 nominandorum
900 783 931 810 et
966 788 983 809 a
1020 775 1188 819 praedicto

451 832 587 868 consilio
613 831 909 876 approbandorum,
935 840 1074 873 quorum
1108 839 1189 862 unus

452 887 607 930 dignitate
635 895 771 928 magnae
798 884 900 917 crucis
922 883 1094 925 insignitus
1119 892 1188 915 esse

452 941 614 980 deberet,
642 938 927 981 congregationem
968 935 1191 979 deputandam

452 1004 522 1027 esse
549 993 779 1026 decreverant:
807 1001 876 1029 nos,
894 987 1190 1032 supplicationibus

453 1045 530 1080 dieti
555 1045 664 1087 magni
689 1043 834 1085 magistri
861 1041 993 1074 nomine
1019 1040 1113 1074 nobis
1139 1051 1192 1073 su-

451 1110 510 1143 per
547 1099 610 1132 hoc
647 1096 815 1130 humiliter
846 1095 1005 1138 porrectis
1034 1094 1191 1133 inclinati,

454 1153 549 1186 aliam
572 1149 860 1193 congregationem
886 1148 1078 1181 eorumdem
1105 1147 1193 1190 quin·
1214 1169 1218 1184 ι

454 1217 515 1250 que
533 1206 666 1238 fratrum
685 1203 821 1235 militum
840 1202 886 1234 sic
906 1201 1137 1245 deputandam,
1155 1211 1191 1233 ex

453 1266 537 1298 tunc,
557 1262 655 1302 prout
672 1261 844 1300 postquam
870 1255 916 1288 sic
941 1255 1092 1298 deputata
1118 1253 1195 1286 suis-

454 1318 511 1353 set,
531 1323 566 1345 ac
591 1314 838 1355 praenarratum
867 1308 973 1351 magni
999 1306 1144 1350 magistri
1163 1312 1195 1339 et

454 1365 581 1399 consilii
599 1363 839 1408 praedictorum
859 1363 1036 1401 decretum,
1057 1360 1195 1393 auctori-

456 1425 518 1452 tate
536 1417 713 1462 apostolica
731 1415 992 1449 confirmavimus
1018 1421 1049 1447 et
1075 1424 1194 1457 appro-

454 1472 621 1511 bavimus3
648 1468 895 1512 congregationi
928 1472 1034 1501 autem
1066 1467 1111 1500 sic
1143 1466 1196 1500 de-

456 1525 618 1569 putandae
640 1523 823 1568 praedictas
852 1528 914 1555 tres
939 1531 1035 1554 naves
1061 1520 1196 1553 bellicas

454 1578 610 1622 privative
638 1576 744 1620 quoad
770 1586 882 1609 omnes
907 1574 987 1608 alios
1006 1574 1100 1616 (itaut
1126 1574 1195 1616 ipsa

455 1631 667 1675 congregatio
695 1629 862 1673 praedicto
892 1638 1009 1670 magno
1041 1627 1218 1669 magistrot

454 1691 578 1719 tantum
615 1684 761 1717 subiecta
797 1687 894 1721 esset,
931 1686 962 1713 et
999 1680 1119 1723 absque
1157 1690 1218 1728 eo¹

456 1739 542 1782 quod
576 1737 638 1770 alia
663 1745 886 1780 quaecumque
919 1733 1131 1776 congregatio
1165 1733 1219 1767 in}

456 1796 616 1825 conventu
651 1789 727 1822 dicti
765 1787 934 1831 hospitalis
966 1787 1115 1825 existens,
1142 1788 1219 1819 aut',

457 1844 518 1878 alia
544 1842 709 1887 quaelibet
725 1851 874 1885 persona,
893 1839 1039 1872 officialis
1065 1839 1114 1871 vel
1140 1838 1198 1871 mi-
1218 1851 1219 1856 ¹

458 1897 557 1931 nister
594 1895 740 1929 eiusdem
778 1893 971 1937 hospitalis,
999 1893 1057 1925 sub
1083 1891 1196 1935 quovis

459 1951 569 1990 titulo,
597 1954 652 1982 aut
676 1947 811 1981 alieuius
843 1945 1122 1990 praeeminentiae
1148 1945 1220 1978 vel

459 2002 662 2047 praeiogatix
666 2012 701 2034 ae
746 2000 840 2033 etiam
876 1999 1060 2042 linguarum
1097 1998 1146 2042 ips
1152 1998 1221 2030 ins*

459 2055 634 2099 hospitalis
655 2059 836 2099 praetextu,
857 2053 920 2087 sive
940 2062 1142 2096 quacumque
1161 2046 1221 2086 del

460 2112 565 2151 causa,
584 2109 630 2143 illi
656 2109 722 2142 ullo
749 2108 845 2141 modo
871 2105 1119 2145 inteiveniient‚
1148 2110 1222 2138 aut

461 2173 738 2206 qumumcumque
765 2172 822 2205 per
848 2171 918 2194 eam
944 2160 1029 2193 circa
1055 2156 1222 2203 ipsaruml

461 2216 557 2249 trium
596 2215 724 2248 navium
757 2214 902 2257 regimen
939 2219 971 2246 et
1006 2209 1223 2272 guberniuml

462 2269 739 2312 disponendomm
766 2273 796 2300 et
822 2267 1041 2309 g'etendolum
1073 2270 1201 2308 particl—
1221 2273 1223 2305 t

462 2331 517 2365 pes
545 2322 674 2363 tierent)
702 2320 834 2362 regendi
868 2325 900 2353 et
924 2319 1056 2352 omnino
1084 2309 1223 2361 guliel-¹1

463 2375 561 2408 nandi
581 2375 709 2417 plenam
732 2378 761 2405 et
786 2373 919 2405 liberam
947 2372 1131 2404 tacultatem
1153 2373 1202 2403 ea-

464 2429 538 2461 dem
565 2426 753 2460 auctoritate
782 2425 949 2457 tiibuimus
986 2429 1015 2456 et
1047 2417 1224 2469 impertitil

464 2481 598 2520 suimus,
625 2484 656 2513 et
680 2479 767 2518 alias,
790 2484 888 2522 prout
906 2478 937 2510 in
961 2477 1081 2510 nostris
1108 2477 1202 2509 desu-

464 2545 524 2579 per
544 2534 576 2566 in
602 2532 697 2566 simili
724 2532 825 2565 forma
842 2531 952 2565 Brevis
979 2531 1029 2564 die
1056 2540 1093 2563 xv
1120 2522 1224 2583 apri-J

464 2588 504 2622 lis
530 2596 628 2622 noem
655 2585 812 2630 expeditis
840 2585 966 2626 litteris,
994 2594 1129 2628 quamm
1158 2585 1224 2623 te-?

1232 622 1293 648 tam
1319 614 1606 658 congregationem
1640 612 1701 657 ipsi
1727 623 1843 655 magno
1867 623 1969 654 magi-

1231 674 1296 702 stro
1323 672 1443 701 tantum
1471 667 1650 700 subiectam
1677 666 1829 710 privative
1861 665 1970 709 quoad

1233 732 1345 755 omnes
1364 721 1453 761 alios,
1469 720 1554 754 iuxta
1576 721 1760 753 facultatem
1778 719 1825 752 illi
1844 730 1861 751 a
1877 717 1971 752 nobis

1233 775 1315 809 sicut
1354 774 1573 818 praemittitur
1605 773 1811 813 attributam,
1839 772 1907 815 regi
1940 777 1972 806 et

1234 828 1367 862 omnino
1384 828 1558 870 gabernari
1576 827 1746 867 deberent,
1764 827 1833 870 ipse
1852 825 1973 859 nihilo-

1233 882 1341 915 minus
1365 882 1407 914 ob
1434 880 1607 924 quamdam
1625 880 1842 913 urbanitatem
1867 878 1974 912 consi-

1234 934 1312 968 lium
1329 934 1404 967 dicti
1419 933 1592 977 hospitalis
1608 943 1705 976 super
1721 932 1821 965 rebus
1840 931 1974 965 maioris

1235 987 1389 1021 momenti
1415 987 1517 1020 dietas
1551 996 1647 1019 naves
1676 986 1812 1019 bellicas
1843 995 1975 1018 concer-

1236 1040 1399 1079 nentibus,
1418 1040 1503 1073 inter
1521 1049 1601 1083 quas
1618 1038 1797 1072 nominatio
1815 1037 1974 1071 maiorum

1237 1094 1424 1128 officialium
1446 1093 1597 1132 habetur,
1616 1102 1746 1135 semper
1766 1090 1974 1131 consuluerit,

1237 1159 1273 1181 ae
1298 1148 1436 1190 desuper
1461 1156 1531 1179 eum
1556 1145 1644 1179 illius
1669 1145 1907 1188 approbatione
1926 1144 1977 1177 de-

1237 1200 1443 1239 liberaverit,
1485 1209 1659 1243 progressu
1699 1208 1775 1231 vero
1816 1198 1975 1241 temporis

1238 1253 1440 1297 experientia
1464 1257 1666 1296 compertum
1692 1252 1797 1291 suerit,
1825 1262 1895 1285 eam
1923 1261 1977 1284 ur-

1237 1307 1412 1340 banitatem
1438 1305 1645 1349 proponendi
1667 1305 1698 1337 in
1718 1304 1857 1338 consilio
1875 1305 1978 1338 nomi-

1238 1360 1402 1393 nationem
1429 1358 1624 1398 officialium,
1643 1369 1659 1391 a
1677 1357 1762 1391 dieto
1780 1368 1898 1400 magno
1916 1368 1978 1390 ma-

1239 1414 1339 1456 gistro
1365 1412 1578 1451 observatam,
1597 1421 1663 1444 non
1689 1411 1795 1457 solum
1819 1411 1907 1444 bono
1932 1421 1979 1444 re·

1239 1465 1349 1509 gimini
1377 1466 1533 1498 dictarum
1553 1464 1679 1497 navium
1697 1474 1764 1497 non
1783 1463 1977 1503 conducere,

1239 1519 1295 1552 sed
1322 1519 1401 1552 illud
1426 1518 1535 1561 potius
1572 1516 1762 1560 perturbare
1779 1543 1787 1557 ‚
1813 1526 1878 1549 non
1909 1515 1980 1549 sine

1241 1571 1442 1616 praeiudicio
1486 1570 1689 1604 auctoritatis
1730 1569 1831 1613 ipsius
1870 1568 1980 1612 magni

1242 1626 1385 1668 magistri
1412 1630 1443 1658 et
1468 1624 1657 1657 meritorum
1683 1624 1817 1656 fratrum
1843 1622 1979 1656 militum

1241 1679 1502 1712 nominatorum:
1541 1677 1634 1710 nobis
1671 1682 1846 1720 propterea
1878 1676 1982 1709 dictus

1242 1743 1376 1774 magnus
1402 1731 1555 1774 magister
1580 1730 1668 1773 (qui,
1693 1735 1727 1762 ut
1752 1729 1887 1769 asserit,
1916 1739 1981 1762 non

1241 1787 1344 1818 solum
1382 1785 1467 1817 dicto
1506 1783 1659 1826 hospitali
1694 1793 1807 1815 navem
1832 1781 1981 1815 bellicam

1242 1839 1453 1883 praedictam,
1483 1847 1577 1880 quam
1600 1836 1666 1868 suis
1684 1835 1827 1880 propriis
1846 1834 1982 1878 sumpti-

1243 1893 1302 1925 bus
1327 1891 1509 1924 construxit
1534 1895 1565 1923 et
1590 1893 1793 1929 manutenet,
1828 1893 1982 1932 qnantum

1243 1946 1280 1978 ad
1315 1946 1440 1978 lucrum
1472 1943 1595 1982 attinet,
1622 1943 1725 1981 cessit,
1753 1948 1784 1974 et
1815 1941 1981 1985 portiones

1244 1998 1484 2042 praedictarum
1504 1996 1523 2028 li
1529 2001 1661 2029 tetenus
1686 1999 1851 2038 captarum
1877 1993 1986 2037 ipsum

1246 2056 1413 2094 tangentes
1439 2050 1539 2083 libere
1566 2048 1707 2088 donavit,
1747 2057 1857 2080 verum
1887 2046 1984 2080 etiam

1220 2097 1395 2138 omnibus
1414 2102 1581 2146 dignitatis
1598 2099 1763 2134 admirati*
1781 2100 1912 2140 iuribus,
1924 2098 1985 2143 ipsi

1246 2156 1415 2190 occasione
1442 2155 1635 2199 praedatum
1660 2164 1718 2198 per
1743 2157 1862 2185 armata
1887 2151 1985 2195 parti-

1245 2210 1402 2243 eulalium
1419 2218 1633 2252 personarum
1660 2205 1784 2248 navigia
1808 2208 1984 2263 iepoitata-

1245 2274 1315 2295 rum
1341 2261 1611 2304 competentibus,
1628 2260 1659 2292 in
1678 2259 1887 2292 commodum
1907 2258 1987 2291 eius-

1246 2316 1318 2348 dem
1346 2314 1515 2357 hospitalis
1542 2312 1664 2356 pariter
1689 2310 1799 2353 cessit)
1819 2310 1988 2344 humiliter

1222 2358 1421 2416 Jsupplicari
1457 2366 1531 2399 fecit
1563 2370 1595 2397 ut
1633 2364 1693 2397 sibi
1730 2364 1762 2396 in
1797 2363 1987 2407 praemissis

1246 2426 1431 2463 opportune
1457 2418 1630 2462 providete
1660 2422 1691 2450 et
1715 2423 1750 2449 ut
1774 2416 1858 2449 infra
1882 2417 1989 2450 indul-

1247 2484 1324 2517 gere
1358 2473 1396 2506 de
1427 2471 1629 2515 benignitate
1666 2481 1744 2514 apos
1732 2469 1842 2504 5ῑοὶὶςῑῑ
1876 2469 1988 2514 digna-

1246 2537 1365 2560 remur.

1286 2591 1293 2617 t
1318 2589 1382 2618 Vide
1398 2588 1564 2617 Du-Cmuei:
1580 2587 1629 2616 sub
1646 2595 1709 2616 voce
1728 2586 1847 2615 Ammir
1865 2588 1902 2621 (ιι,
1918 2586 1965 2620 t).

1946 611 1951 617 .
1979 603 2044 623 magis
2036 597 2080 618 5111,

2256 2122 2269 2213 'nau—s
2260 2058 2269 2110 κο.-
