2269 3203
268 225 317 252 An.
335 227 364 253 c.
389 226 454 253 1712
500 217 564 251 486

292 658 414 680 Exordium.

329 1241 447 1261 Prohibita]

263 1268 373 1294 praedicta
403 1274 448 1294 pre-

263 1295 322 1315 cibus
335 1295 448 1315 cardinalis

263 1324 388 1347 piutectoris
419 1322 448 1341 sa-

262 1351 297 1368 cta
306 1349 343 1368 suh
353 1353 448 1368 exconm-

263 1375 369 1395 nmatione,
390 1375 447 1395 latae

263 1404 380 1422 sententia*³
395 1403 448 1422 Pon-

263 1429 314 1448 tint-i
352 1434 448 1449 {werra—

262 1457 305 1477 230.

759 276 832 310 CLX
839 277 899 310 vlt.

460 347 660 380 Prohibetur
688 349 854 381 monachis
887 349 1021 382 Ordinis
1055 349 1200 383 Cartha-

504 401 630 440 siensz's,
652 412 691 434 ne
712 402 815 433 alicui
839 403 874 434 in
900 403 968 434 suis
994 402 1202 435 monasteriis

505 455 657 487 carnibus
681 456 764 487 vesci
785 456 979 498 permittant
1000 456 1018 488 ¹.

672 535 809 562 Clemens
832 536 912 568 Papa
933 535 982 568 XI⁷

577 579 614 605 ad
636 582 814 612 perpetuam
833 580 878 606 rei
899 580 1082 606 memoriam.

505 649 546 682 Ex
564 649 709 682 iniuncto
728 650 820 683 nobis
840 650 975 684 caelitus
1003 651 1201 695 apostolicae

461 703 623 736 servitutis
661 713 809 743 munero,
847 704 878 736 in
916 714 986 737 eam
1024 705 1200 748 praecipue

461 766 568 788 curam
595 756 744 788 sollicitis
770 756 884 789 studiis
913 757 1142 799 incumbimus,
1167 763 1202 790 ut

459 809 644 851 regularem
676 808 912 842 observantiam
949 809 1200 853 religiosamque

461 862 731 904 tranquillitatem
771 862 857 895 inter
892 863 1066 906 religiosos
1094 863 1198 903 viros,

459 914 512 958 qui
538 926 555 947 a
581 915 700 948 saeculi
728 916 830 948 turbis
862 916 958 958 longe
985 917 1101 949 remoti
1128 921 1200 949 vota

458 978 514 1000 sua
533 968 697 1001 Altissimo
727 974 833 1001 mente
853 969 960 1012 quieta
987 975 1018 1002 et
1043 970 1081 1002 ad
1101 970 1200 1003 Deum

459 1032 516 1064 per
541 1022 828 1064 contemplationis
851 1022 1080 1056 sublimitatem
1106 1029 1200 1066 atque

459 1074 667 1107 suavitatemz
692 1074 830 1107 reddere
865 1076 1012 1116 student,
1047 1081 1201 1119 quantum

459 1126 551 1159 nobis
588 1138 623 1159 ex
664 1128 728 1160 alto
765 1128 969 1169 conceditur,
997 1130 1077 1162 tueri
1104 1135 1200 1173 atque

459 1190 649 1213 conservare
675 1186 865 1224 satagamus.

504 1233 573 1276 §l
611 1233 910 1277 Supplicationilms
950 1235 1055 1278 itaque
1092 1235 1199 1269 dilecti

461 1286 515 1319 lilii
550 1287 650 1319 nostri
690 1287 857 1320 Annibalis
894 1287 926 1321 S.
954 1288 1042 1321 RE.
1074 1289 1199 1322 diaconi

460 1339 635 1372 cardinalis
661 1340 776 1373 Albani
803 1341 994 1384 nuncupati,
1023 1342 1125 1375 nostri
1153 1353 1200 1375 se-

460 1392 600 1426 cundum
626 1403 754 1425 carnem
780 1404 816 1426 ex
843 1394 940 1427 fratre
965 1404 1119 1437 germano
1146 1406 1200 1428 ne-

460 1446 567 1489 potis,
600 1446 730 1480 Ordinis
762 1447 1000 1481 Carthusicnsis
1025 1449 1108 1492 apud
1140 1460 1198 1482 nos

459 1505 491 1532 et
515 1499 630 1532 Scdcm
657 1500 875 1543 Apostolicam
902 1502 1121 1544 protectoris,
1147 1512 1200 1535 no-

458 1552 507 1585 bis
531 1562 628 1596 super
653 1553 715 1586 lioc
743 1553 907 1586 humiliter
932 1555 1088 1597 porrectis
1115 1555 1200 1589 incli-

459 1605 541 1644 nati,
569 1616 607 1638 nc
635 1606 673 1638 dc
708 1611 817 1639 cetero
852 1607 1010 1651 quispiam
1043 1614 1200 1641 monaste-

459 1658 580 1691 riorum
608 1659 682 1692 dicti
709 1659 839 1692 Ordinis
864 1660 1023 1703 superior,
1044 1662 1091 1694 vel
1118 1661 1200 1694 alius

459 1712 606 1745 ciusdem
641 1712 769 1745 Ordinis
805 1711 996 1753 monachus,
1035 1714 1101 1747 sive
1131 1714 1200 1753 ,alia

460 1765 625 1809 quaelibet
662 1777 821 1809 persona,
848 1777 1105 1810 quemcumque,
1133 1768 1198 1801 sive

458 1819 713 1852 ecclesiasticum
731 1821 928 1853 saecularem
945 1822 993 1853 vel
1009 1823 1197 1864 regularem,

458 1872 571 1915 quavis
593 1873 755 1905 mundana
781 1874 829 1905 vel
849 1874 1068 1907 ecclesiastica
1085 1885 1200 1918 praee-

457 1925 633 1965 minentia,
660 1931 820 1969 potestate
846 1928 894 1959 vel
921 1927 1075 1970 dignitate
1101 1927 1198 1960 etiam

458 1978 658 2011 cardinalitia
684 1979 882 2022 fungentem,
907 1979 1059 2013 carnibus
1078 1980 1109 2012 in
1136 1991 1201 2013 mo-

458 2032 589 2064 nasterii
614 2031 742 2065 Ordinis
770 2033 966 2074 huiusmodi,
982 2033 1137 2067 adversus
1162 2034 1198 2067 il-

459 2085 521 2118 lius
548 2086 714 2130 antiquam
741 2092 772 2119 et
798 2087 994 2120 laudabilem
1026 2094 1200 2120 consuetu-

459 2139 576 2180 dinem,
603 2139 668 2171 sivc
694 2140 822 2182 publice
848 2140 915 2173 sive
941 2145 1080 2180 secreto,
1097 2136 1143 2173 uti
1169 2146 1200 2174 et

460 2191 543 2225 vesci
581 2193 769 2235 permittere
805 2194 923 2227 audeat
959 2194 1072 2237 quovis
1103 2194 1199 2228 modo

458 2255 513 2277 seu
539 2252 736 2288 praesumat,
769 2246 827 2279 sub
854 2246 1199 2280 excommunicationis

459 2299 542 2331 latae
580 2299 759 2332 sententiae
787 2300 819 2342 (a
843 2310 905 2342 qua
935 2310 1055 2340 nemo,
1084 2300 1145 2332 nisi
1183 2311 1199 2332 a

514 2360 523 2386 1
548 2359 698 2386 innocentii
718 2359 765 2387 XII
786 2364 871 2387 const.
893 2360 958 2387 edit.
981 2366 1100 2393 nocxcn,
1122 2360 1165 2387 die
1185 2360 1199 2386 4

460 2404 623 2437 novembris,
645 2404 739 2439 pontis.
762 2411 790 2437 u,
812 2404 978 2431 declaratum
999 2405 1048 2431 fuit
1069 2407 1200 2431 statutum

460 2456 512 2476 non
541 2447 697 2483 egrediendi
728 2457 759 2475 ex
788 2456 898 2481 erem03
928 2453 954 2475 et
984 2448 1121 2475 Benedicti
1141 2448 1199 2475 xltl

460 2497 544 2520 const.
566 2492 631 2519 edit.
652 2499 783 2525 moccxxv,
800 2492 843 2519 die
863 2493 897 2519 ⁹20
916 2492 1034 2528 augusti,
1056 2493 1150 2528 pontis.
1172 2499 1200 2525 u,

459 2537 588 2564 statuitur
608 2540 637 2563 ut
660 2536 750 2563 nullus
779 2536 924 2572 impetrare
952 2536 1035 2572 possit
1054 2537 1167 2572 gratiam
1187 2545 1203 2564 a

460 2582 557 2609 Sancta
576 2581 647 2609 Sede
667 2581 726 2608 sine
747 2581 864 2609 licentia.

494 2626 509 2654 2
529 2625 640 2653 Videtur
660 2624 755 2653 deesse
775 2626 863 2655 ἕνεί-τά
885 2629 930 2653 aut
951 2625 1039 2654 simile
1059 2626 1098 2660 (a.
1116 2625 1164 2661 r).

1041 228 1222 254 nutriamur!
1246 228 1402 255 ROMANUM

1989 231 2036 259 An.
2058 232 2087 259 C.
2109 233 2176 260 17¹2

1246 279 1339 313 nobis
1357 290 1412 313 seu
1430 279 1575 314 Romano
1590 279 1744 314 Pontifice
1763 291 1820 325 pro
1838 285 1983 325 tempore

1245 331 1412 374 existente,
1432 332 1646 366 absolutionis
1665 333 1867 375 beneficium,
1894 345 1986 378 prae-

1247 389 1391 427 terquam
1417 386 1448 418 in
1479 386 1590 419 mortis
1616 386 1754 420 articulo
1780 387 1983 426 constitutus,

1246 437 1396 471 obtinere
1416 440 1525 481 queat)
1545 438 1680 482 aliisque
1699 449 1756 482 per
1774 443 1893 473 statuta
1919 451 1986 473 me-

1246 491 1362 523 morati
1401 490 1530 524 Ordinis
1575 492 1764 525 auctoritate
1805 493 1984 536 apostolica

1245 542 1434 576 confirmata
1460 544 1589 578 inflictis
1612 544 1726 587 poenis
1752 555 1790 578 eo
1816 545 1887 588 ipso
1913 545 1984 578 abs-

1245 607 1308 639 que
1335 597 1397 630 alia
1421 598 1640 631 declaratione
1659 598 1875 639 incurrendis,
1902 598 1985 632 dicta

1245 650 1447 690 auctoritate,
1466 657 1575 684 tenore
1598 651 1830 694 praesentium,
1850 651 1985 685 interdi-

1245 702 1347 735 cimus
1369 708 1400 736 et
1425 704 1651 748 prohibemus.

1288 757 1302 799 ἓ
1327 755 1357 789 ΕΖ.
1386 757 1618 798 [tecm-nentes,
1641 758 1767 791 easdem
1793 763 1986 802 praesentes

1244 810 1369 843 litteras
1390 821 1521 854 semper
1543 811 1659 851 firmas,
1682 811 1805 845 validas
1826 817 1859 845 et
1880 812 1986 846 effica-

1244 874 1296 896 ces
1321 865 1461 897 existere
1479 870 1510 898 et
1539 866 1619 904 sore,
1647 876 1790 909 suosque
1817 866 1985 909 plenarios

1245 924 1275 949 et
1301 917 1445 960 integros
1471 918 1605 951 esl'ectus
1630 919 1740 952 sortiri
1767 925 1798 952 ct
1823 919 1984 959 obtinere,

1244 980 1280 1002 ac
1304 971 1342 1003 ab
1364 971 1442 1010 illis,
1459 971 1497 1003 ad
1519 982 1601 1014 quos
1627 978 1762 1015 spectat,
1781 978 1813 1005 et
1832 983 1893 1016 pro
1910 978 1987 1006 tem·

1244 1033 1324 1066 pore
1349 1024 1621 1068 quandocumque
1639 1025 1804 1068 spectabit,
1819 1025 1987 1059 inviolabi-

1244 1077 1318 1109 liter
1351 1082 1381 1110 et
1417 1077 1611 1111 inconcusse
1645 1078 1833 1119 observari,
1873 1080 1984 1123 sicque

1244 1129 1276 1162 in
1301 1130 1490 1173 praemissis
1517 1142 1575 1174 per
1606 1142 1835 1175 quoscumque
1861 1132 1985 1166 iudices

1245 1183 1428 1217 ordinarios
1446 1189 1477 1217 et
1496 1184 1675 1227 delegatos,
1697 1185 1793 1218 etiam
1814 1195 1985 1218 causarum

1244 1236 1355 1278 palatii
1382 1237 1551 1279 apostolici
1579 1237 1758 1278 auditores,
1779 1248 1814 1271 ao
1840 1237 1986 1271 eiusdem

1244 1290 1275 1323 S.
1313 1290 1348 1322 R.
1382 1290 1416 1322 E.
1453 1291 1646 1330 cardinales,
1679 1291 1774 1324 etiam
1813 1291 1851 1324 de
1885 1292 1986 1324 latere

1245 1344 1367 1385 legatos
1405 1347 1435 1375 et
1473 1342 1565 1375 Sedis
1593 1343 1797 1386 Apostolicae
1835 1343 1982 1385 nuncios,

1244 1395 1365 1428 aliosve
1391 1396 1554 1438 quoslibet
1589 1407 1792 1440 quacumque
1827 1397 1987 1441 praeemi-

1244 1449 1353 1481 nentia
1391 1454 1421 1481 et
1458 1454 1617 1492 potestate
1655 1450 1826 1493 fungentes
1861 1456 1892 1483 et
1918 1450 1984 1483 sun-

1243 1507 1360 1542 cturos,
1390 1502 1515 1535 sublata
1552 1503 1597 1536 eis
1635 1509 1666 1535 et.
1703 1514 1814 1536 eornm
1853 1503 1985 1537 cuilibet

1244 1556 1354 1599 quavis
1380 1556 1475 1590 aliter
1499 1555 1664 1589 iudicandi
1692 1561 1722 1589 et
1747 1556 1984 1600 interpretandi

1244 1609 1392 1643 facultate
1419 1615 1450 1642 et
1468 1609 1669 1650 auctoritate,
1689 1609 1827 1643 iudicari
1853 1615 1885 1643 et
1908 1609 1986 1643 defi-

1243 1662 1304 1695 niri
1345 1663 1489 1702 debere,
1521 1673 1557 1696 ac
1596 1663 1725 1696 irritum
1757 1669 1788 1696 et
1825 1663 1921 1696 inane
1958 1662 1984 1695 si

1241 1725 1335 1748 secus
1362 1725 1460 1759 super
1485 1715 1535 1748 liis
1554 1726 1570 1748 a
1595 1726 1772 1759 quoquam,
1791 1716 1903 1760 quavis
1930 1725 1986 1749 au-

1242 1769 1402 1810 ctoritate,
1437 1769 1581 1802 scienter
1604 1769 1651 1802 vel
1678 1769 1880 1812 ignoranter,
1900 1779 1981 1802 con-

1244 1821 1353 1864 tigerit
1377 1822 1544 1855 attentari.

1286 1875 1300 1918 ς
1331 1875 1361 1909 ΒΔ
1390 1875 1546 1914 Quocirca
1578 1876 1697 1909 dilecto
1732 1875 1798 1909 filio
1825 1875 2178 1934 mOderssoh„„„{‘¹¹b„¹t§2¹c¹}‘i

1243 1929 1342 1972 priori
1358 1928 1504 1972 generali
1523 1928 1599 1962 dicti
1617 1929 1745 1962 Ordinis
1763 1929 1880 1962 harum
1900 1928 1982 1962 serie
1993 1935 2057 1960 auur·-

1243 1982 1477 2015 committimus
1517 1988 1547 2016 et
1580 1983 1794 2023 mandamus,
1829 1988 1863 2015 ut
1894 1982 1981 2026 ipsas

1242 2040 1435 2079 praesentes
1465 2035 1591 2068 litteras
1622 2036 1655 2068 in
1681 2036 1834 2069 omnibus
1859 2041 1891 2069 et
1921 2035 1984 2068 sin-

1242 2089 1326 2131 gulis
1342 2088 1470 2122 Ordinis
1488 2088 1647 2132 praedicti
1669 2089 1845 2133 provinciis
1863 2094 1895 2122 et
1914 2099 1983 2122 mo-

1243 2142 1390 2175 nasteriis
1427 2141 1667 2186 quamprimum
1695 2141 1856 2186 publicari
1882 2147 1981 2181 curet,

1243 2206 1282 2228 ne
1308 2195 1469 2239 quispiam
1504 2195 1634 2228 illarum
1665 2195 1881 2237 ignorantiam
1908 2195 1982 2228 alle-

1243 2257 1318 2289 gare
1340 2246 1453 2289 possit.

1286 2301 1300 2342 ,ξ
1325 2300 1357 2332 4.
1384 2299 1452 2332 Non
1471 2298 1675 2332 obstantibus
1696 2298 1983 2332 constitutionibus

1242 2358 1274 2385 et
1298 2351 1561 2385 ordinationibus
1589 2351 1787 2395 apostolicis,
1811 2362 1856 2405 ac,
1872 2356 1984 2395 quate-

1242 2415 1303 2437 nus
1328 2415 1408 2448 opus
1434 2405 1484 2444 sit,
1510 2404 1585 2437 dicti
1603 2404 1732 2437 Ordinis
1757 2405 1892 2448 eiusque
1910 2415 1983 2449 pro-

1242 2457 1420 2490 vinciarum
1446 2462 1478 2489 et
1502 2457 1785 2498 monasteriorum,
1812 2457 1909 2491 etiam
1934 2457 1983 2490 iu-

1243 2516 1403 2550 ramento,
1432 2510 1678 2544 confirmatione
1712 2511 1904 2554 apostolica,
1933 2511 1982 2544 vel

1245 2564 1356 2607 quavis
1381 2563 1531 2597 firmitate
1557 2564 1621 2596 alia
1645 2564 1820 2604 roboratis,
1854 2563 1982 2596 statutis

1244 2621 1275 2649 et.
1299 2615 1600 2657 consueuit-linibus,
1626 2615 1805 2660 privilegiis
1830 2625 1980 2659 quoqne,

2022 766 2142 789 «lausanae.

2065 2305 2177 2330 besogium

1995 2332 2157 2352 contrariorum.
