2269 3203
78 247 129 275 An.
151 245 181 274 C.
204 245 273 273 1704

273 295 307 328 in
334 295 455 328 iudicio
483 305 576 338 quam
605 299 694 326 extra
719 292 798 325 illud
817 290 945 334 ubique
972 291 1018 322 lo-

274 360 386 382 corum
414 348 582 388 habeatur,
608 357 688 390 qnae
715 346 837 379 eisdem
865 354 1018 387 praesen-

275 403 359 435 tibus
394 402 569 435 haberetur
589 400 614 432 si
646 400 752 433 forent
778 398 942 432 exhibitae
968 398 1017 430 vel

275 461 438 489 ostensae.

320 509 433 541 Datum
456 509 575 541 Romae
602 507 685 550 apud
719 506 750 539 S.
786 506 925 544 Petrum,
960 505 1019 536 sub

276 564 398 596 annulo
414 561 598 601 piscatoris,
614 561 665 593 die
680 571 709 593 X}
729 559 870 593 februari
889 567 1018 597 uocetv,

276 615 485 660 pontificatus
508 615 611 647 nostri
639 623 724 646 anno
750 624 790 646 iv.

315 678 373 705 Dat.
395 677 439 704 die
462 679 487 704 *ll
513 676 643 704 februarii
667 676 745 706 ΠΜ,
764 674 860 710 pontif.
879 682 951 701 anno
966 680 1003 700 iv.

606 821 693 854 Lvu.

282 904 496 947 Confirmalm‘
520 902 682 935 decrelzun
705 899 974 943 Coram-effatione&
999 908 1023 930 e-

324 958 531 1002 piscoporum
553 961 581 989 el
605 955 824 999 regularium,
841 964 904 997 quo
922 952 1024 985 decla-

324 1015 432 1051 ratur,
453 1009 673 1054 provinciales
690 1012 870 1050 assumptos
884 1005 1025 1049 yaudere

326 1064 477 1097 omnibus
484 1062 670 1106 privilesyiis
678 1059 934 1104 provincialium
944 1058 1027 1091 abso-

330 1118 473 1150 lutorum
491 1117 700 1149 eremitarum
717 1115 824 1147 sancti
844 1112 1028 1155 Augyustini

328 1170 601 1205 Discalcealorum
623 1167 889 1211 Conqreqationis
910 1166 1028 1208 Hispa-

329 1224 467 1256 niarum
493 1227 521 1256 et
546 1221 754 1255 Indiarum'.

509 1304 644 1330 Clemens
666 1303 745 1335 Papa
765 1301 814 1334 x1,

432 1350 468 1377 ad
488 1348 622 1375 futuram
642 1348 686 1375 rei
708 1347 893 1374 memoriam.

121 1431 205 1452 Causae
224 1431 280 1451 inse-

96 1462 179 1485 quentis
190 1458 279 1479 decruu.

334 1420 348 1464 ἓ
368 1419 398 1452 1.
419 1419 535 1463 Nuper,
556 1429 615 1462 pro
633 1424 723 1462 parte
739 1418 934 1451 dilectorum
951 1417 1033 1450 filio-

292 1484 363 1506 rum
381 1472 490 1505 Didaci
510 1484 527 1505 a
544 1472 576 1505 S.
596 1472 830 1511 Bonaventura,
854 1471 964 1504 vicarii
986 1481 1035 1513 ge-

293 1527 424 1567 neralis,
447 1537 483 1560 ac
501 1525 708 1559 definitorum
727 1525 933 1568 generalium
955 1524 1035 1558 Con-

294 1580 494 1623 gregationis
530 1578 703 1622 Hispaniae
731 1584 761 1612 ct
786 1578 950 1611 Indiarum
977 1578 1037 1611 sra-

295 1639 381 1666 trum
405 1632 535 1666 Ordinis
561 1632 775 1665 Eremitarum
801 1632 904 1665 saneti
932 1633 1037 1674 Augu-

295 1686 369 1719 stini
385 1686 657 1718 Discalceatorum
675 1685 1038 1729 nuncupatorum‚Con-

295 1738 478 1782 gregationi
497 1738 732 1772 venerabilium
752 1739 883 1771 fratrum
909 1744 1038 1771 nostro-

294 1803 367 1825 rum
392 1792 424 1825 S.
452 1792 489 1824 R.
517 1791 552 1824 E.
587 1791 802 1824 cardinalium
835 1792 976 1834 negotiis
1007 1798 1040 1825 et

296 1845 592 1879 consultationibus
621 1845 852 1888 episcoporum
885 1852 917 1878 et
944 1857 1039 1889 regu-

296 1899 412 1933 larium
436 1899 646 1942 praepositae
673 1899 833 1941 exposito,
858 1899 947 1942 quod
967 1899 1039 1943 ipsi,

298 1952 336 1985 ad
364 1952 543 1984 tollendam
565 1961 694 1984 omnem
720 1950 785 1983 litis
804 1952 1039 1993 occeasionem⁷

299 2015 380 2049 quae
406 2005 437 2037 in
464 2004 725 2048 Congregatione
753 2005 926 2048 Hispaniae
945 2011 976 2039 et
991 2006 1042 2038 In-

300 2059 426 2092 diarum
441 2059 628 2092 huiusmodi
644 2059 721 2092 oriri
735 2065 854 2102 posset,
865 2060 1041 2103 plurimum

300 2112 479 2156 cupiebant
504 2112 544 2145 ab
562 2112 674 2145 eadem
693 2111 955 2155 Congregatione
976 2124 1044 2146 car—

301 2165 459 2199 dinalium
479 2166 638 2199 declarari
657 2176 765 2199 casum
784 2166 815 2199 in
837 2177 950 2199 eorum
973 2177 1043 2200 con-

302 2219 526 2253 stitutionibus
548 2220 718 2260 omissum,
746 2230 785 2252 an
811 2225 953 2253 rectores
971 2231 1046 2263 pro-

303 2272 479 2313 vinciales,
517 2283 612 2316 quos,
639 2277 775 2316 propter
815 2274 925 2316 plures
967 2274 1045 2306 alias

305 2335 417 2359 causas
447 2337 542 2369 quam
567 2337 627 2370 per
657 2327 781 2359 obitum
825 2327 1044 2360 ministrorum

342 2389 354 2414 1
378 2387 626 2424 Exprovincialium
646 2389 787 2424 privilegia
814 2397 945 2416 concessa
971 2389 1046 2417 fuere

305 2433 529 2465 procuratoribus
556 2433 732 2467 generalibus
760 2433 918 2460 insularum
944 2433 1046 2469 Philip-

307 2475 434 2509 pinarum
452 2477 485 2503 ab
499 2478 657 2505 Innocentio
673 2476 705 2504 XI
722 2482 808 2505 const.
826 2479 869 2505 ed.
887 2485 1046 2512 MDCLxxvll,

309 2519 353 2546 die
374 2521 401 2546 11
423 2521 585 2555 decembriS,
606 2527 681 2557 pont.
705 2529 737 2553 11:
766 2527 793 2550 et
813 2523 919 2550 vicariis
941 2525 1049 2559 provin-

309 2562 424 2590 cialibus
443 2565 580 2592 ludiarum
600 2567 781 2594 Orientalium
805 2568 959 2603 provinciae
983 2568 1049 2595 Por-

896 237 1037 266 CLEMENs
1062 238 1097 263 xl
1119 238 1169 262 1³1³.

1061 286 1328 332 provincialium,
1362 295 1480 329 nempe
1518 285 1558 317 ob
1585 285 1804 318 reminciatio-

1063 352 1134 374 nem
1161 347 1191 373 et
1222 340 1451 384 privationem,
1481 339 1518 371 ad
1550 338 1804 382 provincialatus

1063 395 1251 428 huiusmodi
1288 395 1430 427 osticium
1457 393 1577 426 assumi
1604 392 1805 434 contigisset,

1062 449 1219 482 absolutis
1245 459 1356 481 eorum
1384 447 1507 487 officiis,
1534 447 1679 489 gainlere
1711 445 1809 478 debe-

1064 507 1136 534 rent
1164 502 1316 534 omnibus
1343 507 1374 533 et
1408 500 1544 542 singulis
1571 499 1751 542 priiilegiis
1777 503 1809 530 et

1064 554 1338 598 exemptionibus,
1366 553 1482 597 quibus
1510 553 1653 595 gaudent
1678 552 1809 595 provin-

1064 609 1163 641 ciales
1181 607 1338 640 absoluti:
1359 607 1520 639 emanavit
1537 606 1576 638 ab
1594 605 1707 638 cadem
1729 605 1808 638 Con-

1065 662 1257 704 gri-galieno
1269 661 1480 693 cardinalium
1500 661 1668 693 decretum
1685 658 1808 691 tenoris

1066 715 1120 758 qui
1146 715 1306 758 sequitur,
1335 714 1506 747 videlicet:

1114 768 1199 798 Sacra
1233 768 1425 806 Congregatio
1452 767 1754 797 eminentissimorum
1780 770 1808 796 et
1846 775 2005 796 iit-cretarum·

1065 818 1377 848 reverendissimorum
1409 817 1438 847 S.
1474 818 1508 847 R.
1545 817 1576 847 E.
1612 803 2006 854 cardinaliumffdfflssisslff'J'i'ffi

1821 855 1947 875 uncialibus
1972 861 2006 875 as-

1066 867 1191 905 negotiis
1213 870 1241 896 et
1263 866 1527 896 consultationibus
1551 866 1756 905 episcoporum
1781 868 1917 908 etsumpffi·

1066 915 1245 954 regularium
1270 915 1447 954 praeposita,
1476 915 1573 944 audito
1601 919 1681 953 patre
1704 922 1812 953 procu-

1067 966 1163 992 ratore
1186 962 1314 1000 generali
1333 961 1460 998 Ordinis,
1485 966 1510 991 et
1535 962 1654 991 attentis
1671 961 1808 997 narratis,

1068 1009 1182 1039 censuit
1215 1018 1246 1038 ac
1270 1008 1429 1038 declararit
1451 1008 1589 1046 gaudere.
1629 1008 1738 1037 Itomae
1763 1015 1811 1036 xlv

1068 1057 1232 1087 decembris
1254 1065 1375 1086 MDCOEH.
1399 1075 1438 1080 —
1460 1056 1493 1087 G.
1518 1056 1676 1086 cardinalis
1707 1056 1811 1086 Ciam-

1069 1113 1141 1134 Nnus
1164 1122 1202 1126 —
1225 1105 1250 1132 Ι.
1275 1103 1306 1133 1³.
1331 1103 1503 1133 GniuAtuus
1526 1103 1714 1132 secretarius.

1116 1152 1186 1196 {9⁴-
1214 1152 1292 1184 Cum
1330 1158 1447 1192 autem,
1481 1151 1564 1184 sicut
1599 1151 1676 1183 dicti
1715 1161 1814 1194 expo-

1073 1211 1186 1238 nentes
1223 1205 1317 1238 uobis
1345 1205 1484 1237 subinde
1511 1205 1629 1248 exponi
1657 1204 1813 1244 fecerunt,

1074 1258 1136 1302 ipsi
1169 1258 1338 1290 decretum
1374 1257 1573 1298 huiusmodi,
1604 1268 1666 1300 quo
1692 1257 1816 1289 firmius

1075 1311 1231 1345 subsistat
1247 1316 1435 1344 etservetur
1451 1311 1604 1350 exactius,
1619 1310 1817 1354 apostolicae

1077 1364 1330 1398 confirmationis
1362 1370 1494 1397 nostrae
1520 1364 1703 1407 patrocinio
1732 1374 1820 1397 com-

1077 1418 1193 1451 muniri
1210 1428 1420 1461 summopere
1436 1417 1639 1450 desiderent:
1657 1428 1726 1458 nos,
1740 1417 1821 1460 ipso-

1078 1483 1149 1504 rum
1169 1471 1405 1515 exponentium
1423 1471 1504 1504 votis
1523 1471 1583 1504 hac
1601 1471 1633 1504 in
1653 1481 1699 1511 re,
1719 1481 1821 1514 quan-

1080 1532 1145 1559 tum
1171 1537 1242 1559 cum
1271 1525 1406 1558 Domino
1433 1536 1618 1569 possumus,
1654 1525 1819 1558 favorabi-

1080 1580 1153 1613 liter
1179 1590 1325 1613 annuere
1352 1580 1507 1619 volentes,
1523 1584 1555 1612 et
1580 1590 1691 1612 eorum
1717 1579 1824 1622 singu-

1080 1634 1166 1666 lares
1199 1642 1357 1675 personas
1390 1643 1407 1664 a
1439 1632 1606 1675 quibusvis
1640 1642 1825 1664 excommu-

1081 1686 1261 1725 nicationis,
1275 1685 1501 1728 suspensionis
1513 1692 1544 1717 et
1554 1685 1729 1724 interdicti,
1742 1684 1826 1718 aliis-

1082 1752 1144 1784 que
1171 1740 1399 1773 ecclesiasticis
1427 1739 1599 1779 sententis,
1623 1739 1769 1772 censuris
1795 1744 1827 1771 et

1082 1794 1206 1838 poenis,
1222 1806 1239 1828 a
1258 1794 1326 1827 iure
1346 1795 1393 1827 vel
1416 1795 1455 1826 ab
1475 1793 1617 1835 homine,
1640 1793 1753 1836 quavis
1771 1802 1825 1825 oc-

1083 1848 1213 1881 easione
1238 1849 1289 1881 vel
1316 1850 1413 1880 causa
1438 1847 1523 1886 latis,
1551 1847 1575 1879 si
1603 1847 1721 1890 quibus
1746 1856 1827 1889 qno-

1083 1901 1266 1934 modolibet
1276 1901 1448 1934 innodatae
1460 1900 1613 1940 existunt,
1625 1900 1663 1932 ad
1676 1899 1826 1932 effectum

1084 1955 1319 1998 praesentium,
1354 1955 1519 1987 dumtaxat
1545 1953 1825 1997 consequendum,

1085 2009 1201 2041 barum
1239 2008 1322 2041 serie
1354 2007 1563 2040 absolventes
1597 2012 1628 2040 et
1663 2007 1828 2040 absolutas

1086 2061 1154 2094 sore
1181 2066 1364 2101 censentes,
1388 2060 1684 2104 supplicationibus
1716 2070 1828 2093 eorum

1087 2114 1218 2147 nomine
1244 2114 1337 2146 nobis
1359 2124 1458 2156 super
1484 2113 1546 2146 hoc
1567 2113 1736 2146 humiliter
1756 2123 1830 2156 por·

1087 2168 1183 2201 rectis
1209 2167 1368 2207 inclinati,
1390 2167 1556 2199 decretum
1574 2167 1826 2210 praeiusertum,

1088 2221 1276 2254 auctoritate
1307 2219 1507 2263 apostolica,
1537 2226 1650 2253 tenore
1677 2230 1830 2263 praesen—

1089 2275 1175 2314 tium,
1202 2273 1431 2307 confirmamus
1458 2279 1489 2306 et
1514 2273 1745 2317 approbamus,
1767 2273 1831 2306 illi-

1089 2340 1151 2372 que
1193 2328 1393 2361 inviolabilis
1434 2328 1631 2371 apostolicae
1672 2327 1831 2360 firmitatis

1090 2382 1192 2415 robur
1210 2381 1399 2422 adiieimus3
1419 2383 1505 2414 salva
1524 2387 1628 2415 tamen
1647 2391 1779 2424 semper
1799 2381 1830 2413 in

1089 2435 1277 2480 praemissis
1302 2435 1495 2468 auctoritate
1528 2440 1726 2468 memoratae
1752 2434 1833 2468 Con-

1089 2488 1290 2532 gregationis
1316 2488 1505 2521 eorumdem
1531 2488 1758 2521 cardinalium.

1134 2542 1148 2585 ἓ
1173 2541 1206 2575 3.
1233 2541 1466 2582 DecernenteS,
1493 2541 1622 2574 easdem
1644 2545 1832 2584 praesentes

1808 234 1857 263 An.
1878 234 1908 262 C.
1929 233 2000 262 1704

1874 1156 2008 1177 Confirmatio

1825 1183 1888 1204 relati
1904 1184 1994 1203 decreti.

1871 2545 1991 2568 clausulae,

311 2607 548 2642 tugalliaeabhoc
563 2611 695 2638 Pontifiee
710 2616 797 2640 const.
819 2612 863 2640 ed.
881 2617 989 2648 noceri,
1007 2613 1051 2640 die
1091 2595 1216 2628 litteras
1242 2605 1373 2638 semper
1398 2594 1519 2635 fisfflasu
1545 2594 1667 2627 validas
1702 2598 1734 2626 Εῑ
1765 2593 1832 2625 effi·

313 2653 324 2678 1
346 2651 485 2688 februarii,
507 2654 601 2689 pontif.
624 2662 659 2683 Vi.

1092 2659 1183 2682 caees
1202 2650 1341 2683 existere
1363 2654 1394 2682 et
1412 2649 1491 2690 sore,
1506 2658 1647 2691 suosque
1664 2647 1832 2691 plenarios
