2269 3203
256 253 305 281 An.
322 253 351 281 c,
375 254 436 281 ΠΗ
488 244 551 278 432

450 302 559 336 stituta
585 303 758 336 confovere
777 308 809 337 et
825 313 1027 348 promovere,
1054 314 1090 335 ac
1116 313 1189 345 pro-

450 355 526 389 inde
544 356 664 389 dictum
681 355 870 389 Michafflem
897 361 928 389 et
948 356 1083 389 dilectos
1102 354 1187 388 filios

450 409 563 442 fratres
581 408 850 452 Congregationis
870 408 1055 442 huiusmodi
1070 408 1188 452 specia-

449 462 534 495 libus
554 462 715 496 favoribus
733 467 764 495 et
783 462 894 505 gratiis
910 462 1066 505 prosequi
1083 463 1189 494 volen-

451 520 511 555 tes,
530 520 562 548 et
579 526 692 549 eorum
711 515 894 557 singulares
913 524 1070 558 personas
1088 525 1105 547 a
1123 514 1189 557 qui-

449 567 556 600 busvis
582 566 937 607 excommunicationis,
964 567 1188 610 suspensionis

449 625 480 653 et
497 619 670 659 interdicti,
695 619 830 663 aliisque
856 620 1088 653 ecclesiasticis
1115 630 1188 652 sen-

449 672 581 712 tentiis,
607 673 752 705 censuris
777 678 808 705 et
833 672 968 715 poenis,
993 684 1010 705 a
1042 672 1112 705 iure
1139 673 1187 706 vel

449 726 487 758 ab
514 725 658 766 homine,
685 726 794 769 quavis
820 725 991 759 occasione
1017 726 1067 759 vel
1095 727 1188 759 causa

448 779 530 818 latis,
556 779 582 811 si
609 779 727 822 quibus
751 778 996 822 quomodolibet
1014 779 1187 812 innodatae

449 831 603 871 existunt,
630 831 667 864 ad
696 830 842 864 effectum
868 831 1187 874 praesentiumdum-

449 888 534 917 taxat
558 884 821 927 consequendum
842 911 848 924 ,
875 884 989 916 harum
1015 883 1096 916 serie
1131 884 1187 916 ab·

448 937 612 969 solventes
637 941 668 969 et
692 936 853 969 absolutas
888 936 955 969 sore
989 940 1161 968 censentes
1177 962 1185 976 ,

448 988 634 1022 huiusmodi
661 989 953 1033 supplicationibus
971 988 1116 1021 eiusdem
1134 988 1187 1020 Mi-

448 1042 571 1075 chaelis
595 1042 726 1075 nomine
751 1042 846 1075 nobis
872 1052 971 1085 super
995 1042 1059 1074 hoc
1083 1041 1187 1074 humi-

448 1093 522 1127 liter
535 1094 695 1138 porrectis
712 1093 871 1134 inclinati,
892 1094 931 1127 de
948 1093 1185 1127 venerabilium

449 1148 583 1180 fratrum
600 1153 790 1181 nostrorum
809 1152 938 1180 sanctae
950 1147 1114 1181 Romanae
1131 1146 1187 1180 Ec-

448 1200 566 1234 clesiae
591 1200 802 1234 cardinalium
829 1200 967 1244 negotiis
993 1206 1023 1233 et
1060 1201 1186 1233 consul-

448 1253 623 1287 tationibus
655 1253 885 1296 episcoporum
921 1258 953 1286 et
988 1253 1186 1296 regularium

448 1307 711 1350 praepositorum
737 1307 893 1347 consilio,
922 1307 1053 1339 attentis
1080 1317 1186 1340 narra-

449 1360 488 1392 tis
504 1386 511 1400 ,
539 1359 648 1392 onmia
674 1365 705 1392 et
729 1359 856 1402 singula
881 1359 1070 1402 privilegia,
1094 1370 1186 1403 prae-

448 1413 631 1456 rogativas,
658 1413 902 1452 concessiones,
929 1413 1064 1453 favores,
1091 1414 1187 1446 lacul-

449 1470 528 1498 tates
555 1492 563 1505 ,
602 1465 838 1499 declarationes
858 1492 865 1505 ‚
902 1465 1183 1506 conservatorias,

448 1518 664 1552 immunitates
690 1524 721 1551 et
745 1518 980 1561 exemptiones,
1007 1518 1183 1559 libertates,

448 1577 644 1615 ceterasque
670 1571 800 1614 gratias,
825 1571 1125 1614 praeeminentias,
1153 1577 1184 1604 et

448 1625 574 1658 indulta
598 1624 753 1667 cuiusque
779 1624 907 1666 generis
923 1624 1104 1664 existentia,
1125 1625 1185 1668 spi-

447 1677 576 1711 ritualia
595 1683 626 1710 et
640 1677 842 1720 temporalia,
863 1677 1110 1720 qualiacumque
1130 1677 1184 1711 illa

447 1731 513 1763 sint
537 1730 738 1773 <dummodo
765 1734 872 1762 tamen
897 1729 960 1762 sint
986 1729 1016 1762 in
1043 1739 1127 1769 usu,
1153 1735 1182 1762 et

447 1793 513 1816 non
538 1783 602 1816 sint
627 1787 777 1816 revocata
795 1809 802 1823 ‚
831 1792 891 1815 nec
927 1782 986 1814 sub
1023 1782 1184 1826 aliquibus

447 1837 711 1872 revocationibus
736 1838 974 1881 comprehensa
990 1864 997 1877 ‚
1024 1848 1060 1870 ac
1084 1838 1182 1870 sacris

447 1891 626 1924 canonibus
652 1896 684 1923 et
708 1890 843 1924 Concilii
868 1891 1047 1924 Tridentini
1077 1892 1185 1924 decre-

447 1943 496 1983 tis,
523 1949 554 1977 et
578 1943 765 1987 apostolicis
781 1944 1068 1977 constitutionibus
1087 1949 1118 1977 et
1135 1955 1182 1977 or-

447 1995 678 2036 dinationibus,
704 1997 754 2029 vel
779 1996 964 2030 memoratis
978 1997 1184 2040 regularibus

447 2048 549 2081 dictae
572 2048 839 2092 Congregationis
868 2049 1182 2083 Bethlehemitarum

446 2101 600 2135 institutis
632 2112 699 2135 non
727 2103 973 2147 adversentur),
1006 2104 1182 2147 praedictis

446 2153 620 2187 Ordinibus
651 2155 917 2196 Mendicantium,
945 2161 977 2189 et
1000 2156 1184 2199 Congrega-

447 2206 528 2240 tioni
559 2207 751 2241 clericorum
776 2208 974 2250 regularium
1002 2208 1183 2242 Ministran-

446 2259 524 2292 tium
553 2259 715 2300 Infirmis,
749 2271 928 2304 eorumque
957 2262 1182 2301 conventibus,

445 2312 595 2346 domibus
620 2318 650 2345 et
675 2313 745 2345 aliis
771 2313 850 2346 locis
882 2314 1085 2356 regularibus
1101 2340 1108 2354 ,
1146 2324 1182 2346 ac

444 2365 601 2399 Ordinum
633 2370 664 2398 et
695 2365 962 2408 Congregationis
994 2366 1180 2399 huiusmodi

445 2418 665 2462 generalibus,
680 2418 955 2461 praesidentibus,
973 2425 1004 2451 et
1017 2419 1182 2462 quibusvis

445 2470 516 2504 aliis
543 2469 779 2514 superioribus,
809 2470 960 2514 praelatis
993 2476 1024 2504 et
1059 2471 1183 2515 capitu-

445 2523 497 2564 lis,
526 2522 619 2556 etiam
661 2522 879 2566 generalibus,
919 2523 1180 2567 provincialibus,

443 2587 501 2610 seu
530 2576 759 2617 intermediis,
793 2586 970 2620 eorumque
1005 2577 1182 2611 definitori-

443 2632 527 2671 bus,
564 2629 729 2674 prioribus
751 2656 758 2671 ,
796 2630 926 2663 novitiis
953 2656 960 2671 ,
1001 2630 1153 2665 fratribus
1172 2657 1180 2671 ‚

1031 255 1207 278 nuttitutt'ltl
1233 254 1382 280 ROMASt'M

1232 303 1395 336 conversis
1416 330 1423 343 ,
1455 302 1605 343 donatis,
1640 301 1672 336 et
1707 304 1875 347 quibusvis
1914 314 1966 337 eo-

1232 365 1300 388 rum
1321 356 1524 398 regularibus
1547 357 1706 399 personis,
1727 361 1790 390 tam
1821 357 1854 390 in
1880 357 1966 391 Urbe

1231 418 1326 451 quam
1361 408 1456 442 etiam
1491 409 1524 441 in
1564 409 1820 453 quibuscumque
1856 411 1965 444 mundi

1230 461 1376 503 partibus
1402 461 1627 503 existentibus,
1642 466 1674 494 et
1690 461 1820 495 illorum
1837 462 1965 502 intuitu,

1230 518 1285 545 aut
1307 514 1386 546 alias
1407 514 1654 557 quomodolibet
1671 525 1728 558 per
1742 524 1967 560 quoscumque

1231 566 1392 599 Romanos
1417 567 1588 600 Pontifices
1613 567 1883 610 praedecessores
1911 579 1967 602 no-

1230 623 1326 659 stros,
1354 623 1407 651 aut
1430 619 1511 652 alios
1543 619 1766 653 auctoritatem
1793 620 1964 662 habentes,

1230 681 1384 704 concessa
1398 677 1472 704 sunt
1488 677 1520 704 et
1532 671 1778 712 conceduntur¹,
1798 683 1834 705 ac
1851 673 1966 717 quibus

1230 723 1269 756 de
1294 724 1363 756 iure
1387 751 1394 764 ‚
1428 735 1488 757 usu
1510 751 1516 764 ,
1542 726 1591 758 vel
1618 725 1878 766 consuetudine,
1902 725 1966 769 pri-

1230 776 1358 819 vilegio,
1386 787 1442 810 seu
1468 777 1681 810 concessione
1706 778 1905 821 apostolica,
1933 777 1966 811 in

1230 839 1350 871 genere
1386 831 1434 863 vel
1461 830 1492 862 in
1522 831 1644 874 specie,
1671 840 1707 862 ac
1739 836 1802 863 tam
1833 830 1966 864 coniun-

1230 882 1304 914 ctim
1342 892 1438 926 quam
1464 883 1610 923 divisim,
1648 888 1700 916 aut
1724 883 1803 917 alias
1829 894 1965 927 quomo-

1230 934 1353 968 dolibet
1377 939 1520 974 utuntur,
1548 936 1705 976 fruuntur,
1728 936 1908 979 potiuntur,
1935 942 1967 970 et

1230 987 1379 1030 gaudent,
1407 998 1442 1021 ac
1466 987 1522 1028 uti,
1548 988 1622 1028 frui,
1648 988 1746 1031 potiri
1768 993 1799 1021 et
1823 989 1966 1031 gaudere

1229 1045 1367 1082 possunt
1400 1045 1431 1073 et
1466 1044 1623 1083 poterunt
1659 1040 1691 1073 iu
1721 1040 1888 1080 futurum,
1926 1041 1965 1074 ad

1229 1092 1403 1136 praefatam
1429 1092 1724 1136 Congregationem
1749 1092 1965 1127 Bethlehemi·

1231 1150 1334 1178 tarum
1361 1151 1390 1178 et
1417 1145 1544 1188 singula
1569 1145 1655 1179 illius
1682 1145 1881 1189 hospitalia,
1908 1146 1966 1179 do-

1229 1209 1297 1231 mos
1323 1204 1355 1231 et
1379 1199 1441 1232 alia
1466 1200 1537 1232 loca
1561 1199 1738 1241 regularia,
1767 1199 1965 1243 illorumque

1229 1252 1412 1294 superiores
1436 1278 1443 1291 ,
1480 1252 1640 1294 praelatos
1673 1257 1705 1284 et
1744 1261 1964 1295 quascumque

1229 1305 1395 1347 regulares
1420 1314 1594 1348 personas,
1619 1304 1810 1338 auctoritate
1835 1310 1965 1348 aposto-

1229 1358 1298 1397 tica,
1312 1364 1421 1392 tenore
1438 1359 1669 1402 praesentium,
1684 1364 1844 1402 perpetuo
1856 1364 1965 1393 exten-

1229 1412 1358 1453 dimus,
1390 1411 1510 1455 illaque
1544 1412 1589 1446 eis
1623 1413 1898 1446 communicamus
1933 1418 1966 1446 ct

1229 1466 1336 1499 denuo
1361 1465 1594 1505 concedimus,
1623 1476 1659 1499 ac
1683 1466 1850 1509 suflragari
1874 1466 1965 1500 volu-

1228 1529 1310 1551 mus.
1348 1518 1587 1559 Decernentes,
1612 1519 1742 1552 easdem
1775 1524 1963 1563 praesentes

1227 1573 1350 1605 litteras
1386 1582 1516 1615 semper
1553 1571 1670 1612 sirmas,
1696 1572 1818 1606 validas
1842 1578 1874 1607 et
1898 1573 1964 1607 effi-

1228 1635 1318 1658 caces
1343 1625 1483 1658 existere
1509 1629 1540 1658 et
1565 1625 1644 1666 sore,
1677 1635 1820 1669 suosque
1851 1626 1964 1670 plena-

1228 1679 1293 1711 rios
1319 1684 1350 1711 et
1374 1678 1518 1720 integros
1545 1678 1678 1712 effectus
1696 1679 1805 1712 sortiri
1831 1685 1863 1712 et
1886 1680 1964 1713 obti-

1227 1741 1314 1771 nere,
1341 1741 1376 1764 ac
1412 1731 1492 1772 illis,
1517 1732 1554 1764 ad
1581 1742 1660 1775 quos
1685 1737 1810 1776 spectat
1841 1737 1872 1766 et
1902 1743 1962 1777 pro

1228 1789 1372 1826 tempore
1410 1784 1682 1828 quandocumque
1718 1784 1894 1828 spectabit,
1929 1785 1962 1818 in

1227 1835 1377 1869 omnibus
1397 1842 1427 1869 et
1444 1847 1502 1879 per
1522 1836 1629 1869 omnia
1647 1837 1834 1880 plenissime
1853 1837 1963 1870 suffra-

1227 1889 1308 1932 gari,
1336 1895 1367 1922 et
1391 1890 1430 1923 ab
1452 1889 1498 1923 eis
1529 1890 1707 1933 respective
1733 1890 1963 1924 inviolabiliter

1227 1943 1404 1982 observari,
1418 1943 1528 1986 sicque
1548 1943 1579 1976 in
1593 1942 1779 1986 praemissis
1792 1954 1851 1986 pcr
1868 1954 1964 1987 quos-

1227 2006 1365 2039 cumque
1390 1996 1513 2029 iudices
1538 1995 1721 2029 ordinarios
1739 2000 1769 2030 et
1785 1997 1962 2039 delegatos,

1227 2048 1323 2082 etiam
1350 2059 1517 2082 causarum
1543 2049 1654 2092 palatii
1680 2049 1849 2092 apostolici
1874 2049 1963 2083 audi-

1228 2107 1327 2142 tores,
1353 2102 1488 2135 iudicari
1507 2107 1539 2135 et
1556 2102 1682 2135 definiri
1707 2103 1842 2143 debere,
1862 2113 1898 2135 ac
1921 2102 1964 2135 ir-

1226 2154 1320 2188 ritum
1356 2160 1388 2188 et
1423 2155 1518 2188 inane
1553 2156 1579 2188 si
1605 2166 1697 2188 secus
1736 2165 1832 2198 super
1863 2154 1914 2187 his
1945 2166 1964 2187 a

1226 2218 1409 2251 quoquam,
1437 2208 1545 2251 quavis
1581 2207 1793 2247 auctoritate,
1820 2207 1962 2241 scienter

1226 2261 1274 2293 vel
1295 2260 1498 2302 ignoranter,
1523 2260 1698 2303 contigerit
1722 2260 1884 2292 attentari.

1269 2314 1283 2356 g
1308 2313 1339 2346 3.
1366 2312 1522 2352 Quocirca
1547 2312 1789 2346 venerabilibus
1807 2312 1960 2346 fratribus

1969 257 2018 282 An.
2041 256 2068 283 (I.
2094 256 2156 284 ¹711

2041 2319 2156 2346 Deputatio

1926 2365 1932 2371 ,
1972 2349 2114 2368 executurum.

1224 2365 1434 2407 patriarchis,
1459 2364 1714 2408 archiepiscopis
1732 2369 1773 2398 ret
1786 2365 1959 2409 episcopis,

1225 2418 1361 2461 aliisque
1385 2418 1534 2451 locorum
1551 2417 1732 2451 Ordinariis
1754 2417 1961 2462 quibuscum-

1225 2481 1298 2513 que,
1323 2481 1451 2504 necnon
1478 2470 1597 2504 dilecto
1623 2470 1690 2504 filio
1714 2481 1884 2504 causarum
1909 2480 1961 2504 cu-

1224 2524 1290 2557 riae
1315 2523 1466 2557 Gamerae
1491 2524 1691 2567 apostolicae
1723 2524 1868 2567 generali
1905 2534 1960 2557 au-

1225 2577 1340 2614 ditori.
1366 2587 1427 2620 per
1451 2582 1642 2621 praesentes
1676 2577 1905 2612 committimus
1930 2583 1960 2611 et

1262 2642 1271 2666 1
1293 2639 1387 2668 Potius
1407 2639 1466 2675 lege
1485 2639 1676 2669 concedentur
1696 2639 1732 2675 (n.
1753 2641 1801 2673 τ.).

2266 1884 2269 1935 2

2266 1943 2269 1967 l

2265 1999 2269 2076 Ξ
