2269 3203
258 212 308 239 Αῑι.
326 213 353 239 Γ..
379 214 443 241 1707

492 204 556 239 ⁶28AE
1033 216 1217 242 nemmem
1238 216 1393 242 noan-[31
1978 218 2031 245 an.
2053 218 2081 246 r,
2104 219 2170 247 1707

453 263 543 296 statis
579 264 700 298 abusus
730 264 850 299 diutius
887 265 1092 300 dissimulare
1125 276 1190 299 non

452 326 636 359 possumus,
670 318 864 360 libertatem,
898 319 1137 352 immunitatem
1162 324 1193 352 et

452 369 715 404 iurisdictionem
735 372 990 405 ecclesiasticam
1011 378 1129 405 sartam
1149 378 1193 405 te-

452 429 601 467 ctamque
627 430 724 467 atque
750 425 907 458 illibatam
939 426 1021 458 tueri
1055 431 1086 458 et
1116 436 1193 459 con-

451 487 597 517 servare,
634 488 763 510 necnon
800 478 980 510 animarum
1017 477 1188 521 periculis,

451 535 606 573 quantum
633 530 728 563 nobis
762 541 798 564 ex
824 531 889 564 alto
914 531 1113 571 conceditur,
1140 541 1192 564 oc-

450 593 582 616 currere
608 583 790 626 cupientes,
824 594 859 616 ac
891 583 1035 617 omnium
1068 589 1100 616 et
1125 582 1191 617 sin-

451 637 614 677 gulorum,
627 646 722 679 -quae
744 636 777 669 in
794 637 982 680 praemissis
1000 647 1057 670 seu
1078 648 1190 671 eorum

450 688 623 722 occasione
661 689 773 732 quovis
808 690 906 723 modo
943 695 1013 723 acta
1045 695 1077 723 et
1101 695 1191 734 gesta

450 742 594 782 suerunt,
620 742 749 783 seriem,
776 753 887 776 causas
919 749 949 776 et
980 743 1191 777 circumstan-

450 794 520 837 tias,
530 795 625 828 etiam
638 801 861 838 aggravantes,
872 807 1000 830 necnon
1010 803 1189 839 senatuum,

449 847 708 891 magistratuum,
724 849 881 890 iudicum,
895 848 1093 890 officialium,
1109 850 1189 884 alio-

449 911 586 945 rumque
611 902 832 945 prael'atorum
865 902 1051 946 qualitates,
1085 903 1190 946 digni-

449 959 541 994 tates,
555 956 690 988 nomina
708 961 740 988 et
753 957 960 998 cognomina,
978 956 1078 989 aliave
1097 967 1189 1000 quae·

448 1018 596 1051 cumque,
624 1008 719 1041 ctiam
739 1008 922 1052 specificam
941 1015 972 1042 et
990 1010 1188 1042 individuam

448 1062 647 1094 mentionem
667 1067 698 1094 ct
716 1062 959 1104 expressionem
974 1062 1187 1106 requirentia,

448 1114 676 1156 praesentibus
707 1125 766 1158 pro
793 1117 890 1158 plene
924 1122 955 1149 et
987 1116 1188 1150 sufficienter

449 1167 609 1210 expressis
628 1173 660 1201 et
680 1173 790 1202 exacte
807 1169 1000 1212 specificatis
1017 1170 1186 1211 habentes,

446 1226 537 1253 motu
563 1221 715 1264 proprio,
743 1232 778 1254 ac
804 1233 840 1255 ex
867 1225 956 1255 certa
988 1223 1126 1256 scientia
1151 1234 1186 1257 ac

446 1273 574 1307 matura
599 1275 836 1309 deliberatione
861 1275 995 1317 nostris,
1023 1276 1129 1320 deque
1155 1288 1187 1310 a-

444 1327 624 1371 postolicae
650 1328 822 1371 potestatis
848 1329 1062 1372 plenitudine,
1094 1341 1187 1373 prae-

446 1381 510 1413 sata
536 1381 644 1414 omnia
669 1388 701 1414 et
725 1382 852 1424 singula
883 1382 1024 1423 decreta,
1058 1383 1187 1416 ordina-

447 1433 566 1474 tiones,
593 1435 744 1467 mandata
770 1440 802 1467 et
820 1435 934 1476 edicta,
954 1446 989 1468 ac
1010 1435 1073 1468 alia
1093 1447 1187 1479 quae-

445 1486 525 1520 libet
538 1498 555 1520 a
569 1487 746 1528 senatibus,
764 1488 1016 1530 magistratibus,
1028 1489 1185 1522 iudicibus

446 1546 477 1573 et
502 1540 696 1574 officialibus
720 1541 927 1584 supradietis,
953 1541 1090 1584 aliisque
1117 1543 1185 1586 qui-

444 1593 553 1626 busvis
579 1594 735 1637 personis,
767 1594 864 1627 etiam
899 1594 1053 1638 specifica
1082 1601 1112 1628 et
1137 1596 1186 1628 in-

445 1647 574 1680 dividua
599 1653 767 1681 mentione
793 1648 911 1691 dignis,
939 1649 969 1681 in
996 1649 1185 1692 praemissis

443 1711 500 1734 seu
526 1712 640 1734 eorum
665 1702 836 1734 occasione
854 1729 861 1742 ,
888 1702 921 1734 in
947 1702 1184 1745 praeiudicium

443 1754 615 1793 libertatis,
647 1754 858 1787 immunitatis
885 1761 916 1788 et
949 1755 1184 1789 iurisdictionis

444 1808 695 1848 ecclesiasticae,
716 1813 811 1851 atque
834 1809 1037 1842 auctoritatis
1056 1815 1184 1853 aposto-

443 1861 525 1894 licae
551 1861 743 1904 respective,
763 1862 877 1905 quovis
903 1863 1000 1896 modo
1026 1870 1183 1905 emanata,

444 1914 552 1955 edita,
578 1920 668 1957 acta,
694 1920 787 1957 gesta
820 1921 851 1948 et
881 1922 1077 1959 perpetrata,
1110 1928 1182 1950 cum

444 1967 596 2000 omnibus
623 1974 655 2001 ct
680 1968 817 2011 singulis
842 1968 917 2002 inde
936 1970 1057 2002 secutis
1076 1976 1107 2003 et
1123 1971 1184 2003 l'or-

443 2031 500 2053 san
526 2021 799 2065 quandocumque
819 2023 990 2063 secuturis,
1010 2024 1138 2066 penitus
1154 2029 1185 2057 et

443 2075 577 2107 omnino
596 2076 694 2116 nulla,
713 2075 813 2116 irrita,
830 2076 978 2116 invalida,
998 2076 1120 2120 iniqua,
1136 2077 1184 2110 in-

443 2128 537 2168 iusta,
564 2128 724 2168 damnata,
744 2130 926 2172 reprobata,
947 2130 1065 2172 inania,
1088 2137 1184 2164 teme-

442 2181 543 2220 raria,
571 2187 601 2214 et
626 2193 643 2214 a
676 2193 740 2215 uon
768 2183 965 2215 habentibus
990 2189 1182 2226 potestatem

441 2234 671 2267 damnabiliter
695 2240 861 2276 attentata,
878 2246 914 2268 ac
932 2237 970 2269 de
990 2237 1072 2269 sacto
1091 2248 1184 2280 prae-

441 2292 581 2329 sumpta,
609 2287 794 2330 nulliusque
822 2288 947 2321 roboris
968 2294 999 2321 et
1025 2290 1182 2322 momenti

440 2339 490 2372 vel
517 2339 679 2373 efficaciae
695 2351 775 2381 esse,
793 2347 823 2373 et
841 2342 880 2374 ab
906 2341 999 2374 initio
1022 2341 1134 2382 fuisse,
1153 2345 1184 2375 et

439 2398 600 2436 perpetuo
626 2393 706 2434 fore,
732 2394 960 2436 neminemque
987 2395 1025 2427 ad
1048 2394 1181 2427 illorum

440 2445 681 2479 observantiam
706 2447 821 2486 teneri,
843 2446 909 2480 imo
931 2458 991 2480 nec
1017 2458 1054 2480 ea
1069 2459 1085 2480 a
1104 2459 1182 2491 quo-

440 2499 526 2542 piam
550 2500 716 2532 observari
743 2510 840 2543 posse
867 2501 916 2533 vel
943 2500 1100 2543 potuisse,
1121 2512 1181 2534 nec

441 2562 477 2584 ex
503 2551 568 2585 illis
589 2552 738 2595 cuiquam
763 2551 895 2596 aliquod
921 2553 982 2593 ius,
1009 2554 1056 2587 vel
1083 2554 1182 2587 actio-

439 2615 523 2646 nem,
550 2609 605 2639 aut
630 2605 768 2646 titulum,
792 2605 888 2640 etiam
910 2607 1102 2649 coloratum,
1130 2614 1183 2641 aut

1236 266 1426 309 possidendi
1449 293 1455 306 ,
1484 276 1540 299 seu
1566 265 1656 309 quasi
1682 265 1898 310 possidendi,
1926 267 1976 300 vel

1237 318 1484 362 praescribendi
1525 329 1656 352 causam
1696 319 1888 362 acquisitam
1927 321 1975 354 vel

1237 371 1429 415 acquisitum
1456 372 1553 405 fuisse
1578 373 1628 405 vel
1654 383 1736 413 esse,
1762 378 1815 405 aut
1832 373 1978 416 quando-

1237 436 1375 469 cumque
1401 425 1526 468 acquiri
1558 426 1607 459 vel
1645 431 1833 469 competere
1865 436 1973 470 posse,

1236 490 1342 523 neque
1367 480 1423 513 illa
1448 479 1548 512 ullum
1573 485 1691 513 statum
1717 480 1825 513 facere
1850 481 1898 514 vel
1925 480 1973 513 se-

1237 532 1330 572 cisse,
1357 533 1423 573 sed,
1441 532 1577 576 perinde
1602 543 1637 566 ac
1655 533 1679 566 si
1698 543 1863 577 nunquam
1889 543 1977 566 ema-

1236 591 1370 618 nassent
1412 596 1472 618 nec
1512 585 1594 618 sacta
1633 585 1789 626 fuissent,
1814 596 1874 629 pro
1911 596 1976 618 non

1236 639 1421 671 extantibus
1446 643 1477 672 et
1495 648 1561 671 non
1579 638 1668 671 sactis
1686 643 1843 682 perpetuo
1863 637 1974 671 itidem

1235 691 1352 724 haberi
1379 692 1511 731 debere,
1540 696 1652 724 tenore
1679 691 1898 735 praesentium
1925 690 1977 723 de-

1235 745 1407 778 claramus.
1431 744 1469 778 Et
1493 744 1718 785 nihilominus,
1745 745 1785 778 ad
1817 743 1976 778 maiorem

1235 799 1550 832 ctabundantiorem
1576 799 1745 838 cautelam,
1766 803 1796 832 et
1817 804 1975 842 quatenus

1235 862 1317 896 opus
1342 852 1394 893 sit,
1420 852 1476 886 illa
1506 852 1616 886 omnia
1650 857 1682 885 et
1707 851 1845 894 singula,
1873 857 1973 891 motu,

1235 906 1378 945 scientia,
1405 905 1642 939 deliberatione
1669 910 1700 938 et
1718 905 1888 948 potestatis
1910 905 1975 948 ple-

1234 958 1380 991 nitudine
1407 958 1553 1001 paribus,
1582 959 1695 991 barum
1723 958 1807 991 serie
1840 958 1975 991 damna-

1234 1022 1315 1051 mus,
1336 1012 1562 1055 reprobamus,
1582 1022 1783 1052 revocamus,
1800 1021 1973 1051 cassamus,

1232 1064 1410 1104 irritamus,
1437 1065 1643 1097 annullamus
1670 1069 1701 1097 et
1727 1065 1903 1104 abolemus,
1930 1063 1973 1096 vi-

1233 1118 1388 1162 ribusque
1414 1123 1446 1151 et
1470 1116 1585 1151 ell'ectu
1618 1117 1746 1161 penitus
1779 1122 1811 1151 et
1838 1118 1972 1150 omnino

1232 1182 1418 1213 vacuamus,
1447 1182 1483 1204 ac
1501 1182 1560 1215 pro
1579 1170 1751 1211 damnatis,
1776 1171 1973 1214 reprobatis,

1231 1224 1403 1265 revocatis,
1431 1224 1576 1263 cassatis,
1601 1224 1710 1264 irritis,
1736 1224 1845 1265 nullis,
1884 1224 1972 1257 inva-

1232 1278 1306 1312 lidis
1334 1283 1365 1312 et
1398 1278 1538 1319 abolitis,
1574 1278 1760 1321 viribusque
1794 1283 1826 1311 et
1856 1277 1970 1311 ellectu

1230 1332 1362 1375 penitus
1387 1336 1418 1364 et
1443 1331 1578 1364 omnino
1610 1331 1719 1364 vacuis
1751 1341 1879 1375 semper
1914 1331 1971 1363 lta-

1230 1384 1300 1418 beri
1328 1385 1475 1417 volumus
1501 1390 1533 1417 et
1557 1384 1763 1418 mandamus.

1274 1439 1289 1482 ἓ
1315 1438 1370 1471 12.
1397 1439 1558 1480 Ceterum,
1575 1450 1648 1472 cum
1673 1438 1793 1472 notorii
1812 1443 1844 1472 et
1862 1439 1971 1482 explo-
2011 1450 2121 1472 nvem-tum
2136 1452 2169 1472 ar.

1983 1478 2039 1498 mila!
2046 1478 2061 1498 is
2070 1484 2168 1499 censura·

1231 1492 1290 1525 rati
1317 1491 1395 1525 iuris
1421 1492 1469 1532 sit,
1503 1503 1559 1525 eos
1585 1503 1721 1532 omnes,
1748 1492 1801 1535 qui
1829 1492 1968 1533 decreta,
1983 1510 2032 1534 rant
2043 1507 2064 1525 a
2087 1505 2168 1530 attigi.

1230 1545 1466 1585 ordinationes,
1498 1545 1650 1579 mandata
1684 1551 1716 1579 et
1741 1545 1846 1578 edicta
1879 1533 2168 1610 ρι’ῑιο-Ξέῖῖἶίζρῇὲιέἶῐέἓζ

1230 1599 1316 1632 dicta
1343 1600 1526 1639 ediderunt,
1546 1600 1805 1642 promulgarunt,
1824 1604 1878 1632 aut
1896 1610 2005 1642 quo-sa
2018 1627 2024 1640 ,
2038 1616 2085 1631 cum
2100 1617 2168 1642 ,κεπ-

1230 1663 1294 1695 quo
1322 1653 1420 1685 modo
1439 1662 1505 1695 „pro
1538 1652 1575 1684 iis
1602 1653 1807 1691 insteterunt,
1832 1653 1880 1685 vel
1907 1652 1971 1685 illis
1982 1638 2168 1690 {Zi'z'a'ffussisfflm

1228 1706 1278 1738 usi
1304 1706 1446 1746 suerunt,
1469 1716 1572 1749 eaque
1591 1705 1776 1739 executioni
1798 1706 1972 1739 demanda-

1228 1765 1314 1798 runt,
1340 1770 1375 1792 ac
1401 1759 1463 1792 alia
1487 1759 1665 1802 praemissa
1692 1760 1739 1792 rel
1770 1769 1886 1792 eorum
1912 1759 1970 1792 ali-

1228 1824 1291 1855 qua
1316 1818 1561 1856 perpetrarunt,
1589 1823 1718 1846 necnon
1744 1813 1876 1846 illorum
1902 1813 1971 1846 sau—

1230 1871 1322 1906 tores,
1346 1867 1564 1905 consultores,
1592 1866 1783 1898 mandantes
1802 1871 1833 1898 et
1850 1865 1971 1898 adhae-

1228 1925 1360 1959 rentes,
1387 1924 1484 1962 atque
1510 1919 1542 1951 in
1580 1930 1695 1952 eorum
1736 1919 1903 1962 sequelam
1940 1925 1972 1952 et

1228 1973 1454 2006 executionem
1480 1978 1571 2015 gesta
1596 1973 1825 2016 approbantes,
1858 1982 1967 2006 censu·

1228 2037 1278 2058 ras
1315 2026 1552 2060 ecclesiasticas
1589 2039 1605 2059 a
1636 2027 1734 2059 sacris
1761 2025 1967 2065 canonibus,

1228 2080 1430 2122 generalium
1446 2080 1658 2113 conciliorum
1674 2079 1826 2119 decretis,
1845 2084 1874 2112 et
1892 2089 1969 2122 apo-

1227 2133 1352 2166 stolicis
1378 2133 1678 2172 constitutionibus,
1703 2144 1739 2166 ac
1772 2132 1966 2176 praesertim

1227 2186 1344 2219 litteris
1370 2187 1421 2219 die
1447 2185 1572 2219 Coenae
1600 2186 1725 2219 Domini
1751 2185 1888 2228 singulis
1917 2196 1969 2218 an-

1227 2240 1277 2272 nis
1304 2239 1367 2282 legi
1394 2244 1426 2272 et
1452 2240 1651 2282 promulgari
1684 2238 1789 2272 solitis
1818 2238 1966 2279 inflictas,

1227 2302 1355 2324 necnon
1371 2292 1550 2331 feudorum,
1570 2293 1595 2324 si
1617 2303 1699 2335 quae
1717 2292 1762 2324 eis
1785 2303 1801 2324 a
1823 2292 1968 2325 Romana

1226 2346 1276 2377 vel
1303 2345 1373 2377 aliis
1399 2345 1547 2377 ecclesiis
1567 2355 1723 2377 concessa
1744 2345 1886 2386 fuerunt,
1904 2346 1968 2388 pri-

1226 2397 1374 2435 vationis,
1394 2407 1430 2429 ac
1454 2397 1599 2430 omnium
1626 2402 1657 2429 et
1683 2408 1966 2442 quorumcumque

1226 2449 1484 2493 privilegiorum,
1510 2450 1687 2493 gratiarum
1709 2462 1745 2484 ac
1764 2451 1964 2485 indultorum

1226 2503 1285 2536 sibi
1311 2514 1329 2536 a
1352 2503 1446 2536 nobis
1471 2514 1526 2537 seu
1564 2503 1719 2537 Romanis
1750 2504 1965 2538 Pontificibus

1226 2556 1537 2599 praedecessoribus
1569 2557 1687 2590 nostris
1719 2558 1964 2601 quomodolibet

1227 2611 1337 2643 l'orsan
1363 2619 1595 2644 concessorum
1622 2610 1806 2644 amissionis
1842 2622 1964 2654 poenas
