2269 3203
88 229 137 258 An.
153 227 182 256 C.
204 227 272 256 170²

117 982 237 1005 clausulae.

910 223 1051 249 CLEMENS
1078 222 1112 247 XI
1136 224 1184 246 PP-

285 276 469 320 teneantur)
495 275 642 309 habitent
669 279 700 307 et
724 273 945 313 collocentur,
970 273 1021 306 alii

285 342 362 365 vero
380 336 453 364 octo
474 332 651 363 conventus
669 327 842 371 praedictis
862 326 1024 369 religiosis

284 384 504 429 Neapolitanis
529 388 561 416 et
577 382 663 416 italis
682 387 805 415 tantum
823 385 1023 419 remaneant,

284 450 320 471 ae
345 436 540 481 primodicta
565 435 732 479 provincia
758 440 830 468 octo
856 432 1025 467 couventi-

283 492 344 524 bus
370 489 555 524 huiusmodi
581 494 736 522 constans
754 488 786 521 in
806 488 950 519 saturum
972 486 1026 518 mi-

284 545 387 578 nistro
413 543 557 586 generali
584 553 640 575 seu
666 541 891 575 commissario
928 550 1026 583 gene-

284 599 342 631 rali
361 597 470 630 ltaliae
484 596 611 630 Ordinis
626 594 784 640 praedicti
803 605 861 638 pro
880 599 1026 636 tempore

284 650 406 694 pariter
426 648 577 682 existenti
598 647 773 687 subiaceat,
795 644 860 686 ac‘,
880 645 978 678 modo
997 649 1028 677 et

284 703 387 736 forma
401 713 418 735 a
436 700 697 745 Congregatione
711 699 950 734 venerabilium
965 698 1028 731 sra-

285 762 369 788 trum
393 760 578 788 nostrorum
604 754 636 787 S.
669 753 706 786 R.
741 753 775 786 E.
812 751 1026 786 cardinalium

285 808 424 852 negotiis
442 815 473 842 et
487 807 779 842 consultationibus
795 807 1027 849 episcoporum

286 867 317 895 et
331 861 532 905 regularium
546 860 733 904 praeposita
749 857 1025 904 praescribendiS,

285 917 496 960 gubernetur.

330 970 344 1013 ἓ
363 969 394 1003 9..
416 970 459 1003 Ae
480 969 706 1009 decernenteS,
732 967 818 1011 ipsas
836 971 1026 1010 praesentes

285 1024 410 1057 litteras
436 1029 467 1057 et
491 1024 524 1056 in
550 1023 595 1056 eis
620 1027 774 1055 contenta
792 1030 1026 1064 quaecumque,

286 1077 382 1111 etiam
407 1087 443 1110 ex
465 1087 503 1110 eo
522 1077 610 1120 quod
631 1075 768 1120 quilibet
790 1075 821 1107 in
839 1073 1027 1117 praemissis

286 1131 334 1164 ius
360 1131 409 1164 vel
435 1131 594 1163 interesse
620 1130 793 1168 habentes,
819 1139 875 1161 seu
903 1127 1027 1160 habere

286 1184 538 1228 quomodolibet
563 1182 827 1227 praetendentes,
843 1181 940 1213 etiam
959 1190 1030 1223 spe-

286 1237 378 1270 cinea
404 1243 436 1271 et
460 1237 628 1270 individua
652 1236 818 1269 mentione
845 1240 877 1267 et
897 1243 1030 1277 expres-

286 1290 380 1325 sione
406 1291 506 1334 digni,
521 1291 586 1324 illis
612 1300 678 1323 non
704 1288 952 1327 consenserint,
970 1296 1030 1319 nee

288 1346 328 1379 ad
350 1356 388 1379 ea
403 1346 516 1386 vocati,
532 1345 620 1378 citati
639 1345 689 1377 vel
712 1343 821 1383 auditi,
838 1353 943 1385 neque
962 1351 1031 1374 cau-

288 1409 352 1440 sae,
367 1405 502 1444 propter
527 1409 606 1443 quas
625 1402 818 1442 praesentes
838 1396 1028 1435 emanarint,

288 1454 447 1487 adductae
473 1459 528 1486 aut
552 1451 737 1485 verificatae
776 1456 807 1483 et
837 1449 1029 1482 iustificatae

290 1507 421 1547 suerint,
439 1517 495 1539 seu
522 1505 632 1548 quavis
653 1504 724 1544 alia,
744 1504 840 1537 etiam
861 1508 1031 1546 quantum-

289 1561 370 1593 libet
393 1559 540 1599 iuridica,
567 1559 619 1602 pia
645 1564 677 1592 et
693 1557 899 1601 privilegiata
923 1558 1030 1595 causa,

291 1615 410 1653 colore,
431 1618 601 1657 praetextu
622 1617 654 1645 et
670 1611 786 1655 capite,
802 1611 898 1643 etiam
917 1610 949 1643 in
964 1620 1033 1643 cor-

292 1677 370 1710 pore
405 1666 487 1699 iuris
508 1667 631 1705 clauso,
651 1666 746 1698 etiam
763 1663 917 1703 enormis,
937 1673 1033 1696 enor-

292 1719 454 1752 missimae
480 1723 512 1751 et
532 1718 639 1751 totalis
671 1717 836 1757 laesionis,
863 1717 953 1749 nullo
978 1727 1032 1748 un-

293 1784 388 1817 quam
410 1778 557 1816 tempore
591 1772 631 1804 de
661 1771 883 1814 subreptionis
908 1771 958 1804 vel
977 1771 1033 1803 ob-

293 1827 454 1870 reptionis
474 1831 528 1859 aut
544 1825 706 1859 nullitatis
730 1825 820 1865 vitio,
845 1836 901 1858 seu
928 1825 1033 1858 inten—

294 1880 390 1913 tionis
414 1885 555 1919 nostrae,
581 1883 637 1911 aut
660 1878 822 1911 interesse
841 1877 1033 1911 habentium

293 1935 488 1973 consensus,
513 1932 618 1966 aliove
638 1932 786 1976 quolibet
810 1931 907 1964 etiam
933 1943 1034 1975 quan-

295 1986 407 2019 tumvis
445 1985 573 2019 formali
608 1991 640 2018 et
679 1984 885 2018 substantiali
920 1984 1035 2017 indivi-

294 2041 456 2083 duamque
483 2038 729 2083 expressionem
758 2038 948 2081 requirente
981 2038 1035 2070 de-

294 2094 381 2127 fectu
406 2092 537 2133 notari,
565 2092 771 2136 impugnari,
800 2091 948 2133 infringi,
988 2101 1035 2124 re-

296 2147 451 2187 tractari,
474 2147 509 2179 in
533 2146 790 2180 controversiam
817 2145 922 2178 vocari
941 2172 948 2185 ,
975 2155 1034 2178 seu

295 2201 336 2233 ad
360 2200 518 2234 terminos
545 2200 624 2232 iuris
650 2199 776 2239 reduci,
803 2205 856 2232 aut
881 2199 1034 2231 adversus

294 2253 367 2287 illas
394 2253 586 2298 aperitionis
606 2253 680 2293 oris,
702 2252 916 2286 restitutionis
935 2251 967 2284 in
988 2251 1036 2283 in-

296 2313 433 2351 tegrum,
453 2307 580 2340 aliudve
598 2307 829 2350 quodcumque
849 2306 941 2346 iuris,
963 2305 1035 2338 sacti

295 2362 345 2394 vel
371 2361 494 2404 gratiae
515 2361 697 2394 remedium
724 2360 893 2404 impetrari
916 2361 966 2393 vel
992 2360 1037 2392 in-

297 2414 424 2455 tentari,
450 2420 503 2447 aut
528 2415 714 2458 impetrato,
740 2425 797 2448 seu
818 2414 915 2447 etiarn
936 2419 1035 2454 motu,

297 2466 432 2500 scientia
445 2472 476 2500 et
492 2467 664 2511 potestatis
678 2467 884 2511 plenitudine
902 2467 1037 2510 paribus

299 2529 457 2554 concesso
476 2522 527 2554 vel
545 2525 705 2561 emanato,
728 2520 915 2564 quempiam
933 2521 965 2552 in
992 2520 1038 2552 iu-

1067 272 1133 305 ullo
1159 271 1255 304 modo
1281 279 1385 314 posse,
1419 269 1476 302 sed
1501 268 1587 312 ipsas
1619 274 1809 312 praesentes

1069 325 1190 358 litteras
1217 334 1346 367 semper
1378 322 1498 363 sirmas,
1530 322 1654 355 validas
1688 327 1719 354 et
1743 321 1811 354 esti-

1068 389 1160 411 caces
1179 378 1317 411 existere
1333 382 1363 410 et
1382 377 1467 416 sore,
1484 386 1627 418 suosque
1646 376 1810 419 plenarios

1069 437 1100 464 et
1125 431 1267 473 integros
1301 430 1432 463 ess'ectus
1450 429 1558 462 sortiri
1581 435 1612 461 et
1637 429 1808 469 obtinere,

1070 496 1106 518 ac
1132 485 1206 525 illis,
1230 485 1268 517 ad
1290 494 1371 528 quos
1396 489 1522 528 spectat
1539 488 1571 516 et
1589 493 1648 526 pro
1664 489 1812 525 tempore

1071 538 1344 582 quandocumque
1370 536 1557 580 spectabit,
1595 536 1626 568 in
1660 536 1811 568 omnibus

1072 597 1104 624 et
1126 602 1185 635 per
1209 590 1317 624 omnia
1342 590 1533 634 plenissime
1558 588 1728 631 suffragari
1748 615 1755 628 ,
1782 594 1815 621 et

1071 646 1111 678 ab
1144 645 1190 678 eis
1219 644 1401 688 respective
1434 643 1671 677 inviolabiliter
1695 642 1811 676 obser-

1072 700 1161 740 vari,
1197 699 1310 742 sicque
1348 698 1380 731 in
1412 697 1598 742 praemissis
1628 707 1687 740 per
1716 706 1815 740 quos-

1072 763 1210 796 cumque
1237 752 1362 786 iudices
1383 752 1565 786 ordinarios
1584 757 1615 784 et
1636 751 1813 794 delegatOS,

1072 808 1168 841 etiam
1196 817 1367 841 causarum
1393 806 1504 850 palatii
1526 805 1698 849 apostolici
1724 804 1814 837 audi-

1072 867 1170 902 tores,
1197 873 1234 895 ae
1254 861 1285 894 S.
1302 861 1339 893 R.
1356 860 1389 893 E.
1411 860 1597 904 praedictae
1615 858 1810 896 cardinales,

1073 915 1170 948 etiam
1195 915 1234 948 de
1260 916 1360 948 latere
1387 915 1511 956 legatos
1549 918 1578 946 et
1606 911 1815 956 Apostolicae

1071 969 1162 1002 Sedis
1187 969 1335 1008 nuncios,
1363 968 1484 1001 aliosve
1502 967 1650 1010 quolibet
1665 975 1816 1009 quacum-

1072 1033 1134 1066 que
1150 1022 1411 1066 praeeminentia
1425 1027 1456 1054 et
1469 1025 1629 1064 potestate
1644 1020 1816 1062 fungentes

1072 1082 1102 1109 et
1127 1077 1305 1115 suncturos,
1330 1076 1456 1108 sublata
1482 1075 1528 1107 eis
1556 1080 1588 1107 et
1611 1084 1724 1107 eorum
1749 1072 1816 1106 cui-

1072 1130 1152 1162 libet
1187 1131 1300 1173 quavis
1334 1129 1428 1162 aliter
1459 1128 1623 1161 iudicandi
1649 1132 1681 1160 et
1716 1126 1817 1159 inter-

1072 1183 1222 1227 pretandi
1246 1183 1394 1216 facultate
1410 1187 1441 1215 et
1458 1181 1659 1220 auctoritate,
1678 1180 1815 1213 iudicari

1073 1243 1105 1270 et
1129 1236 1258 1269 definiri
1285 1236 1424 1276 deberet,
1451 1245 1487 1267 ac
1512 1234 1638 1267 irritum
1663 1238 1694 1266 et
1719 1233 1816 1266 inane

1073 1289 1097 1322 si
1124 1299 1217 1322 secus
1244 1299 1344 1332 super
1370 1288 1422 1320 liis
1444 1298 1460 1320 a
1486 1297 1671 1330 quoquam,
1705 1286 1817 1330 quavis

1073 1343 1273 1382 auctoritate,
1290 1342 1435 1375 scienter
1452 1342 1503 1374 vel
1522 1342 1723 1383 ignoranter,
1742 1350 1817 1373 con—

1075 1397 1183 1440 tigerit
1207 1395 1370 1429 attentari.

1118 1451 1132 1494 ἓ
1157 1450 1187 1483 3.
1216 1450 1285 1483 Non
1311 1448 1516 1483 obstantibus
1543 1448 1754 1492 praemissis,
1782 1458 1818 1480 ae

1075 1503 1367 1537 constitutionibus
1393 1507 1426 1536 et
1449 1502 1712 1536 ordinationibus
1739 1512 1817 1544 apo-

1075 1557 1217 1596 stolicis,
1243 1567 1375 1590 necnon
1399 1556 1641 1600 praedictorum
1667 1554 1817 1595 Ordinis,

1075 1611 1330 1655 provinciarui‘n,
1349 1614 1566 1643 conventuum
1593 1614 1624 1642 et
1655 1608 1790 1652 hospitii
1810 1635 1818 1648 ,

1077 1665 1185 1698 aliisve
1212 1664 1391 1708 quibusvis,
1419 1664 1513 1697 etiam
1533 1663 1728 1704 iuramento,
1743 1673 1820 1695 eon-

1077 1719 1260 1752 firmatione
1272 1718 1464 1762 apostolica,
1479 1718 1529 1750 vel
1544 1717 1655 1761 quavis
1667 1716 1819 1749 firmitate

1077 1773 1140 1806 alia
1165 1772 1345 1812 roboratis,
1372 1771 1499 1812 statutis
1525 1776 1556 1803 et
1581 1769 1820 1803 consuetudini-

1077 1827 1145 1866 bus,
1174 1825 1355 1869 privilegiis
1388 1835 1532 1868 quoque,
1565 1823 1696 1857 indultis
1714 1827 1745 1855 et
1768 1822 1820 1855 lit-

1078 1880 1153 1913 teris
1172 1878 1361 1922 apostolieis
1380 1877 1475 1911 etiam
1497 1877 1582 1910 dieto
1597 1876 1720 1917 Ordini,
1735 1876 1820 1908 eius-

1078 1943 1140 1976 que
1166 1931 1398 1975 superioribus,
1426 1936 1457 1963 et
1475 1930 1639 1974 quibusvis
1658 1930 1728 1962 aliis
1746 1938 1821 1972 per-

1078 1987 1165 2019 sonis
1191 1991 1223 2019 et
1247 1985 1341 2025 locis,
1358 1985 1418 2017 sul)
1434 1984 1692 2026 quibuscumque
1706 1982 1821 2015 verbo-

1078 2051 1150 2072 rum
1165 2039 1334 2072 tenoribus
1354 2043 1386 2071 et
1403 2038 1524 2077 formis,
1544 2048 1581 2070 ae
1600 2047 1672 2070 cum
1691 2036 1822 2080 quibus-

1077 2094 1123 2127 vis
1146 2094 1244 2126 etiam
1273 2091 1556 2135 derogatoriarum
1581 2089 1819 2133 derogatoriis,

1079 2147 1214 2190 aliisque
1241 2146 1493 2184 efficacioribus,
1532 2144 1766 2178 efficacissimis
1785 2153 1822 2176 ac

1079 2200 1218 2233 insolitis
1232 2199 1395 2238 clausulis,
1407 2204 1438 2232 et
1452 2197 1589 2232 decretis
1604 2197 1820 2236 irritantibus,

1079 2252 1197 2288 etalias
1213 2253 1461 2297 quomodolibet
1474 2253 1506 2285 in
1521 2252 1721 2285 contrarium
1732 2260 1823 2294 prae-

1079 2308 1254 2341 missorum
1281 2305 1529 2350 quomodolibet
1553 2304 1727 2343 concessis,
1746 2314 1821 2336 con-

1081 2361 1225 2395 formatis
1253 2367 1284 2394 et
1309 2359 1489 2399 innovatis·,
1517 2358 1636 2402 quibus
1668 2357 1820 2391 omnibus

1081 2420 1112 2447 et
1123 2414 1272 2457 singulis,
1285 2412 1411 2446 etiamsi
1426 2422 1484 2456 pro
1500 2412 1632 2445 illorum
1647 2409 1820 2444 sufficienti

1081 2467 1294 2510 derogatione
1320 2467 1358 2500 de
1380 2466 1444 2499 illis
1474 2475 1653 2508 eorumque
1673 2464 1747 2497 totis
1778 2469 1823 2495 te-

1080 2520 1215 2554 noribus
1236 2518 1397 2563 specialis,
1423 2518 1576 2562 specifica
1601 2524 1631 2551 ct
1647 2516 1821 2556 individua,

299 2572 384 2606 dicio
406 2574 455 2606 vel
481 2578 571 2607 extra
594 2574 673 2607 illud
702 2574 750 2606 uti
782 2585 839 2607 seu
865 2584 899 2607 se
923 2573 1036 2607 iuvare
1080 2584 1117 2608 ac
1143 2573 1182 2606 de
1206 2573 1306 2606 verbo
1331 2573 1371 2606 ad
1391 2572 1538 2612 verbum,
1554 2581 1619 2604 non
1637 2575 1743 2603 autem
1761 2578 1821 2611 per

335 2636 346 2663 1
369 2635 510 2664 Coniunet.
532 2644 564 2665 ac
584 2644 634 2665 nos
649 2636 775 2666 addimus
788 2638 827 2673 (a.
844 2636 894 2672 T.).

1080 2627 1241 2663 clausulas
1270 2627 1438 2672 generales
1463 2626 1552 2661 idem
1584 2626 1821 2668 importantes‚

1728 211 1770 244 67
1817 219 1867 246 An.
1883 218 1912 247 C.
1934 219 2002 248 1702

1854 1456 2013 1478 Contrariorum

1830 1485 1949 1510 derogatio.
