2269 3203
90 232 137 258 An.
160 230 188 257 C.
207 231 273 256 1718

140 490 203 509 iluna*
210 490 276 510 matio

91 518 151 538 retati
168 518 256 536 dorreti.

121 1827 240 1853 Ctausutaess

162 1938 276 1963 berngario

94 1967 254 1986 contrariorum,

897 228 1038 251 ctcmffixs
1064 228 1094 250 XI
1122 228 1169 250 PP.

285 288 358 318 quae
375 279 540 309 consentire
558 284 585 309 et
607 279 724 309 obedire
741 277 952 307 contumaciter
977 286 1028 306 no-

286 327 396 357 luerint
413 328 560 367 praesenti
576 327 707 357 decreto.
729 345 759 348 -
780 327 900 358 Romae,
918 336 932 355 x
952 334 1026 355 mar-

287 377 318 407 tii
340 386 500 407 ninccxvm.
520 396 553 399 —
578 378 609 407 F.
628 377 784 407 cardinalis
808 377 847 406 nn
865 376 976 405 Annia.
994 394 1026 396 --

287 426 307 455 l.
333 426 572 465 archiepiscopus
595 426 802 463 Damascenus,
826 425 1012 455 secretarius.

331 489 345 531 ξ
370 488 401 520 2.
429 488 505 521 Cum
543 494 661 528 autem,
687 489 768 520 sicut
800 487 902 519 dictus
937 487 1028 519 lusti-

288 541 401 574 nianus
426 542 519 575 nobis
541 542 680 574 subinde
705 541 823 585 exponi
851 540 941 580 fecit,
960 541 1027 583 ipse

287 595 554 628 sccundodietum
592 595 780 634 decretum,
807 605 871 637 quo
909 594 1028 626 tirmius

288 648 451 688 subsistat,
478 648 674 691 apostolicae
700 647 959 681 confirmationis
977 658 1028 679 no-

287 707 372 734 strae
398 701 580 745 patrocinio
617 701 811 733 communiri
853 700 1027 744 plurimum

288 755 465 788 desideret:
492 765 563 794 nos,
585 755 690 797 ipsum
718 754 929 787 iustinianum
957 764 1030 797 spe-

287 807 424 840 cialibus
453 807 616 839 savoribus
649 811 681 840 et
721 807 833 850 gratiis
873 805 1028 850 prosequi

286 862 443 898 volentes.
471 866 501 893 et
527 871 544 893 a
569 860 737 904 quibusvis
772 860 1031 893 excommunica-

289 914 396 954 tionis,
415 914 642 957 suspensionis
657 919 688 946 et
703 913 880 954 interdicti,
892 913 1030 956 aliisque

287 967 518 1001 ecclesiasticis
535 967 718 1007 sententiis,
741 967 886 1000 censuris
906 973 938 999 ct
954 978 1031 1010 poe-

286 1020 348 1061 nis,
374 1031 392 1052 a
417 1020 487 1053 iure
513 1021 561 1053 vel
588 1021 627 1053 ab
655 1021 809 1059 homine,
836 1019 950 1064 quavis
983 1030 1032 1052 oc-

287 1074 418 1108 casione
435 1075 486 1107 vel
504 1076 600 1106 causa
617 1073 700 1113 latis,
718 1074 742 1106 si
762 1074 879 1117 quibus
896 1084 1032 1116 quomo-

289 1127 417 1161 dolibet
446 1127 620 1160 innodatus
646 1128 779 1168 existit,
813 1128 853 1160 ad
879 1128 1031 1160 et'sectum

288 1182 512 1224 praesentium
546 1181 713 1214 dumtaxat
742 1182 1032 1224 consequendmn‚

289 1235 405 1267 harum
441 1235 526 1268 serie
551 1236 762 1268 absolventes
793 1241 825 1268 et
849 1235 1030 1267 absolutum

289 1289 358 1321 sore
376 1294 561 1328 censentes,
579 1288 876 1331 supplicationibus
895 1288 962 1320 eius
979 1298 1032 1320 no-

289 1341 375 1374 mine
402 1341 496 1373 nobis
522 1352 621 1384 super
657 1341 719 1374 hoc
753 1341 922 1374 humiliter
958 1352 1032 1384 por-

288 1393 387 1426 rectis
412 1394 570 1434 inclinati‚
597 1394 839 1437 praeinsertum
866 1395 1031 1437 praefatae

289 1447 560 1491 Congregationis
596 1447 810 1480 cardinalium
845 1448 1028 1488 decretum,

290 1501 481 1534 auctoritate
506 1502 706 1544 apostolica,
741 1507 852 1534 tenore
879 1512 1032 1545 praesen-

292 1555 388 1595 tium,
415 1556 635 1599 approbamus
655 1561 686 1588 et
707 1555 947 1595 confirmamus,
967 1556 1032 1589 illi-

291 1619 352 1652 que
388 1608 585 1642 inviolabilis
627 1609 827 1652 apostolicae
868 1608 1030 1642 firmitatis

290 1663 391 1695 robur
423 1663 613 1703 adiieimus3
641 1663 727 1695 salva
764 1668 870 1695 tamen
904 1673 1032 1706 semper

290 1715 322 1748 in
348 1716 536 1758 praemissis
555 1716 750 1748 auctoritate
769 1716 873 1749 dictae
895 1715 1031 1758 Congre-

294 1769 434 1811 gationis
461 1768 686 1802 cardinalium.

332 1822 346 1865 ξ
370 1821 402 1855 3.
430 1822 662 1862 Decernentes,
684 1822 815 1855 easdem
843 1828 1032 1865 praesentes

288 1875 426 1915 litteraS,
452 1881 513 1908 etc,
531 1874 538 1891 ¹

332 1928 347 1971 ξ,
369 1927 400 1960 4.
428 1928 499 1960 Non
517 1927 721 1960 obstantibus
740 1929 1033 1962 constitutionibus

289 1986 321 2013 et
353 1981 616 2014 ordinationibus
642 1983 847 2025 apostolicis,
883 1993 928 2022 ac,
956 1993 1032 2026 qua-

290 2040 382 2067 tenus
399 2045 480 2078 opus
494 2035 543 2075 sit,
559 2035 833 2078 Congregationis
847 2035 1031 2069 Gallicanae

289 2093 321 2121 ct
341 2087 469 2121 Ordinis
494 2088 694 2129 huiusmodi,
719 2088 817 2122 etiam
837 2089 1030 2130 iuramento,

290 2145 351 2173 etc.
369 2140 380 2157 ⁹

333 2195 447 2228 Datum
473 2195 605 2235 Romae,
631 2196 718 2239 apud
743 2196 774 2230 S.
806 2196 936 2230 Mariam
969 2197 1032 2230 Ma-

292 2247 407 2290 iurem,
435 2249 493 2281 sub
519 2250 642 2282 annulo
680 2250 869 2290 piscatoris,
898 2251 950 2284 die
982 2261 1031 2284 xiv

291 2301 365 2334 maii
403 2313 578 2343 noccxvnn
605 2303 812 2347 pontificatus
834 2305 939 2337 nostri
976 2315 1032 2338 an-

292 2365 333 2387 no
358 2365 449 2388 xv111.

328 2415 387 2442 nat.
405 2415 448 2442 die
462 2417 495 2443 14
516 2417 581 2445 maii
600 2408 678 2452 iiis,
696 2419 792 2454 pontif.
811 2426 855 2446 an.
876 2426 952 2446 xvm.

331 2533 339 2558 1
365 2531 476 2567 Reliqua
495 2535 524 2558 ut
543 2540 624 2566 supra
643 2541 704 2567 pag.
726 2534 778 2561 703
798 2544 814 2561 a
834 2536 872 2569 (a.
893 2536 942 2568 T.).

327 2576 344 2601 2
365 2575 476 2611 Reliqua
495 2579 523 2602 ut
543 2575 609 2602 ibid.
630 2578 667 2611 (n.
689 2578 737 2611 T.).

1711 218 1768 250 701

1376 275 1508 309 CCLVIl.

1073 357 1316 397 Confirmantur
1341 356 1455 388 erectio
1492 355 1625 388 Ordinis
1655 355 1815 387 militaris

1117 410 1388 444 Constantiniani
1407 414 1436 441 et
1454 409 1608 441 concessio
1634 409 1734 449 officii
1750 419 1816 439 *nia-

1114 464 1174 506 (sni
1190 463 1344 505 mayistri
1360 462 1436 494 duci
1452 462 1627 494 Francis-00
1643 461 1814 496 Farnesim

1119 517 1190 548 ilem
1216 517 1357 558 eripitur
1381 515 1512 547 ecclesia
1546 514 1633 546 della
1669 513 1815 546 Steccata

1117 570 1152 601 in
1178 569 1343 601 ecclesiam
1368 567 1473 600 sedem
1496 571 1523 599 et
1548 571 1645 610 capul
1665 566 1812 605 Ordinis,

1115 627 1143 655 et
1169 623 1198 654 ei
1222 621 1444 654 conceduntur
1469 620 1582 652 domus
1606 620 1663 662 pia
1696 619 1816 652 Miseri-

1116 675 1245 708 cordiae
1268 686 1304 707 αα
1321 674 1421 717 plura
1441 674 1629 717 privileqia,
1652 683 1723 705 cum
1741 683 1816 705 non-

1116 729 1221 761 nullis
1246 726 1541 761 ordinationibus¹.

1289 809 1423 835 Clemens
1440 807 1604 841 Episcopus

1258 861 1363 880 servus
1394 860 1549 880 servorum
1574 852 1637 883 Dei,

1194 899 1230 925 ad
1250 901 1425 931 perpetuam
1445 897 1490 924 rei
1510 896 1692 924 memoriam.

1118 969 1285 1003 Militantis
1312 969 1475 1002 Ecclesiae
1513 968 1684 1011 regimini,
1724 969 1814 1002 nullo

1074 1023 1151 1056 licet
1194 1023 1384 1056 meritorum
1425 1029 1610 1056 nostrorum
1649 1021 1812 1064 suffragio,

1074 1087 1132 1120 per
1157 1076 1353 1110 ineffabilem
1381 1076 1507 1109 divinae
1533 1075 1689 1108 bonitatis
1714 1075 1815 1107 abnn-

1075 1130 1219 1163 dantiam
1245 1129 1482 1173 praesidentes,
1500 1129 1539 1161 ad
1555 1139 1591 1162 ea
1609 1128 1816 1171 potissimum

1074 1194 1157 1227 quae
1184 1184 1372 1216 militarium
1391 1183 1559 1223 Ordinum,
1579 1184 1718 1216 maximo
1733 1183 1817 1216 chri·

1074 1236 1197 1269 stianae
1223 1236 1422 1279 reipublicae
1448 1237 1535 1269 bono
1560 1235 1716 1269 anteactis
1740 1241 1818 1269 tem-

1074 1289 1212 1332 poribus
1243 1289 1486 1328 institutorum,
1514 1290 1611 1322 decus
1647 1294 1678 1322 et
1704 1289 1813 1322 incre-

1074 1348 1181 1375 menta
1206 1342 1393 1385 respiciunt,
1420 1353 1564 1386 quaeque
1593 1342 1624 1374 in
1658 1343 1815 1375 orthodo-

1074 1406 1132 1428 xae
1158 1395 1232 1429 fidei
1270 1396 1435 1439 divinique
1462 1396 1564 1428 cultus
1589 1395 1815 1439 amplificatio-

1075 1459 1148 1481 nem
1176 1459 1308 1482 cessura
1329 1459 1400 1482 esse
1423 1454 1612 1489 noscuntur,
1630 1448 1817 1491 vigilantiae

1075 1507 1207 1535 nostrae
1234 1512 1325 1534 curas
1352 1502 1493 1535 libenter
1510 1502 1736 1542 convertimus,
1762 1511 1819 1534 no*

1075 1556 1198 1599 strique
1218 1556 1390 1599 apostolici
1410 1555 1506 1588 officii
1529 1560 1638 1599 partes
1657 1556 1818 1599 propensa

1074 1609 1275 1652 benignitate
1292 1610 1435 1652 desuper
1450 1609 1697 1652 interponimus,
1721 1613 1819 1652 prout

1075 1662 1128 1705 pia
1153 1662 1387 1695 catholicorum
1407 1663 1592 1706 principum
1613 1668 1685 1695 vota
1706 1668 1817 1706 postu-

1075 1716 1152 1755 lant,
1168 1722 1197 1748 et
1212 1726 1283 1756 nos,
1299 1715 1453 1759 prudenti
1469 1715 1708 1749 consultatione
1729 1716 1819 1749 adhi-

1075 1768 1154 1808 bita,
1182 1769 1411 1812 cognoscimus
1429 1769 1462 1801 in
1482 1769 1621 1802 Domino
1644 1768 1818 1802 salubriter

1077 1823 1242 1864 expedire.

1120 1874 1190 1917 gl.
1218 1875 1301 1908 Sane
1334 1876 1412 1908 alias
1440 1876 1634 1919 (postquam
1674 1880 1748 1908 tunc
1784 1875 1815 1908 in
1855 1881 2012 1906 Eva-weron-

1827 1910 1942 1928 stitutnuns
1954 1909 2013 1928 lunu-

1076 1928 1228 1960 humanis
1255 1939 1355 1971 agens
1379 1928 1515 1962 Ioannes
1541 1929 1686 1962 Andreas
1711 1929 1817 1972 Ange·
1828 1937 1890 1955 cenu-
1906 1935 1949 1955 5¹¹-

1076 1983 1124 2015 lus
1150 1982 1278 2015 Flavius
1303 1982 1496 2023 Cemmenus,
1517 1983 1593 2015 dum
1620 1982 1705 2022 vixit,
1732 1982 1817 2026 prin-

1075 2046 1150 2078 ceps
1175 2035 1383 2068 Macedoniae
1421 2046 1457 2069 ac
1493 2045 1630 2078 magnus
1663 2035 1816 2078 magister

1075 2088 1204 2122 Militiae
1239 2090 1396 2122 Aureatae
1435 2089 1722 2123 Constantinianae
1754 2089 1814 2121 sub

1076 2142 1170 2175 titulo
1207 2141 1238 2175 S.
1270 2141 1400 2184 Georgii
1435 2147 1466 2175 et
1501 2142 1612 2185 regula
1643 2142 1674 2175 S.
1703 2140 1813 2175 Basilii

1077 2195 1195 2238 Magni,
1221 2195 1361 2228 saiiiiliae
1399 2206 1475 2228 suae
1512 2196 1656 2238 Angelae
1689 2195 1817 2227 Flaviae

1075 2249 1256 2282 Comnenae
1283 2249 1371 2282 solus
1397 2254 1572 2292 superstes,
1592 2259 1627 2281 ac
1652 2254 1716 2281 tam
1734 2248 1813 2281 libe-

1112 2322 1120 2346 1
1145 2320 1308 2346 Concessum
1329 2319 1380 2346 fuit
1400 2319 1501 2346 dictum
1527 2319 1647 2346 officium
1677 2319 1711 2346 ab
1738 2319 1819 2346 Inno—

1074 2365 1161 2391 centio
1183 2363 1227 2390 xtl
1249 2368 1334 2390 const.
1356 2364 1400 2390 ed.
1421 2370 1550 2397 mocxfflx,
1572 2363 1614 2390 die
1634 2363 1668 2390 ‘24
1688 2363 1817 2396 octobris,

1073 2408 1169 2444 pontif.
1191 2415 1226 2441 tx,
1247 2408 1281 2435 ab
1302 2409 1353 2435 hoc
1374 2409 1506 2435 Pontitice
1527 2408 1634 2434 constit.
1657 2408 1701 2435 ed.
1723 2415 1815 2440 nocet,

1074 2454 1116 2480 die
1146 2454 1180 2479 ⁶20
1207 2453 1311 2487 aprilis,
1332 2452 1428 2488 pontif.
1452 2460 1472 2487 1,
1501 2452 1575 2479 nulla
1604 2452 1742 2480 declarata
1770 2452 1819 2478 fuit

1074 2498 1169 2525 electio
1191 2497 1319 2533 principis
1339 2497 1445 2524 Ernesti
1465 2497 1498 2523 de
1519 2497 1627 2532 llupont
1645 2497 1672 2523 in
1690 2504 1818 2529 inagnum

1074 2543 1248 2577 magistrum,
1266 2546 1291 2568 et
1311 2546 1397 2568 const.
1420 2541 1462 2568 ed.
1485 2548 1598 2573 mocexx,
1620 2541 1664 2567 die
1687 2541 1718 2566 15
1739 2540 1816 2573 iunii,

1075 2586 1169 2622 pontif.
1190 2595 1233 2621 xx,
1247 2586 1406 2613 conceditur
1425 2585 1594 2620 indulgentia
1614 2584 1734 2619 plenaria
1755 2592 1817 2619 per-

1074 2634 1154 2666 petua
1175 2639 1222 2668 pro
1243 2631 1314 2658 dicta
1333 2631 1447 2657 ecclesia
1467 2630 1493 2657 in
1514 2629 1678 2666 quibusdam
1694 2628 1779 2656 festis.

1823 229 1858 252 Λιι
1893 228 1919 252 (ἶ.
1940 226 2005 253 ¹718

1854 976 1880 996 Ex
1892 976 1974 997 inliniri.
