2269 3203
278 227 328 254 An.
349 226 460 254 &¹723
507 217 573 253 934

472 286 506 308 se
542 276 698 316 sufficiat;
737 277 948 317 declaramus,
986 277 1211 310 sufficientiam

472 328 656 362 huiusmodi
674 330 928 373 praetimendam
947 341 1024 368 esse,
1043 341 1108 363 non
1126 331 1212 362 iuxta

471 386 576 414 taxam
602 383 788 426 synodalem
816 383 882 416 sive
904 394 1028 416 morem
1057 394 1117 426 pro
1140 394 1213 426 pro-

471 436 641 468 movendis
667 436 706 468 ad
733 447 843 469 sacros
869 436 1002 468 ordines
1030 435 1210 478 vigentem¹

471 487 503 519 in
529 488 602 520 loco
628 489 785 531 praedicti
810 488 959 521 beneficii
987 489 1066 531 (nisi
1105 493 1210 522 tamen

471 539 551 572 illud
578 541 763 573 continuam
797 546 827 573 et
857 541 1036 583 praecisam
1068 541 1211 573 residen-

471 593 548 625 tiam
574 594 819 636 rcqui1·at>.sed
845 593 930 626 iuxta
956 599 1067 634 taxam,
1094 595 1156 634 vel,
1175 596 1210 626 ea

471 645 654 686 deficiente,
694 647 781 679 iuxta
817 658 941 680 morem
979 648 1010 680 in
1040 647 1104 680 alio
1137 648 1209 680 loco

471 698 628 732 domicilii
654 699 830 742 vigentem.

275 760 460 807 “31¹¹‡³¹.³¹¹‘,s1⁰‘'?³³
515 751 529 793 ἓ
553 751 583 783 8.
611 751 723 791 Porro,
740 752 778 784 ad
801 757 919 786 sartam
946 758 1129 796 tectamque
1151 763 1210 786 ser-

275 792 605 837 ilbfl'jss'f‘ssltiii{ivandam
633 805 882 838 ecclesiasticam
906 806 1120 849 disciplinam,
1146 817 1208 839 non

276 841 361 859 tonsura
375 846 415 860 non
430 841 460 859 in·
507 857 513 862 .

275 866 388 889 cedenws.
428 867 577 890 summus
619 858 774 890 momenti
813 858 909 891 habet
944 860 1030 902 quod
1067 859 1208 892 clericali

275 897 312 911 suo
325 893 403 911 muneri
420 899 460 912 non

275 911 605 965 53¹12st.‘i{5'32¹⁹?a:“¹³¹5stoe
630 922 752 945 nomen
788 912 864 945 dare
905 923 968 945 non
1004 913 1210 955 permittatur

274 963 509 1022 {liiiin‘iffi‘mbuffls
541 965 594 1008 qui
626 965 711 997 haud
748 965 823 998 satis
853 965 961 998 idonei
997 965 1077 1005 sint,
1113 976 1208 1008 quam

384 1013 388 1018 ’
470 1018 556 1060 quod
584 1018 689 1050 eidem
714 1018 848 1050 militiae
874 1018 937 1050 iarn
963 1018 1119 1062 adscripti
1140 1020 1208 1051 lau-

469 1070 608 1103 dabilem
656 1071 784 1103 vivendi
831 1071 994 1104 rationem
1034 1077 1206 1111 sectentur,

467 1133 603 1166 eamque
629 1134 755 1156 morum
782 1124 958 1156 exhibeant
989 1125 1207 1157 innocentiam

468 1187 551 1219 quae
573 1176 735 1209 sanctitati
753 1177 895 1219 suscepti
917 1177 1056 1209 instituti
1075 1188 1207 1220 respon-

466 1229 562 1268 deat,
588 1229 755 1272 multoque
780 1229 884 1271 magis
911 1230 998 1272 quod
1024 1230 1206 1262 abstineant

465 1281 504 1314 iis
535 1292 616 1324 quae
649 1292 666 1314 a
691 1281 788 1314 sacris
813 1282 990 1314 canonibus
1015 1282 1085 1315 iure
1111 1282 1207 1315 meri-

465 1340 565 1378 toque
589 1335 686 1368 vetita
719 1340 795 1368 sunt
829 1335 874 1367 uti
906 1346 1038 1378 prorsus
1070 1335 1206 1378 indigna

465 1388 654 1421 hominibus
685 1389 931 1422 tabernaculum
964 1389 1089 1422 Domini
1115 1389 1207 1422 inha-

464 1441 643 1475 bitantibus
669 1447 701 1474 et
724 1443 910 1475 venerando
935 1442 1043 1475 altaris
1061 1442 1206 1475 ministe-

464 1494 513 1527 rio
539 1494 706 1527 dedicatis.
723 1494 897 1528 Statuimus
916 1499 1091 1538 propterea
1109 1499 1205 1538 atque

465 1547 686 1588 decernimus,
721 1549 819 1591 quod,
844 1547 869 1580 si
895 1548 948 1591 qui
975 1553 1051 1580 sunt
1080 1547 1203 1588 clerici,

465 1605 519 1632 aut
542 1600 644 1643 prima
670 1603 804 1633 tonsura
830 1605 885 1633 aut
909 1600 1077 1634 ordinibus
1102 1601 1203 1633 mino-

464 1653 555 1685 ribus
580 1653 707 1693 initiati,
733 1654 925 1696 nullumque
951 1653 1205 1687 ecclesiasticum

463 1705 658 1739 beneficium
692 1706 922 1749 possidentes,
948 1707 1022 1750 qui,
1049 1706 1204 1749 neglectis

464 1758 600 1792 Concilii
639 1759 822 1792 Tridentini
860 1759 1018 1800 decretis,
1058 1759 1203 1792 habitum

465 1812 649 1845 clericalem
674 1823 710 1845 ac
735 1817 902 1845 tonsuram
933 1822 998 1846 non
1031 1812 1201 1853 deserant,

464 1865 532 1905 vel,
551 1865 576 1898 si
595 1864 689 1898 etiam
707 1865 870 1905 deserant,
888 1875 953 1898 non
971 1870 1078 1898 tamen
1099 1870 1204 1898 certae

465 1918 624 1951 ccclesiae
649 1923 703 1950 aut
727 1919 799 1951 loco
825 1919 890 1962 pio,
916 1918 966 1951 cui
992 1929 1028 1951 ex
1052 1919 1204 1951 mandato

465 1970 611 2014 episcopi
647 1971 803 2015 adscripti
846 1971 980 2011 suerint,
1008 1971 1202 2012 inserviant,

464 2023 589 2057 sivein
625 2024 802 2058 seminario
835 2024 1053 2058 ecclesiastico
1089 2025 1139 2057 vel
1171 2025 1205 2057 in

464 2077 574 2120 aliqua
599 2077 711 2110 schola
735 2083 788 2110 aut
812 2078 1021 2111 universitate
1047 2078 1086 2111 de
1111 2077 1206 2110 licen-

465 2130 508 2162 tia
523 2130 571 2162 sui
589 2129 750 2163 Ordinarii
765 2141 830 2164 non
846 2136 1031 2170 versentur,
1051 2130 1204 2175 episcopi,

465 2184 554 2216 nulla
590 2183 686 2216 etiam
721 2183 898 2227 praemissa
922 2184 1121 2223 monitione,
1150 2194 1205 2217 eos

464 2235 637 2278 privilegio
669 2236 729 2268 sori
762 2236 906 2279 privatos
937 2237 1125 2276 declarent,
1151 2247 1205 2270 eo-

465 2298 603 2331 rumque
635 2289 889 2332 adscriptionem
926 2289 1060 2322 servitio
1097 2295 1204 2323 certae

467 2340 625 2374 ecclesiae
649 2347 745 2374 antea
781 2342 897 2374 factam
923 2342 1026 2375 deleri
1057 2342 1203 2375 iubeant.

465 2394 563 2438 Sique
598 2394 619 2427 ii
644 2395 813 2428 meliorem
843 2395 928 2428 vitae
954 2395 1113 2428 rationem
1139 2405 1204 2428 non

466 2446 609 2488 inierint,
635 2451 689 2479 aut
714 2447 809 2480 etiam
836 2448 859 2480 si
886 2447 940 2480 alii
966 2447 1039 2485 sint,
1061 2457 1151 2490 quos,
1168 2458 1203 2480 ex

466 2499 601 2543 propria
625 2501 732 2543 culpa,
755 2500 943 2533 efficiendos
969 2500 1104 2533 idoneos
1130 2510 1205 2543 pro-

467 2553 603 2587 motioni
629 2553 667 2587 ad
700 2564 808 2587 sacros
843 2553 976 2587 ordines
1003 2554 1125 2598 sperari
1150 2564 1205 2588 ne-

506 2617 514 2641 i
533 2614 601 2642 Male
615 2615 681 2643 edit.
698 2615 778 2644 Main.
795 2615 860 2651 legit
877 2616 1033 2651 eri‘qcnlcm
1051 2616 1089 2651 (a.
1107 2617 1156 2651 T.).

1058 228 1239 253 BULLARIUM
1263 228 1417 253 ROMANUM

1999 230 2047 258 An.
2069 230 2098 259 C.
2117 230 2185 260 1723

1256 283 1371 320 queat3
1398 277 1494 310 iidem
1521 276 1678 320 episcopi,
1706 279 1830 311 servata
1855 278 1959 311 forma
1977 289 1994 312 a

1256 331 1353 363 sacris
1378 330 1556 364 canonibus
1575 331 1699 371 tradita,
1722 331 1759 363 ad
1781 331 1994 374 privationem

1256 383 1392 416 aliorum
1408 383 1606 416 clericalium
1619 384 1862 426 privilegiorum
1880 389 1994 417 contra

1256 434 1342 478 ipsos
1368 436 1560 478 procedant.
1595 436 1655 469 Ubi
1685 446 1759 469 vero
1789 437 1994 479 reperiantur

1256 488 1365 521 clerici
1398 489 1597 531 capellanias
1628 490 1678 522 vel
1702 489 1861 522 beneficia
1886 489 1994 522 cuius·

1255 551 1395 584 cumque
1420 542 1516 575 etiam
1535 542 1681 575 redditus
1700 542 1893 582 obtinentes,
1916 552 1994 585 quo-

1255 604 1325 627 rum
1341 595 1492 637 improba
1506 594 1581 635 vita,
1592 596 1664 628 aliis
1679 594 1891 628 offensionem
1901 605 1994 638 prae-

1254 647 1347 688 bens,
1368 648 1510 680 destruat
1526 648 1634 691 potius
1655 658 1749 692 quam
1770 647 1926 687 aedificet,
1941 648 1992 680 vel

1254 700 1488 740 concubinarii,
1506 707 1560 734 aut
1578 702 1808 741 foeneratores,
1826 701 1873 734 vel
1893 699 1994 733 ebrie-

1254 754 1309 787 tati
1335 753 1461 787 ludisve
1486 755 1629 787 alearum
1655 754 1768 795 dediti,
1792 754 1844 787 vel
1869 758 1991 786 satores

1254 806 1409 846 rixarum,
1431 806 1481 839 vel
1499 807 1735 848 negotiatores,
1755 807 1805 839 vel
1831 816 1920 838 arma
1937 815 1991 848 ge-

1254 865 1374 892 stantes
1393 886 1399 899 ,
1422 860 1471 892 vel
1498 859 1630 892 incertis
1660 859 1792 893 sedibus
1815 864 1968 902 vagantes
1984 885 1991 899 ,

1252 914 1302 945 vel
1316 913 1498 946 clericalem
1517 913 1661 946 habitum
1677 918 1907 957 tonsuramque
1925 923 1992 946 non

1253 966 1449 1005 deserentes
1476 966 1525 998 vel
1552 966 1772 999 ecclesiastica
1791 965 1991 998 immunitate

1254 1017 1285 1050 in
1311 1018 1458 1052 fraudem
1494 1018 1689 1052 tributorum
1725 1024 1756 1051 et
1781 1019 1991 1061 vectigalium

1252 1081 1269 1103 a
1293 1070 1384 1103 laicis
1415 1081 1481 1104 non
1507 1071 1665 1114 exemptis
1691 1071 1921 1104 solvendorum
1946 1075 1992 1103 te-

1251 1134 1339 1156 mere
1366 1124 1547 1165 abutentes,
1573 1125 1623 1157 vel
1645 1123 1699 1166 qui
1719 1124 1857 1163 demum,
1872 1122 1992 1156 similia

1251 1182 1305 1210 aut
1328 1177 1452 1210 maiora
1481 1177 1619 1210 crimina
1643 1181 1830 1219 patrantes,
1856 1185 1991 1209 numero

1251 1230 1353 1272 magis
1384 1241 1479 1273 quarn
1506 1230 1622 1262 merito
1647 1230 1686 1262 ad
1718 1229 1894 1262 Ecclesiam
1918 1239 1992 1272 per-

1250 1282 1355 1315 tinere
1381 1282 1438 1315 visi
1464 1282 1598 1323 suerint,
1624 1282 1782 1325 episcopi,
1803 1281 1990 1324 praemissis

1251 1341 1359 1369 tamen
1383 1335 1572 1368 necessariis
1605 1335 1857 1375 monitionibus,
1883 1344 1990 1367 serva-

1250 1389 1354 1432 tisque
1380 1388 1451 1422 aliis
1484 1388 1523 1421 de
1560 1388 1630 1420 iure
1662 1387 1850 1428 servandis,
1876 1391 1990 1420 contra

1248 1441 1335 1485 ipsos
1353 1441 1391 1474 ad
1418 1451 1541 1484 poenas
1566 1451 1584 1473 a
1600 1441 1753 1474 Romanis
1779 1439 1987 1473 Pontificibus

1249 1493 1556 1538 praedecessoribus
1574 1494 1694 1526 nostris
1711 1499 1743 1526 et
1763 1504 1779 1526 a
1797 1492 1895 1526 sacris
1915 1503 1990 1525 con-

1249 1547 1332 1581 ciliis
1357 1547 1536 1590 impositas,
1554 1552 1586 1579 et
1602 1547 1697 1579 etiam
1715 1546 1752 1579 ad
1774 1546 1989 1589 privationem

1248 1601 1504 1640 beneficiorum,
1536 1599 1790 1642 capellaniarum
1822 1604 1854 1631 et
1884 1600 1989 1632 eccle-

1249 1653 1454 1686 siasticorum
1481 1652 1662 1685 officiorum
1687 1652 1720 1684 in
1745 1651 1896 1684 omnibus
1919 1651 1986 1684 illis

1249 1706 1375 1739 casibus
1399 1706 1431 1738 in
1458 1705 1576 1748 quibus
1605 1704 1773 1747 praedicta
1805 1703 1944 1747 privatio
1969 1714 1988 1737 a

1250 1759 1350 1792 sacris
1381 1758 1561 1792 canonibus
1593 1758 1747 1801 imposita
1773 1762 1840 1798 est,
1874 1758 1988 1790 huma-

1249 1812 1298 1845 nis
1317 1811 1572 1855 quibuscumque
1589 1810 1769 1843 rationibus
1786 1810 1986 1854 postpositis,

1249 1864 1451 1908 procedant,
1478 1873 1642 1896 memores
1666 1864 1791 1906 seipsos
1816 1863 1986 1905 neglectae

1250 1918 1455 1951 subditorum
1499 1917 1737 1950 emendationis
1777 1917 1957 1959 condignas
1977 1943 1984 1956 ,

1248 1970 1314 2003 Deo
1339 1971 1484 2010 vindice,
1507 1980 1630 2014 poenas
1658 1970 1895 2013 persoluturos.

1293 2023 1307 2067 ἓ
1332 2023 1364 2056 9.
1391 2023 1453 2057 Sed
1480 2028 1512 2056 et
1537 2034 1607 2056 cum
1640 2033 1799 2066 personae
1832 2022 1985 2056 ecclesia·
1998 2032 2182 2054 ctericffomnesin

1996 2065 2039 2080 suis
2048 2060 2143 2080 ecclesiis
2153 2061 2182 2081 iu-

1249 2077 1347 2110 sticae
1361 2087 1528 2120 nunquam
1542 2077 1619 2110 satis
1633 2076 1666 2109 in
1679 2075 1856 2120 obsequiis¹
1873 2085 2182 2133 siipre-pu2112superpei-

2005 2119 2071 2133 weum
2085 2116 2104 2133 et
2115 2113 2183 2133 occla-

1249 2140 1302 2163 mo
1326 2129 1455 2163 Numini
1481 2129 1684 2168 exhibendis
1700 2129 1804 2173 iisque
1821 2133 2090 2186 praestan-{3355}
2117 2139 2182 2186 &1153

1249 2183 1297 2216 dis
1315 2193 1396 2226 quae
1411 2192 1526 2215 eorum
1544 2182 1640 2215 statui
1665 2187 1885 2214 consentanea
1901 2186 1985 2222 sunt,
1996 2192 2044 2213 sim.

1250 2236 1393 2270 exerceri
1417 2237 1556 2276 valeant,
1582 2235 1755 2279 plurimum
1787 2235 1820 2267 in
1848 2234 1985 2268 Domino

1249 2289 1517 2322 commendamus
1542 2288 1632 2332 pium
1664 2298 1789 2321 morem
1814 2287 1848 2320 in
1872 2287 1988 2331 pleris-

1249 2352 1311 2385 que
1335 2341 1565 2385 Hispaniarum
1583 2340 1788 2374 dioecesibus
1815 2340 1985 2383 vigentem,

1249 2400 1283 2427 ut
1307 2394 1416 2428 clerici
1454 2400 1517 2427 tam
1549 2394 1582 2426 in
1616 2393 1795 2426 minoribus
1821 2404 1919 2437 quam
1954 2393 1988 2426 in

1249 2448 1426 2481 maioribus
1463 2447 1631 2480 ordinibus
1667 2446 1852 2487 constituti,
1891 2451 1987 2489 atque

1249 2501 1347 2534 etiam
1371 2499 1572 2544 presbyteri,
1599 2500 1723 2533 tametsi
1755 2498 1914 2533 beneficia
1937 2499 1987 2532 vel

1249 2553 1353 2588 officia
1374 2552 1593 2587 ecclesiastica
1610 2563 1676 2586 non
1695 2553 1863 2593 habenteS,
1877 2561 1988 2596 super-

1284 2617 1297 2643 1
1320 2615 1390 2643 Edit.
1412 2615 1491 2642 Main.
1515 2615 1579 2650 legit
1599 2615 1730 2650 obsequii
1747 2617 1785 2650 (R.
1802 2615 1850 2648 Γ).
