2269 3203
111 204 164 233 An.
185 203 214 231 C.
231 202 301 232 170⁴

109 1967 218 2017 ¹²¹¹Fun-‘Dal
227 1969 295 1990 nomi-

952 196 1093 221 ‹firmil-sas

306 251 339 285 ni
358 250 476 284 sinicos
494 250 597 283 libros
622 250 654 282 in
682 247 801 280 scholis
821 248 941 289 legant,
964 245 1054 278 athe-

307 304 426 337 ismum
445 309 478 338 et
495 304 639 336 diversas
661 301 920 344 superstitiones,
937 299 1052 343 quibus

306 359 355 392 illi
381 358 456 391 libri
483 363 546 390 tam
565 357 596 389 in
617 361 702 388 textu
725 366 821 398 quam
840 355 871 387 in
891 364 1053 387 commen-

308 411 400 445 tariis
425 416 560 448 scatent,
586 409 619 442 iu
645 409 827 442 auditorum
854 408 980 441 aniiuos
1007 407 1052 439 in-

309 465 458 504 sundant;
474 464 531 496 sed
545 463 618 496 illos
630 461 827 494 missionarii
844 461 1051 500 111111101100111,

307 524 342 552 ut
368 518 480 551 obvios
506 527 634 550 errores
658 516 810 555 refutent,
837 520 878 553 et,
902 524 1050 547 errorum

307 570 493 610 occasione,
512 579 593 613 quae
615 569 653 601 dc
674 568 752 607 Deo,
774 568 813 600 de
832 567 942 599 mundi
961 577 1052 599 crea-

308 624 398 658 tione
417 628 450 657 et
467 621 719 666 gubernatione,
737 620 914 653 christiana
935 619 1051 662 religio

307 677 434 718 tradit,
462 676 638 719 discipulos
663 675 840 717 diligenter
878 674 1050 713 edocea11t3

307 736 403 775 atque
441 729 573 764 eosdem
614 728 811 762 christianos
852 725 1049 760 missionarii

306 784 500 826 frequenter
536 781 853 821 commonefaciant,
878 790 935 821 ne,
963 779 1050 823 quod

305 837 399 870 facile
424 836 596 878 contingit,
623 836 688 868 suis
708 834 976 878 inscriptionibus
994 833 1051 866 ali-

305 889 384 933 quid
402 900 419 922 e
438 889 572 922 scholae
592 889 771 922 litterariae
788 886 971 931 principiis¹
986 887 1049 930 legi

305 941 525 977 christianae2
555 942 759 976 contrarium
790 941 990 975 admisceant
1015 953 1045 974 ».

642 1021 712 1065 11¹1.

590 1094 761 1125 RESPONSA,

307 1149 383 1185 Quae
401 1149 436 1178 ad
457 1148 581 1188 quaesita
597 1147 726 1187 superius
743 1145 840 1181 relata,
856 1145 971 1185 praevio
987 1145 1049 1175 diu-

345 1201 440 1234 turno,
463 1201 571 1226 maturo
586 1205 617 1226 ac
632 1195 841 1234 diligentissimo
863 1195 1000 1230 examine,
1018 1194 1049 1222 de

345 1247 472 1275 mandato
503 1249 613 1275 sanctae
642 1244 789 1273 memoriae
819 1243 972 1272 Innocentii
993 1241 1050 1271 XII

342 1296 426 1334 prius
447 1294 580 1331 inchoato,
604 1303 635 1323 oe
656 1293 753 1321 deinde
780 1293 857 1321 iussu
882 1291 1048 1320 sanctissimi

345 1344 450 1373 domini
471 1344 559 1372 nostri
574 1342 678 1371 domini
694 1340 841 1371 Clementis
856 1340 910 1369 PP.
933 1339 976 1369 XI
997 1349 1049 1378 per

344 1393 440 1432 plures
462 1402 547 1422 annos
568 1393 736 1426 continuato,
758 1401 773 1419 u
795 1392 873 1419 suero
897 1388 1050 1427 Congrege-

345 1442 418 1471 tz‘one
428 1441 706 1470 eminentissimam·um
718 1449 748 1469 uc
760 1439 1049 1468 reverendissimorum

345 1490 517 1519 dominorum
532 1488 562 1520 S.
580 1489 614 1519 R.
631 1489 664 1519 E.
679 1488 864 1518 cardinalium
880 1489 909 1516 itt
931 1490 985 1516 told
1006 1497 1049 1516 re-

344 1537 457 1577 publica
477 1538 629 1567 christiana
650 1537 779 1566 (introrsus
803 1536 971 1566 haereticam
983 1545 1050 1574 pra-

349 1586 462 1615 vitatem
494 1585 667 1623 generalium
704 1585 899 1623 inquisitorum
934 1594 950 1613 α
981 1582 1049 1613 Sede

345 1634 502 1674 Apostolicci
529 1635 686 1674 specialiter
714 1635 924 1674 deputatorum,
946 1634 1049 1663 auditis

343 1685 481 1724 partibus,
504 1693 607 1713 necnon
630 1683 813 1722 theologorum
834 1687 860 1714 et
881 1683 1049 1722 qualificato-

344 1744 408 1763 rum
426 1734 460 1763 ad
482 1734 511 1763 id
531 1734 723 1773 deputatorum
743 1735 823 1772 votis,
845 1735 909 1764 data
923 1736 1047 1774 suerunt,

347 1793 379 1812 ac
398 1783 570 1822 postmodum
593 1783 625 1812 ab
647 1784 739 1813 eodem
761 1784 929 1813 sanctissimo
941 1784 1049 1814 ‹lontino

346 1836 437 1862 nostro
458 1832 608 1872 approbata
630 1836 654 1862 et
676 1833 845 1871 confirmata.

503 1907 594 1948 Super
612 1909 704 1948 primo
720 1909 848 1938 articulo.

350 1958 398 1991 Ad
423 1958 564 2002 primum
588 1958 771 2002 quaesitum
796 1969 886 1991 sacra
910 1958 1050 2003 Congre-

305 2011 394 2056 gatio
420 2011 548 2045 censuit
578 2022 645 2045 non
679 2023 751 2046 esse
781 2012 967 2046 adhibenda
991 2023 1050 2045 no·

304 2065 393 2099 mina
417 2075 581 2109 europaea
606 2066 645 2098 ad
671 2065 920 2108 significandum
948 2066 1048 2099 Deum

305 2118 472 2162 Optimum
506 2119 695 2152 Maximum:
726 2119 851 2152 inutilis
888 2119 1048 2162 siquidem

306 2177 395 2206 esset
419 2183 532 2206 eorum
556 2183 654 2213 usus,
681 2173 788 2216 posito
819 2173 905 2216 quod
929 2173 986 2206 illa
1007 2173 1050 2206 si-

305 2226 386 2260 nicis
411 2225 658 2260 characteribus
685 2226 822 2270 exprimi
841 2225 890 2258 vix
910 2226 1046 2269 possint,

306 2290 368 2313 nec
400 2280 502 2319 ullam
533 2280 622 2323 apud
656 2279 749 2313 Sinas
773 2280 820 2313 rei
846 2279 1047 2323 significatae

306 2332 414 2366 ideam
439 2333 580 2366 excitare
605 2333 743 2366 valeant.

350 2386 398 2419 Ad
430 2386 608 2420 secundum
641 2386 813 2430 respondit
845 2386 1046 2420 affirmative.

306 2438 338 2473 Si
364 2439 452 2472 enim
476 2439 541 2472 illis
565 2439 700 2473 vocibus
727 2439 812 2483 apud
841 2440 1047 2483 praecipuam

306 2492 491 2526 sinensium
526 2498 669 2534 sectam,
710 2504 793 2537 quae
828 2493 1047 2528 litteratorum

343 2565 356 2591 1
377 2562 451 2591 Edit.
472 2563 556 2591 Main.
577 2564 644 2599 legit
660 2565 806 2600 principii
823 2567 862 2600 (11.
879 2566 931 2601 1.).
959 2580 963 2584 ·

341 2609 359 2637 2
376 2609 478 2638 vocem
496 2607 675 2638 christianae
695 2618 744 2638 nos
763 2609 886 2639 addimus
900 2610 940 2647 (a.
956 2611 1005 2647 T.).

412 2664 494 2696 Ball.
508 2664 591 2696 Rom.
608 2679 643 2686 —
661 2665 722 2695 Vol.
738 2665 814 2695 XXI.
958 2666 992 2694 28

1120 197 1150 219 xi
1177 197 1223 220 rr.
1735 184 1798 217 217

1096 248 1324 288 nuncupatur,
1352 243 1484 277 nonnisi
1511 243 1593 276 caeli
1615 243 1712 275 virtus
1731 242 1837 275 cidem

1096 301 1187 332 caelo
1224 299 1321 331 insita
1361 297 1573 340 designatur,
1609 297 1734 328 caelum
1767 306 1838 328 cor-

1095 363 1232 395 poreum
1256 357 1288 385 et
1312 351 1454 390 visibile,
1481 351 1530 383 vel
1557 349 1714 392 quaedam
1739 359 1838 391 quae-

1095 416 1233 448 cumque
1261 405 1322 437 alia
1349 403 1478 436 tandem
1505 402 1627 435 eisdem
1649 401 1783 434 vocibus
1800 401 1839 434 si-

1095 458 1260 501 gnificatio
1297 456 1429 490 attribui
1455 457 1580 495 valeat,
1603 454 1768 487 abstinere
1799 454 1838 486 ab

1096 511 1142 544 eis
1167 522 1301 555 prorsus
1329 511 1448 544 debent
1473 507 1690 547 niissionarii,
1718 517 1758 540 ne
1783 517 1839 540 an-

1095 576 1162 597 sam
1181 565 1362 608 praebeant
1380 563 1444 596 illis
1464 563 1616 605 gentibus
1633 560 1837 593 existimandi

1094 618 1177 651 1111111
1203 618 1290 651 aliud
1318 627 1389 651 esse
1415 617 1528 656 Deum,
1551 625 1647 658 quem
1667 613 1838 647 christiani

1095 673 1233 712 colunt,
1261 681 1358 715 quam
1391 670 1516 703 caelum
1541 678 1757 712 corporeum,
1784 672 1840 700 aut

1095 725 1164 758 eins
1190 725 1355 757 virtutem.

1138 779 1185 811 Aa
1212 778 1344 811 tertium
1376 776 1528 810 similiter
1558 775 1727 819 respondit
1755 773 1839 807 affir-

1094 832 1229 872 mative;
1249 831 1446 875 praesertim
1464 840 1537 863 eum
1555 829 1646 861 nulla
1672 829 1734 861 liae
1753 827 1786 860 in
1804 838 1838 860 re

1094 886 1177 920 adsit
1201 885 1287 918 inter
1311 889 1420 928 partes
1446 881 1682 916 controversia.

1137 939 1184 972 Ad
1206 943 1358 982 quartum
1384 936 1584 970 sufficienter
1609 934 1706 967 ruisse
1730 934 1839 977 provi-

1093 1003 1164 1025 sum
1183 993 1216 1025 in
1236 990 1454 1035 responsione
1473 990 1513 1023 ad
1531 990 1712 1023 seeundum
1738 999 1839 1032 quae-

1093 1046 1202 1079 situm.

1270 1097 1362 1138 Super
1383 1096 1500 1127 secundo
1523 1094 1652 1125 articulo.

1137 1151 1183 1185 Ad
1210 1151 1362 1195 primum.
1390 1149 1530 1183 Attentis
1555 1148 1593 1180 iis
1610 1175 1617 1189 ‚
1639 1157 1722 1190 quae
1751 1147 1836 1180 dicta
1873 1154 2031 1175 notabenisin

1846 1182 1947 1203 ecclesia.

1092 1211 1167 1238 sunt
1192 1205 1225 1237 in
1243 1204 1463 1247 responsione
1482 1203 1520 1236 ad
1538 1202 1719 1235 seeundum
1739 1211 1836 1244 qnae-

1092 1258 1187 1291 situm
1213 1257 1309 1300 primi
1335 1257 1475 1296 articuli,
1502 1266 1593 1288 sacra
1618 1254 1835 1297 Congregatio

1091 1311 1262 1355 respondit
1302 1310 1558 1354 permittendum
1594 1318 1659 1341 non
1697 1318 1766 1340 esse
1803 1308 1837 1340 in

1093 1365 1241 1398 ecclesiis
1257 1364 1509 1397 christianorum
1522 1362 1664 1406 appendi
1684 1362 1837 1394 tabellam

1093 1420 1131 1452 de
1153 1429 1214 1462 qua
1240 1418 1364 1461 agitur,
1392 1427 1453 1450 nec
1478 1417 1542 1449 iam
1577 1425 1755 1459 appensam
1787 1425 1837 1448 re-

1094 1472 1202 1505 tineri.
1229 1472 1295 1505 Etsi
1324 1472 1410 1505 enim
1437 1471 1527 1504 nefas
1555 1469 1687 1503 omnino
1722 1469 1763 1502 sit
1787 1479 1837 1501 su-

1092 1525 1209 1569 spicari
1237 1526 1324 1568 quod
1346 1525 1447 1568 aliqui
1474 1523 1612 1556 ministri
1639 1522 1834 1565 evangelici,

1092 1581 1247 1613 tabellam
1284 1579 1472 1612 huiusmodi
1510 1578 1543 1610 in
1575 1577 1724 1610 ecclesiis
1751 1576 1837 1609 cliri-

1092 1634 1270 1667 stianorum
1295 1634 1521 1677 permittentes
1538 1659 1545 1672 ,
1572 1631 1636 1664 alio
1671 1631 1778 1664 animo
1804 1630 1836 1663 id

1093 1687 1222 1727 saciant,
1251 1697 1358 1730 quam,
1385 1697 1444 1729 per
1465 1685 1715 1728 inscriptionem
1740 1684 1774 1716 in
1800 1686 1837 1717 ea

1091 1742 1286 1786 appositam,
1310 1751 1378 1774 non
1398 1738 1508 1780 caeli‚¹
1526 1740 1672 1782 adeoque
1697 1738 1766 1770 veri
1781 1738 1836 1770 Dei

1092 1797 1215 1829 cultum
1241 1793 1441 1838 explicandi:
1467 1792 1699 1826 abstinendum
1727 1796 1835 1823 tamen

1093 1849 1226 1882 omnino
1247 1853 1296 1881 est
1317 1847 1357 1880 ab
1375 1847 1431 1880 illa
1447 1846 1550 1890 praxi,
1569 1856 1676 1889 quam,
1695 1844 1783 1877 iuxta
1798 1855 1835 1877 ea

1092 1913 1175 1946 quae
1196 1902 1362 1935 habentur
1376 1901 1459 1944 apud
1471 1900 1657 1933 S.Leonem
1677 1909 1772 1931 serm.
1790 1908 1835 1931 v11

1091 1957 1137 1990 De
1160 1956 1342 1990 Nativitate
1359 1954 1506 1994 Domini,
1529 1964 1602 1986 cum
1624 1952 1695 1996 quis
1722 1953 1755 1985 in
1780 1963 1836 1986 no-

1092 2010 1167 2043 stris
1204 2008 1387 2049 invenerit,
1414 2007 1488 2052 qui,
1510 2006 1678 2040 erroribus
1702 2005 1834 2047 relictis,

1092 2063 1305 2097 christianam
1328 2062 1426 2095 fidem
1451 2062 1618 2104 amplexus
1654 2065 1724 2100 est,
1763 2070 1835 2093 eam

1092 2127 1202 2150 secum
1227 2122 1354 2160 partem
1386 2114 1552 2158 opinionis
1584 2118 1728 2147 vetustae
1759 2118 1835 2146 tam-

1093 2182 1189 2215 quam
1206 2169 1414 2214 probabilem
1430 2167 1574 2202 rctinere
1596 2172 1716 2211 posset,
1736 2177 1834 2210 quam

1092 2224 1243 2258 fidelibus
1261 2228 1292 2256 et
1305 2221 1494 2255 infidelibus
1512 2221 1633 2254 viderit
1657 2230 1728 2254 esse
1748 2230 1834 2253 com-

1092 2288 1234 2311 munem.

1135 2332 1183 2365 Ad
1208 2331 1403 2365 secundum.
1430 2328 1683 2372 Praesupposita
1713 2328 1831 2361 inscri-

1091 2386 1224 2430 ptione,
1251 2385 1290 2418 de
1328 2395 1390 2428 qua
1424 2383 1548 2426 agitur,
1576 2383 1746 2426 respondit
1778 2392 1834 2415 ne-

1090 2440 1207 2484 gative.
1230 2438 1322 2477 Quod
1350 2438 1377 2471 51
1408 2439 1481 2471 1000
1507 2435 1731 2480 inscriptionis
1760 2435 1834 2470 Cae-

1091 2493 1160 2526 lum
1177 2492 1281 2533 colito,
1299 2495 1546 2536 proponeretur
1570 2489 1634 2523 alia
1653 2489 1833 2522 Dominum

1126 2565 1138 2592 1
1160 2563 1225 2592 Heic
1236 2562 1343 2591 videtur
1353 2570 1439 2590 unum
1454 2569 1560 2590 comma
1569 2560 1712 2594 excidisse,
1723 2567 1831 2596 nempe,

1088 2610 1136 2640 sed
1155 2609 1227 2641 caeli
1247 2608 1406 2645 creatoris,
1427 2607 1566 2644 adeoque,
1587 2609 1639 2637 etc.
1659 2605 1699 2642 (a.
1714 2605 1764 2641 T.)-

1846 194 1895 220 Λιι.
1915 192 1944 220 C.
1960 191 2031 220 1704
