2269 3203
85 194 133 221 An.
149 192 177 219 C.
199 192 267 220 1717

150 2423 284 2445 Confirmatio

99 2451 213 2473 relatarum
226 2450 285 2472 lute-

99 2484 178 2501 rarum.

904 186 1044 212 CLEMENS
1069 186 1100 210 XI
1125 186 1173 210 PP.

277 240 334 271 sint
357 239 423 269 illac
445 239 634 277 gravissimae
668 243 695 268 et
728 245 850 275 magnae
872 243 1017 274 expensae

278 288 522 327 iiulispensabiles
555 291 583 317 et
613 286 792 316 necessariae
816 288 934 324 propter
957 283 1018 312 lon-

277 337 395 375 gissima
430 337 533 366 itinera
567 345 618 375 per
651 334 784 372 regiones
817 333 959 365 desertas,
988 335 1019 360 ut

280 387 329 415 liat
352 385 492 415 transitus
516 394 551 414 ex
575 386 632 414 unzi
655 383 688 412 ad
705 382 774 412 alias
792 380 969 420 provincias,
987 383 1017 408 ut

279 434 464 473 experientia
481 438 580 463 notum
598 437 655 467 est3
670 436 697 461 et
713 440 788 465 cum,
805 434 924 469 propter
940 437 1020 467 prae-

281 484 352 512 t'atae
375 486 494 511 nostrae
516 480 682 520 provinciae
704 479 756 509 SS.
773 477 927 507 Trinitatis
950 485 1020 515 pau-

282 534 438 569 pertatem,
454 533 599 568 nequeant.
613 528 675 557 lieri
693 527 758 556 illae
776 535 896 564 magnae
912 534 1019 563 expen-

281 589 329 607 sae
352 578 534 608 necessariae
556 577 591 606 ad
614 575 836 606 conducendum
857 574 1021 603 visitatores

280 637 313 656 cx
338 626 504 664 longinquis
527 624 700 664 provinciis3
723 633 775 654 nos
791 627 956 662 propterea,
974 621 1022 650 de-

283 675 446 705 siderantes
469 678 500 703 ut
523 674 553 703 in
577 673 723 712 praedit-ta
746 673 848 701 nostra
870 670 1023 710 provincia

280 724 428 754 evitentur
451 727 507 752 tam
523 731 628 760 graves
644 725 777 760 sumptus
799 730 850 750 seu
867 728 1020 758 expensae,

280 782 394 802 necnon
417 776 445 801 et
468 771 652 801 adhaerendo
675 769 877 799 constitutioni
893 767 1023 806 generali

281 820 473 860 praecipienti
495 819 564 857 eligi
587 819 753 849 visitatores
775 828 808 848 ex
833 815 1023 856 propinquio-

280 868 362 898 ribus
384 868 555 908 provinciis,
570 868 693 907 ideoque
716 867 823 897 virtute
847 866 949 896 harum
972 873 1023 893 no-

280 920 407 947 strarum
431 916 608 955 litterarum,
633 920 732 946 nostro
755 915 873 944 nomine
902 916 930 943 et
958 921 1024 952 pro-

281 965 345 1005 pria
376 974 465 995 manu
496 965 730 1004 subscriptarum
754 964 795 1002 (et
822 971 894 1002 quas
926 960 1023 998 sigillo

282 1014 386 1043 maiori
409 1013 503 1044 nostri
529 1013 619 1044 oflicii
648 1012 811 1051 sigillamus
839 1015 867 1040 et
902 1019 952 1049 per
974 1018 1025 1038 no·

282 1067 375 1092 strum
398 1062 589 1092 secretarium
619 1061 804 1099 attestamur)
828 1058 1024 1099 praecipimus

283 1115 311 1141 et
334 1111 516 1147 ordinamus,
536 1115 567 1140 ut
590 1110 728 1149 deinceps
752 1118 809 1138 non
832 1107 1025 1137 admittantur

283 1169 337 1189 nec
353 1159 533 1198 recipiantur
545 1160 553 1176 ¹
569 1159 599 1189 in
616 1159 742 1197 praefata
759 1159 856 1187 nostra
874 1155 1025 1194 provincia

284 1208 390 1247 aliquis
416 1208 547 1237 visitator
574 1216 610 1237 ex
632 1207 689 1236 alia
713 1206 877 1245 provincia,
902 1204 957 1233 nisi
980 1213 1026 1232 so-

283 1257 343 1287 lum
377 1266 412 1286 ex
445 1256 494 1286 illa
528 1255 746 1294 Assumptionis
769 1254 896 1291 Virginis
919 1253 1025 1282 Mariae

283 1308 461 1340 Tucumanis
477 1314 551 1347 quae
568 1303 730 1346 proximior
746 1307 805 1341 est,
824 1307 855 1332 ut
872 1303 924 1332 lioc
941 1302 1025 1332 niodo

285 1361 458 1388 occurratur
490 1355 606 1386 damnis
639 1365 712 1394 quae
746 1355 864 1384 evenire
903 1357 1024 1392 possunt

283 1409 320 1439 ob
343 1406 506 1437 excessivas
538 1414 691 1444 expensas,
727 1408 754 1434 et
788 1408 819 1433 ut
852 1403 1025 1433 observetur

284 1456 431 1496 generalis
465 1454 637 1485 constitutio
672 1453 766 1484 nostri
789 1453 929 1489 Ordtnis3
955 1462 1025 1491 qua-

285 1510 403 1546 propter
426 1504 610 1541 mandamus,
629 1507 671 1541 ut,
696 1503 793 1532 statim
817 1512 849 1532 ae
872 1502 952 1541 ipsae
976 1511 1026 1531 no-

286 1559 363 1585 strae
385 1554 500 1584 litterae
523 1556 655 1593 patentes
678 1552 863 1591 accipiantur
891 1551 920 1580 in
945 1560 1026 1590 prae-

285 1604 344 1633 fata
376 1604 475 1632 nostra
507 1601 672 1641 provincia,
706 1600 860 1630 intimetur
892 1603 1025 1629 nostrum

285 1652 455 1682 mandatum
478 1651 508 1680 in
531 1650 573 1680 eis
589 1653 756 1680 contentum
773 1649 935 1679 reverendo
952 1649 1026 1688 patri

286 1700 486 1731 commissario
519 1698 648 1738 generali
678 1703 842 1728 nostrarum
866 1698 1028 1737 provincia-

285 1759 352 1781 rum
374 1750 458 1788 regni
480 1748 619 1785 Peruani,
643 1752 674 1777 ut
696 1748 731 1777 de
754 1747 803 1777 illo
831 1747 868 1776 sit
897 1747 1028 1777 admoni-

288 1804 355 1836 tus3
380 1799 427 1829 cui
450 1799 570 1837 insuper
593 1797 765 1826 mandamus
783 1797 888 1826 virtute
910 1801 1027 1826 sanctae

287 1847 469 1879 obedientiae
501 1850 530 1876 et
562 1846 689 1885 Spiritus
710 1845 820 1882 Sancti,
844 1845 921 1884 quod
947 1845 1028 1875 nullo

287 1897 372 1928 modo
395 1905 448 1926 nec
471 1894 524 1925 sub
540 1894 639 1934 aliquo
663 1898 813 1933 praetextu
835 1904 865 1923 se
888 1899 1026 1933 opponat,

287 1956 342 1977 nec
363 1944 543 1976 contradicat
565 1947 666 1973 nostro
689 1943 825 1973 mandato
855 1948 882 1973 et
904 1943 1029 1982 disposi-

288 1995 372 2031 tioni,
396 1994 453 2024 nisi
475 1993 569 2023 solum
592 1992 620 2021 in
644 2001 713 2022 casu
729 2001 786 2031 quo
801 2001 853 2021 sua
870 1993 1028 2031 paternitas

288 2043 534 2075 reverendissima
567 2042 636 2072 velit
668 2043 720 2072 sua
754 2042 871 2081 propria
904 2044 1029 2081 persona

288 2093 468 2134 praedictam
485 2091 664 2132 provinciam
682 2090 811 2121 visitare.
830 2090 908 2120 Datis
930 2091 959 2120 in
976 2091 1030 2120 lioc

289 2146 435 2173 conventu
451 2141 480 2172 S.
498 2139 648 2170 Francisci
671 2139 790 2178 Matriti,
807 2139 853 2169 die
877 2149 943 2169 xxxr
966 2139 1029 2169 iulii

288 2199 417 2223 Moocxv.
434 2208 473 2212 —
493 2190 597 2219 Frater
618 2188 727 2219 IosEpn
751 2189 837 2226 Saxz,
862 2189 1031 2219 commissa-

290 2240 352 2271 rius
374 2239 520 2278 generalis
541 2238 701 2269 Indiarum.
735 2256 773 2261 --
803 2238 870 2267 Loco
891 2240 909 2274 †
930 2238 1028 2276 sigilli.

291 2306 329 2312 —
344 2289 382 2320 De
398 2289 533 2320 mandato
549 2288 735 2328 paternitatis
754 2287 1029 2325 reverendissimae,

293 2338 381 2368 frater
392 2338 526 2369 CLEMENS
540 2338 650 2368 Zumm
669 2341 773 2368 secret.
788 2346 854 2375 gen.
869 2336 1029 2366 lndiarum.

338 2413 353 2456 ξ
378 2413 409 2445 9.
435 2413 512 2446 Cum
532 2419 653 2454 antem,
680 2413 765 2446 sicut
789 2413 903 2446 eadem
928 2422 1029 2455 expo-

294 2466 368 2499 sitio
386 2465 612 2508 subiungebat,
630 2466 735 2500 dictus
752 2466 890 2499 Ioannes
916 2475 1033 2509 procu-

332 2538 341 2563 l
371 2536 467 2563 Potius
495 2535 555 2571 lege
583 2536 763 2565 admittatur
791 2545 843 2564 nec
870 2536 1033 2572 recipiatur

293 2583 334 2617 (n.
355 2581 404 2617 T.).

402 2634 481 2664 Ball.
495 2633 581 2664 Rom.
594 2649 626 2654 —-
645 2634 707 2663 Vol.
725 2634 800 2663 XXI.
945 2633 979 2662 95

1065 237 1151 266 rator
1176 232 1366 275 praemissa,
1391 242 1455 273 qno
1475 230 1598 262 firmius
1624 229 1809 276 subsistant·

1063 286 1263 330 apostolicae
1296 283 1551 317 confirmationis
1590 289 1720 315 nostrae
1751 293 1808 325 pa-

1064 340 1202 372 trocinio
1228 337 1421 372 communiri
1447 347 1656 379 summopere
1683 336 1808 368 deside-

1064 398 1129 425 ret:
1158 403 1223 431 nos,
1256 392 1362 434 ipsunt
1390 391 1541 423 loannem
1565 395 1807 432 procuratorem

1064 445 1264 488 specialilius
1282 444 1447 477 t'avoribns
1473 448 1503 476 et
1521 442 1632 484 gratiis
1651 442 1808 484 prosequi

1064 499 1230 537 volentes,
1258 503 1289 530 et
1313 508 1330 529 a
1357 495 1524 539 quibusvis
1552 493 1810 527 exeommunica—

1065 552 1171 592 tionis,
1191 550 1415 594 suspensionis
1434 555 1465 582 et
1483 547 1657 587 interdicti,
1673 546 1810 588 aliisque

1066 605 1297 638 ecclesiasticis
1318 602 1501 641 sententiis,
1521 600 1666 634 censuris
1687 604 1719 632 et
1738 609 1811 641 poe-

1066 658 1126 698 nis,
1148 668 1165 690 a
1189 657 1258 690 iure
1284 657 1333 689 vel
1352 657 1391 688 ab
1418 654 1564 693 homine,
1583 653 1695 696 quavis
1716 662 1809 684 occa-

1065 710 1157 742 sione
1182 710 1233 742 vel
1259 710 1356 741 causa
1380 707 1465 747 latis,
1488 707 1512 739 si
1539 706 1657 750 quibus
1677 714 1811 748 quomo—

1066 762 1192 796 dolibet
1219 762 1392 794 innodatus
1424 760 1551 799 existit,
1584 759 1621 792 ad
1659 757 1809 791 effectum

1066 815 1290 858 praesentium
1324 815 1490 847 dumtaxat
1526 811 1810 854 consespiendum,

1067 869 1182 901 harum
1219 867 1303 901 serie
1335 867 1543 899 absolventes
1568 871 1599 898 et
1628 865 1811 897 absolutum

1067 922 1135 955 fore
1173 927 1367 960 censentes,
1403 918 1697 963 supplicationilnis
1741 917 1811 949 eius

1067 975 1200 1008 nomine
1226 974 1320 1007 nobis
1345 983 1444 1016 super
1463 973 1524 1005 lioe
1549 971 1719 1004 humiliter
1739 980 1812 1012 por-

1067 1027 1164 1061 rectis
1182 1026 1340 1066 inclinati,
1362 1026 1400 1058 de
1419 1024 1652 1058 venerabilium
1680 1023 1812 1055 fratrum

1067 1086 1254 1114 nostrorum
1271 1079 1302 1112 S.
1324 1079 1360 1111 r..
1380 1078 1415 1111 E.
1436 1077 1651 1111 cardinalium
1672 1075 1812 1118 negotiis

1068 1138 1100 1166 et
1125 1131 1420 1166 consultationibus
1455 1130 1685 1174 episcoporum
1711 1133 1742 1160 et
1767 1138 1813 1160 re-

1069 1186 1230 1229 gularium
1257 1184 1534 1228 praepositorum,
1568 1182 1622 1225 qui
1656 1181 1812 1214 dilectum

1068 1240 1191 1282 pariter
1216 1238 1316 1270 silium
1342 1237 1534 1270 modernum
1561 1240 1812 1278 procuratorem

1069 1292 1253 1335 generalem
1280 1290 1354 1323 dicti
1374 1290 1504 1322 Ordinis
1531 1299 1631 1331 super
1657 1287 1812 1330 praeniis-

1068 1346 1110 1378 sis
1150 1345 1362 1383 audiverunt,
1403 1343 1551 1382 consilio,
1591 1341 1812 1385 praeinsertas

1068 1405 1217 1443 patentes
1256 1398 1380 1431 litteras
1418 1407 1434 1429 a
1468 1400 1649 1428 memorato
1674 1393 1813 1437 loseplio

1068 1451 1291 1486 commissario
1318 1450 1463 1493 generali
1490 1448 1664 1481 indiarum·
1681 1446 1814 1489 expedi-

1070 1512 1126 1546 tas,
1143 1511 1178 1538 ut
1203 1504 1397 1548 praefertur,
1418 1513 1488 1535 euin
1516 1501 1670 1534 omnibus
1697 1505 1728 1532 et
1753 1498 1815 1531 sin-

1068 1560 1152 1603 gulis
1177 1560 1211 1592 in
1237 1559 1283 1591 eis
1309 1557 1484 1596 contentis⁷
1511 1554 1699 1588 auctoritate
1737 1563 1814 1595 apo-

1069 1613 1196 1653 stolica,
1210 1618 1324 1645 tenore
1341 1609 1569 1654 praesentium,
1584 1607 1813 1642 confirmamus

1069 1673 1100 1700 et
1124 1666 1356 1710 approbamus,
1378 1663 1492 1706 illique
1519 1660 1720 1695 inviolabilis
1737 1670 1814 1702 apo-

1069 1719 1201 1752 stolicae
1228 1717 1387 1750 firmitatis
1425 1716 1528 1749 robur
1556 1713 1747 1752 adiicimus,
1780 1721 1816 1743 ac

1069 1782 1180 1805 omnes
1198 1778 1230 1804 et
1246 1771 1395 1813 singulos
1413 1769 1491 1802 iuris
1517 1774 1548 1801 et
1567 1767 1639 1800 sacti
1659 1767 1813 1805 desectus,

1070 1827 1095 1859 si
1117 1826 1172 1870 qni
1198 1826 1339 1868 desuper
1365 1822 1614 1867 quomodolibet
1631 1821 1815 1853 intervene-

1072 1882 1145 1921 rint,
1177 1881 1394 1924 snpplemus3
1428 1879 1515 1910 salva
1543 1882 1649 1909 tamen
1683 1883 1815 1916 semper

1071 1935 1103 1967 in
1128 1932 1316 1977 praemissis
1334 1930 1525 1964 auctoritate
1543 1925 1813 1971 Congregatienis

1072 1987 1262 2020 eorumdem
1289 1983 1516 2018 cardinalium.

1116 2041 1131 2083 ἓ
1150 2040 1181 2073 3.
1202 2039 1434 2077 Decernentes,
1454 2037 1540 2080 ipsas
1559 2039 1748 2079 praesentes
1765 2034 1815 2067 lit-

1074 2097 1157 2126 teras
1181 2101 1311 2135 semper
1331 2090 1451 2130 firmas,
1477 2088 1563 2122 et.c.¹
1587 2088 1658 2120 Non
1683 2087 1814 2120 obstan-

1073 2145 1160 2178 tibus
1181 2143 1475 2177 constitutionibus
1494 2147 1525 2175 et
1550 2140 1817 2174 ordinationibus

1074 2197 1273 2242 apostolicis,
1297 2207 1344 2236 ac,
1371 2200 1533 2239 quatenus
1560 2205 1642 2231 opus
1664 2194 1714 2233 sit,
1741 2204 1818 2237 pro-

1074 2251 1252 2285 vinciarum
1268 2255 1299 2283 ct
1309 2249 1439 2283 Ordinis
1452 2248 1708 2292 praedictorum,
1719 2247 1818 2279 etiam

1074 2304 1271 2343 iuramento,
1288 2302 1383 2342 ete&
1404 2302 1522 2345 quibus
1538 2301 1691 2334 omnibus
1707 2305 1739 2333 et
1752 2299 1818 2332 sin-

1075 2357 1175 2401 gulis,
1196 2362 1256 2389 ete.

1119 2410 1233 2444 Datum
1262 2409 1393 2448 Romae,
1421 2407 1506 2451 apud
1532 2407 1563 2440 S.
1590 2407 1723 2440 Mariam
1748 2406 1814 2439 Ma-

1075 2465 1188 2504 iorem,
1226 2464 1285 2496 sub
1310 2463 1431 2495 annulo
1464 2461 1651 2501 piscatoris,
1680 2461 1732 2493 die
1757 2469 1818 2492 xxv

1113 2537 1123 2562 1
1147 2533 1288 2562 Clausulae
1308 2536 1337 2560 ut
1356 2540 1437 2568 supra
1456 2540 1517 2568 pag.
1540 2531 1590 2560 703
1609 2540 1628 2560 a
1646 2532 1684 2567 (a.
1701 2532 1749 2564 T.).

1113 2579 1128 2607 Ξ
1149 2578 1264 2614 Reliqua
1283 2582 1313 2608 ut
1330 2576 1434 2606 ibidem
1451 2579 1489 2613 (a.
1506 2578 1555 2611 in).

1700 171 1763 206 753
1808 180 1856 207 An.
1881 179 1908 206 c.
1936 179 2002 207 1717

1852 2041 1976 2063 clausulae.
