2269 3203
77 239 127 267 An.
143 237 172 267 C.
195 237 259 266 1701

106 1046 227 1067 Cnnsutitur
242 1047 265 1067 nt

80 1074 100 1094 in
116 1074 210 1094 rubrica.

911 232 1052 257 CLEMENS
1078 232 1109 257 xt
1134 232 1181 256 Pr.

317 286 430 320 Datum
455 284 586 323 Romae,
613 283 697 327 apud
719 282 749 315 S.
771 281 902 315 Mariam
920 281 1018 315 Maio-

274 351 354 380 rem,
392 339 452 372 sub
487 338 609 371 annulo
636 336 824 376 piscatoris,
863 335 914 369 die
946 346 1017 369 xxrl

274 391 467 436 septembris
505 400 606 425 nocet
621 416 628 430 ,
670 389 879 433 pontificatus
913 388 1017 422 nostri

273 455 358 479 anno
384 456 406 479 L

308 507 368 534 Dat..
385 507 428 534 die
443 507 477 534 26
494 506 658 542 septembris
677 506 756 538 1701,
778 506 876 541 pontis.
894 514 964 534 auno
981 513 999 534 1.

595 624 698 657 xxvt.

275 696 468 732 Consulitur
499 695 712 728 celebrationi
746 695 923 727 missarum
954 704 1018 727 non

318 749 427 782 adhuc
458 749 708 790 celebratarum,
744 753 773 781 et
804 747 951 780 aliarum
984 747 1020 780 in

317 807 482 848 posterum
507 802 770 835 celebrandarum
790 802 825 834 in
842 801 967 844 capella
992 805 1020 834 et

320 856 452 890 ecclesici
477 856 510 889 S.
537 856 660 888 Domus
681 855 889 888 Lcturelanac
907 852 926 887 ¹.

494 927 629 954 Clemens
651 926 729 960 Papa
748 926 797 959 XI,

417 973 453 1001 ad
473 973 606 1000 futuram
626 972 670 999 rei
694 971 876 999 memoriam.

320 1036 383 1080 §l
407 1035 497 1075 Cum,
518 1035 602 1068 sicut
623 1045 688 1068 non
710 1034 780 1067 sine
807 1033 895 1076 gravi
922 1033 1020 1066 animi

276 1090 380 1124 nostri
401 1089 550 1123 molestia
569 1087 765 1131 accepimuS,
787 1087 927 1130 plurima
948 1087 1022 1119 mis-

277 1154 385 1177 sarum
407 1148 471 1176 tam
497 1142 530 1174 in
557 1142 683 1184 capella
703 1151 799 1184 quam
827 1140 857 1172 in
884 1139 1023 1173 eeclesia

277 1207 388 1230 sacrae
404 1197 521 1229 Domus
535 1195 733 1228 Lauretanae
751 1193 1022 1226 celebrandarum

277 1261 379 1284 onera
410 1261 428 1283 a
459 1249 561 1282 mutto
600 1253 747 1291 tempore
784 1247 949 1289 inexpleta
975 1257 1023 1279 re-

277 1303 465 1343 manserint,
484 1313 519 1335 ae
534 1312 636 1345 usque
653 1302 690 1334 ad
706 1311 825 1334 annum
840 1309 1023 1334 itoenxxrtn

279 1357 417 1391 adhibiti
455 1354 552 1389 eum²
579 1354 698 1388 suerint
734 1354 807 1387 libri
838 1354 869 1386 in
908 1353 1024 1397 quibus

278 1411 397 1445 missae
435 1410 602 1443 manuales
638 1409 854 1442 celebrandae
887 1408 1024 1441 adnota-

278 1470 415 1503 rentur,
443 1463 590 1506 adeoque
628 1462 797 1494 missarum
836 1461 1023 1494 huiusmodi

277 1529 345 1551 non
371 1516 612 1550 celebratarum
650 1526 804 1548 numerus
830 1515 1021 1558 ignoretur,

279 1582 297 1604 a
322 1571 408 1604 dicto
433 1580 510 1602 vero
543 1580 642 1609 anno,
676 1579 739 1613 quo
773 1568 878 1602 dietae
905 1568 1024 1601 missae

280 1625 313 1657 in
339 1623 430 1657 libris
456 1622 603 1656 adnotari
635 1628 826 1666 coeperunt,
865 1622 1024 1666 quinqua-

281 1676 371 1719 ginta
394 1676 531 1709 millium
549 1676 582 1708 in
600 1676 683 1709 dieta
702 1677 837 1719 capella,
857 1687 892 1708 ac
911 1676 1023 1718 viginti

282 1731 426 1774 quinque
445 1729 581 1762 millium
607 1729 736 1762 circiter
754 1729 786 1762 in
804 1730 949 1773 praefata
974 1740 1025 1762 ec-

281 1783 382 1817 etesia
406 1782 589 1826 respective
615 1782 888 1815 celebrandarum
914 1783 1025 1816 missa-

281 1848 352 1870 rum
378 1835 569 1869 huiusmodi
595 1835 850 1869 celebrationem
871 1836 1025 1869 omissam

281 1890 379 1923 fuisse
405 1894 547 1929 constet,
573 1899 633 1921 nee
659 1890 745 1922 ullus
771 1894 925 1932 appareat
957 1900 1025 1922 mo-

282 1944 353 1983 dus,
379 1953 442 1987 quo
468 1942 627 1975 eiusmodi
654 1941 807 1975 oneribus
834 1952 899 1975 non
925 1942 1026 1975 adim-

280 1997 379 2042 pletis
422 2008 458 2029 ac
506 1995 769 2029 christifidelium
806 1996 1025 2039 eleemosynas

281 2062 342 2095 pro
368 2051 440 2084 aliis
466 2050 573 2083 missis
593 2054 656 2083 tam
676 2050 707 2083 in
729 2051 854 2093 capella
880 2061 976 2094 quam
994 2050 1025 2083 in

282 2103 421 2138 eeclesia
445 2103 622 2148 praedictis
648 2103 853 2137 celebrandis
879 2103 1025 2147 quotidie

282 2156 488 2192 offerentium
524 2157 686 2191 devotioni
721 2161 752 2190 et
786 2157 954 2197 voluntati,
982 2162 1027 2190 at-

282 2216 371 2246 tento
396 2212 640 2256 capellanorum
665 2211 704 2244 ad
732 2211 793 2244 hoc
825 2210 1027 2244 necessario-

282 2277 352 2299 rum
380 2265 523 2306 defectu,
543 2270 575 2298 et
600 2264 675 2309 quia
699 2264 830 2298 unicum
857 2270 904 2298 est
922 2265 1025 2298 dictae

284 2320 428 2363 capellae
453 2319 566 2360 altare,
593 2318 742 2352 satisfieri
761 2319 873 2362 possit,
892 2318 952 2351 nisi
972 2318 1027 2351 de-

321 2427 331 2451 i
355 2425 385 2452 ln
404 2425 512 2452 constit.
529 2425 622 2452 innoc.
640 2425 687 2452 ΧΠ
704 2425 769 2452 edit.
786 2431 931 2457 nocxcvttt,
949 2424 1027 2451 nonis

286 2470 402 2505 augusti,
423 2470 520 2505 pontif.
535 2476 592 2503 vitt,
613 2470 702 2506 agitur
722 2471 755 2497 de
776 2470 906 2506 regimine
929 2470 1028 2498 Domus

287 2518 313 2541 et
336 2514 450 2541 civitatis
475 2514 662 2548 Lauretanae2
686 2519 713 2542 et
736 2516 762 2542 in
784 2515 863 2542 huius
887 2515 1029 2542 Pontificis

288 2562 375 2586 const.
392 2558 435 2586 ed.
451 2565 559 2593 noccxr,
576 2560 619 2587 die
637 2561 668 2588 13
688 2561 761 2595 maii,
780 2561 874 2596 pontif.
891 2568 927 2591 xi,
943 2561 976 2588 de
987 2561 1028 2588 fa—

288 2603 388 2633 cultate
405 2603 630 2631 confessariorum
646 2605 727 2632 etiam
747 2605 1028 2640 poenitentiariorum.

323 2648 340 2676 2
358 2647 450 2676 Potius
469 2648 529 2683 lege
548 2656 606 2676 non
628 2657 674 2684 pro
695 2658 761 2676 cum
781 2651 821 2683 (n.
842 2651 892 2685 Τ.).

397 2701 475 2731 Βιιῑί.
497 2701 582 2731 Rom.
603 2718 635 2723 —-
661 2702 718 2733 Vol.
741 2702 818 2731 XXI.
962 2705 978 2731 6

1061 291 1159 325 super
1179 284 1366 324 opportune
1385 290 1402 312 a
1420 278 1512 313 nobis
1538 278 1756 322 provideatur,
1775 284 1808 312 et

1061 340 1095 368 ut
1130 335 1212 367 infra
1251 333 1483 376 indulgeatur:
1523 333 1600 366 hine
1636 337 1685 366 est
1721 334 1806 376 quod

1062 399 1132 428 nos,
1159 393 1192 421 ut
1217 392 1368 431 suscepta
1393 387 1550 420 hactenus
1570 391 1602 420 et
1620 386 1752 427 omissa,
1773 392 1807 418 ut

1061 442 1252 486 praefertur,
1270 445 1427 484 quantum
1445 439 1513 473 sieri
1537 444 1655 483 potest,
1682 450 1718 472 ac
1739 450 1806 472 sus-

1062 495 1214 538 cipienda
1246 494 1280 526 in
1312 494 1454 526 futurum
1487 493 1659 526 missarum
1694 492 1808 525 huius-

1062 548 1148 581 modi
1175 558 1277 582 onera
1302 550 1412 580 exacte
1439 552 1471 580 et
1496 547 1672 590 diligenter
1705 545 1808 579 adim-

1062 603 1226 645 pleantur,
1240 601 1349 644 sicque
1367 600 1528 633 dictorum
1547 599 1806 633 christifidelium

1063 654 1102 687 ad
1129 654 1248 687 dictam
1274 664 1395 687 sacram
1414 654 1549 687 Domum
1574 653 1808 686 confluentium

1063 713 1095 742 et
1119 710 1344 752 eleemosynas
1370 718 1430 751 pro
1465 707 1570 740 missis
1603 706 1808 740 offerentium

1064 762 1191 795 devotio
1218 767 1249 795 et
1274 762 1377 805 pietas
1415 761 1646 801 confoveatur,
1674 771 1809 804 prospe-

1064 821 1150 848 ctum
1175 825 1244 849 esse
1271 814 1450 858 cupientes,
1478 815 1516 847 dc
1539 814 1807 857 Congregationis

1064 869 1299 902 venerabilium
1318 869 1450 901 fratrum
1468 873 1654 901 nostrorum
1674 868 1704 901 S.
1719 868 1755 900 R.
1772 868 1806 900 E.

1065 923 1278 955 cardinalium
1301 927 1332 955 et
1356 921 1552 955 dilectorum
1578 921 1719 955 liliorum
1747 921 1810 955 Ro-

1065 987 1178 1009 manae
1204 976 1316 1009 Curiae
1350 976 1568 1018 praelatorum
1602 980 1809 1018 nuncupatae

1066 1029 1215 1069 consilio,
1231 1040 1267 1062 ac
1286 1027 1382 1062 etiam
1400 1033 1488 1061 motu
1508 1028 1653 1072 proprio,
1669 1039 1703 1061 cx
1724 1030 1811 1060 certa

1067 1082 1205 1116 scientia
1231 1088 1263 1116 et
1281 1084 1403 1115 matura
1421 1082 1659 1115 deliberatione
1678 1081 1808 1121 nostris,

1067 1138 1171 1180 deque
1190 1137 1388 1180 apostolicae
1408 1137 1576 1179 potestatis
1594 1136 1809 1180 plenitudine,

1068 1191 1286 1235 praecipimus
1316 1196 1347 1223 et
1377 1190 1568 1223 mandamus
1602 1194 1638 1222 ut
1662 1200 1749 1222 nunc
1778 1196 1810 1222 et

1067 1255 1127 1288 pro
1163 1250 1307 1287 ternpore
1345 1243 1521 1276 existentes
1559 1242 1663 1275 dictae
1701 1252 1810 1275 sacrae

1067 1298 1186 1330 Domus
1207 1296 1344 1330 ministri
1366 1297 1438 1329 loeo
1457 1297 1615 1329 dictarum
1638 1296 1809 1329 missarum

1067 1362 1172 1395 usque
1191 1351 1229 1383 ad
1245 1355 1463 1384 memoratum
1489 1360 1609 1382 annum
1625 1359 1811 1384 ntooLxxvm

1068 1404 1230 1438 celebrari
1255 1404 1458 1444 emissarum,
1490 1414 1640 1447 quarum,
1663 1408 1697 1435 ut
1720 1414 1812 1446 prae-

1069 1459 1179 1498 fertur,
1198 1468 1354 1490 numerus
1372 1457 1556 1500 ignoratur,
1569 1467 1664 1489 unam
1683 1456 1811 1489 missam

1068 1517 1229 1545 cantatam
1256 1511 1287 1544 in
1313 1511 1482 1555 praedicta
1514 1511 1650 1544 ecclesia
1676 1510 1813 1553 singulis

1069 1566 1234 1599 mensibus
1271 1576 1331 1609 per
1372 1565 1611 1608 quinquaginta
1651 1575 1814 1597 annorum

1068 1620 1209 1664 spatium
1235 1619 1396 1652 eeleb‘rari
1419 1618 1526 1651 facere
1543 1622 1726 1658 teneantur,
1750 1629 1813 1661 qua

1068 1674 1238 1707 missarum
1257 1677 1457 1706 cantatarum
1484 1665 1706 1705 celebratione
1729 1682 1814 1705 com-

1069 1729 1170 1771 pleta,
1190 1726 1433 1771 praedictarum
1458 1725 1632 1758 missarum
1651 1735 1752 1768 usque
1774 1725 1812 1758 ad

1069 1782 1191 1815 dictum
1217 1791 1338 1813 annum
1371 1779 1530 1813 celebrari
1561 1780 1756 1812 emissarum
1781 1790 1814 1811 o-

1069 1835 1137 1869 neri
1160 1832 1420 1868 satissacturum'
1440 1834 1506 1866 sore
1526 1833 1753 1872 declaramus;
1777 1843 1814 1865 ae

1069 1889 1304 1929 concedimus,
1330 1893 1365 1920 ut
1390 1887 1495 1919 dictae
1523 1887 1638 1919 missae
1665 1891 1813 1918 cantatae

1069 1943 1143 1983 illis,
1170 1953 1230 1986 pro
1256 1942 1372 1985 quibus
1400 1940 1488 1984 ipsae
1509 1940 1626 1972 missae
1652 1940 1813 1972 celebrari

1069 1997 1207 2030 omissae
1251 1994 1408 2029 celebrari
1451 1993 1639 2034 debebant,
1676 1993 1813 2036 perinde

1070 2049 1301 2092 suffragentur,
1327 2058 1361 2080 ae
1387 2047 1413 2082 si
1436 2057 1550 2080 omnes
1576 2047 1710 2080 eaedem
1738 2047 1814 2079 inis-

1069 2114 1121 2136 sae
1133 2102 1294 2136 celebrari
1313 2100 1453 2135 omissae
1469 2101 1655 2134 celebratae
1667 2100 1813 2141 fuissent,

1070 2156 1253 2200 praedictas
1280 2165 1354 2188 vere
1380 2164 1493 2188 omnes
1519 2154 1631 2187 missas
1662 2154 1694 2186 in
1723 2154 1814 2187 libris

1070 2209 1249 2249 adnotatas,
1271 2214 1332 2241 tam
1352 2208 1383 2240 in
1409 2208 1531 2250 capella
1549 2218 1644 2251 quam
1662 2207 1693 2239 in
1713 2208 1815 2241 eccle<

1070 2264 1116 2296 sia
1141 2263 1315 2308 praedictis
1342 2262 1569 2302 celebrandas,
1589 2272 1605 2294 a
1624 2261 1710 2294 dicto
1730 2271 1814 2295 anno

1071 2318 1225 2351 haetenus
1251 2327 1317 2350 non
1343 2316 1542 2355 celebratas,
1568 2315 1752 2356 celebrari,
1779 2325 1815 2348 ac

1070 2371 1229 2415 proinde,
1257 2371 1343 2403 ultra
1368 2370 1557 2413 capellanos
1585 2368 1787 2402 necessarios
1804 2397 1812 2410 ,

1070 2426 1152 2459 alios
1178 2425 1323 2468 quinque
1340 2450 1347 2463 ,
1372 2423 1427 2466 qui
1455 2434 1508 2456 eas
1535 2422 1671 2466 singulis
1698 2421 1813 2456 diebus

1069 2489 1174 2523 usque
1193 2479 1232 2511 ad
1260 2478 1359 2511 totale
1385 2487 1484 2520 supra
1509 2476 1659 2520 expressi
1684 2476 1813 2509 illarum

1071 2532 1197 2566 numeri
1224 2531 1514 2575 adimplementum
1542 2530 1732 2569 celebrent,
1759 2529 1814 2562 de-

1070 2587 1188 2632 putari,
1207 2591 1250 2627 et,
1268 2591 1302 2618 ut
1319 2585 1536 2628 inposterum
1561 2584 1732 2616 missarum
1760 2583 1814 2614 liu-

1112 2652 1122 2678 t
1147 2648 1238 2678 Potius
1258 2648 1317 2684 tege
1337 2647 1522 2682 satisfactum
1544 2646 1584 2682 (n.
1605 2645 1654 2680 T.).

1723 221 1762 255 41
1812 230 1861 257 An.
1883 229 1910 257 e.
1931 231 2011 271 1701·
