2269 3203
274 243 322 269 an.
339 240 368 268 c.
391 240 458 268 1718
505 230 568 265 814

311 1623 392 1644 Causae
420 1629 454 1644 se-

269 1653 353 1680 quentis
384 1650 454 1671 decla·

270 1679 364 1697 rationu.

462 289 538 321 inde
564 299 600 322 ac
621 290 646 321 si
675 300 746 322 esse
771 295 883 333 posset
909 290 1049 323 societas
1076 289 1138 322 luci
1165 290 1202 321 ad

463 342 639 383 tenebras,
664 348 694 376 et
726 343 933 386 participatio
960 343 1102 375 iustitiae
1130 353 1202 374 cuni

462 394 655 438 iniquitate,
682 397 720 429 ad
747 396 904 429 iudicium
940 396 1202 428 consiliariorum

462 448 710 490 magistratuum
731 475 738 488 ,
763 448 892 491 aliaque
919 449 1050 491 publica
1075 448 1202 486 munia,

462 500 566 533 officia
590 512 646 534 seu
673 501 852 533 ministeria
870 528 877 540 ‚
912 501 1048 534 omnino
1084 511 1202 543 acqua-

462 553 537 586 liter
561 558 592 585 et
616 553 739 596 absque
766 554 833 585 ullo
859 563 991 596 prorsus
1016 553 1202 586 discrimine

462 606 696 645 admittuntur;
724 610 906 648 praetcrea,
933 607 1018 649 quod
1045 605 1093 638 vix
1113 606 1201 639 credi

461 663 598 701 potest,
637 658 791 700 parochis
824 658 1013 690 acatholicis
1054 663 1203 691 accurata

461 720 637 753 puerorum
665 710 835 743 instructio
855 721 918 744 non
936 711 1050 754 utique
1068 710 1100 743 in
1117 711 1200 751 aliis,

461 764 522 796 nisi
559 764 628 796 eius
667 775 762 807 quam
800 763 1015 807 profitentur,
1052 764 1201 807 adeoque

462 816 632 849 damnatae
664 816 835 860 religionis
870 817 1076 860 dogmatibus
1109 817 1201 849 enixe

461 869 717 909 commendatur,
742 870 871 913 aliaque
897 871 997 902 multa
1014 871 1078 902 non
1097 870 1202 902 minus

461 922 664 956 orthodoxae
691 922 763 955 Iidei
784 949 791 963 ,
819 923 927 956 divino
954 923 1080 963 cultui,
1105 927 1201 965 atquc

459 974 640 1008 ammarum
665 975 758 1008 saluti
785 975 997 1014 adversantia,
1020 984 1116 1017 quam
1134 985 1201 1007 mo<

460 1028 593 1061 nasterii
623 1028 823 1071 supradicti,
861 1028 1013 1070 illiusque
1048 1027 1174 1060 abbatis
1193 1054 1200 1068 ‚

460 1081 719 1121 monachorum,
756 1081 957 1124 aliarumque
988 1091 1202 1124 personarum

461 1133 690 1174 iurisdictioni,
710 1134 907 1174 auctoritati,
927 1134 1201 1177 exemptionibus,

461 1187 642 1230 privilegiis
666 1214 673 1227 ,
709 1189 836 1227 rebus,
876 1188 969 1221 bonis
1004 1198 1040 1221 ac
1077 1188 1203 1220 iuribus

461 1250 596 1282 prorsus
622 1241 839 1284 repugnantia
865 1247 896 1274 et
922 1242 1052 1274 insensa
1085 1251 1204 1284 appro-

461 1292 590 1333 bantur,
606 1299 792 1326 statuuntur
810 1299 842 1326 et
860 1294 1048 1334 firmantur;
1067 1300 1096 1327 et
1113 1294 1203 1334 alias,

461 1352 559 1389 prout
577 1346 609 1378 in
623 1347 837 1380 instrumento
855 1358 911 1380 seu
927 1347 1089 1391 scriptura
1103 1357 1204 1390 super

462 1404 600 1432 tractatu
625 1399 858 1443 pacificationis
883 1400 1068 1433 huiusmodi
1095 1400 1202 1433 conse-

463 1459 514 1486 cto
538 1464 594 1486 seu
619 1453 783 1494 confecta,
810 1459 843 1486 et
867 1453 1006 1486 subinde
1033 1453 1142 1486 forsan
1168 1464 1203 1485 u-

463 1505 594 1549 trinque
620 1505 778 1539 ratificato
804 1516 861 1539 seu
881 1505 1050 1546 ratificata,
1068 1505 1202 1539 uberius

463 1558 582 1591 dicitur
607 1559 786 1592 contineri:

508 1611 522 1654 ἓ
548 1611 579 1644 ⁶2.
606 1611 744 1645 Tametsi
765 1622 842 1645 vero
864 1612 1013 1645 eumdem
1033 1617 1203 1645 tractatum

464 1675 524 1708 per
547 1675 581 1698 se
600 1665 771 1698 manifeste
793 1665 918 1698 nullum
936 1675 971 1698 ac
988 1665 1112 1698 irritum
1133 1676 1202 1699 esse

462 1721 569 1762 palam
594 1724 732 1760 constet,
750 1719 939 1763 notoriique
956 1719 1035 1752 iuris
1054 1719 1094 1752 sit
1112 1730 1203 1762 quas-

463 1782 600 1815 cumque
626 1772 858 1805 conventiones
884 1782 939 1804 seu
961 1772 1126 1815 pactiones
1163 1772 1202 1805 de

462 1824 558 1857 rebus
573 1835 609 1858 ac
626 1824 719 1858 bonis
735 1825 965 1858 ecclesiasticis
982 1825 1104 1868 absque
1119 1825 1203 1868 Apo-

461 1877 594 1910 stolicae
619 1877 712 1910 Sedis
739 1878 931 1910 auctoritate
960 1877 1057 1910 initas
1083 1878 1201 1911 nullius

463 1941 533 1963 esse
566 1931 694 1964 roboris
724 1931 774 1964 vel
808 1930 985 1971 momenti,
1020 1931 1201 1975 quinimmo

462 1983 566 2017 felicis
596 1984 835 2017 recordationis
864 1984 1010 2017 Urbanus
1041 1984 1100 2017 PP.
1120 1984 1201 2025 VIII,

461 2037 697 2079 praedecessor
730 2042 853 2077 noster,
888 2037 980 2070 Sedis
1016 2037 1201 2080 praedictae

463 2100 499 2122 ac
516 2089 681 2123 Romanae
703 2089 963 2133 inferiorumque
989 2090 1202 2123 ecclesiarum

462 2152 592 2176 necnon
639 2153 857 2186 personarum
906 2143 1201 2176 ecclesiasticarum

463 2195 682 2237 quarumlibet
712 2196 781 2228 iura
814 2196 1072 2239 quibuscumque
1108 2207 1202 2239 prae-

461 2247 677 2288 iudicialibus,
695 2259 754 2291 per
779 2249 952 2291 quamdam
972 2259 1060 2281 suam
1081 2250 1201 2282 consti-

462 2301 621 2334 tutionem
659 2301 710 2334 die
746 2311 763 2333 v
803 2301 884 2334 iunii
911 2311 1029 2335 iincxm
1055 2302 1199 2343 editam,

461 2353 664 2396 amplissime
681 2354 955 2396 praeservaverit;
975 2355 1122 2397 adeoque
1142 2361 1201 2387 tra-

462 2410 565 2438 ctatus
586 2406 770 2448 praedictus
803 2407 891 2439 nulla
916 2416 990 2439 vere
1016 2407 1054 2439 ad
1080 2407 1128 2439 sui
1155 2417 1200 2440 re-

461 2459 691 2501 probationem
706 2459 853 2492 ulteriori
866 2461 976 2491 nostra
985 2459 1199 2501 abrogatione

461 2511 626 2554 indigeat:
662 2511 885 2551 nihilominus,
917 2522 958 2544 ne
992 2517 1054 2544 tam
1091 2513 1200 2554 gravia

462 2575 520 2608 per
549 2565 640 2598 illum
665 2565 866 2598 orthodoxae
896 2575 963 2597 non
988 2564 1095 2597 minus
1125 2566 1201 2598 reli-

463 2617 551 2662 gioni
570 2628 665 2661 quam
683 2617 881 2661 apostolicae
905 2617 1091 2650 auctoritati
1117 2617 1200 2650 inssi-

1051 241 1232 266 BULLARIL'M
1257 240 1412 264 ROMANUM

1249 294 1297 321 cta
1314 290 1450 322 vulnera
1475 288 1606 322 silentio
1631 288 1852 332 praeteriisse,
1871 289 1990 322 nostri—

1249 352 1310 384 que
1337 347 1512 385 propterea
1541 341 1715 385 pastoralis
1745 341 1842 374 officii
1875 341 1986 375 debito

1248 394 1362 427 deesse
1387 395 1563 435 videamur,
1582 395 1624 427 ita
1646 405 1704 427 nos
1729 394 1791 427 hae
1814 394 1848 427 in
1873 405 1907 428 re
1933 405 1988 437 ge-

1247 457 1320 480 rere
1345 440 1526 489 statuimus,
1554 454 1587 480 ut
1618 447 1720 481 nostri
1753 448 1848 481 etiam
1875 447 1987 491 vigore

1247 499 1359 533 iudicii
1384 502 1473 534 nulla
1497 512 1637 544 unquam
1657 506 1811 534 tractatus
1828 501 1987 544 praedicti

1247 554 1329 586 ratio
1356 554 1470 587 haberi
1497 554 1611 597 possit.
1640 555 1721 588 llinc
1746 560 1795 587 est
1811 555 1899 598 quod
1918 565 1985 595 nos,

1247 607 1429 640 catholicae
1459 607 1533 640 fidei
1570 607 1820 647 conservationi,
1858 618 1985 641 necnon

1247 659 1343 692 huius
1364 660 1498 693 Sanctae
1519 660 1619 700 Sedis,
1639 661 1826 694 monasterii
1840 660 1872 694 S.
1894 661 1985 701 Galli,

1246 712 1400 755 illiusque
1426 712 1552 745 abbatis
1577 719 1609 746 et
1634 714 1882 754 monachorum,
1907 713 1987 746 alio-

1247 775 1383 808 rumque
1408 765 1477 798 eius
1503 776 1728 808 personarum,
1749 767 1906 806 locorum,
1930 766 1989 799 bo-

1247 828 1363 850 norum
1401 828 1437 850 ac
1473 817 1591 850 iurium
1624 829 1904 862 quorumcumque
1940 818 1988 850 111-

1247 869 1415 902 demnitati
1446 870 1617 912 providere
1651 871 1830 914 cupientes,
1863 881 1988 904 merno-

1247 923 1392 966 ratisque
1418 922 1536 955 Urbani
1559 923 1823 966 praedecessoris
1843 924 1987 967 vestigiis

1247 976 1470 1016 inhaerentes,
1512 986 1641 1009 necnon
1683 976 1888 1009 instrumenti
1928 987 1985 1009 seu

1247 1029 1427 1072 scripturae
1453 1034 1605 1061 tractatus
1622 1028 1857 1072 pacificationis
1876 1029 1986 1062 huius-

1247 1082 1354 1122 modi,
1380 1082 1592 1125 omniumque
1623 1087 1656 1114 et
1679 1081 1879 1124 singulorum
1904 1081 1986 1115 inibi

1247 1141 1484 1175 contentorum,
1501 1140 1533 1168 et
1550 1135 1690 1168 aliorum
1703 1145 1985 1178 quorumcumque

1247 1188 1346 1220 etiam
1370 1187 1554 1231 specificam
1574 1194 1604 1220 et
1622 1187 1821 1220 individuam
1846 1186 1986 1220 mentio-

1247 1251 1320 1274 nem
1345 1252 1382 1274 ac
1407 1241 1650 1284 expressionem
1670 1241 1708 1273 de
1726 1240 1923 1273 necessitate
1940 1250 1986 1273 re-

1247 1294 1455 1337 quirentium,
1482 1299 1613 1327 tenores
1638 1298 1670 1326 et
1702 1293 1790 1326 datas
1815 1293 1913 1327 etiam
1937 1303 1987 1326 ve-

1247 1347 1363 1387 riores,
1390 1352 1537 1380 ceterave
1568 1347 1751 1389 quaelibet,
1785 1348 1880 1380 etiam
1914 1358 1986 1391 spe-

1247 1399 1320 1432 ciali
1345 1399 1512 1432 mentione
1538 1399 1645 1442 digna,
1671 1401 1901 1442 praesentibus
1924 1412 1984 1445 pro

1246 1453 1344 1495 plene
1378 1458 1410 1485 et
1447 1452 1645 1485 sufficienter
1681 1453 1842 1496 expressis
1878 1464 1915 1487 ac
1945 1455 1984 1488 de

1246 1505 1343 1538 verbo
1369 1505 1407 1538 ad
1426 1505 1558 1538 verbum
1580 1505 1711 1538 insertis
1730 1510 1762 1538 et
1782 1506 1985 1540 exactissime

1247 1558 1439 1602 specificatis
1469 1558 1636 1597 habentes,
1671 1563 1748 1601 post
1773 1558 1985 1592 deliberatio-

1247 1623 1319 1645 nem
1347 1622 1442 1655 quam
1468 1611 1611 1654 desuper
1639 1622 1711 1644 cum
1743 1612 1985 1646 venerabilibus

1248 1664 1399 1698 fratribus
1425 1664 1544 1697 nostris
1570 1664 1601 1697 S.
1629 1664 1667 1697 R.
1697 1664 1732 1697 E.
1763 1665 1984 1699 cardinalibus

1247 1724 1361 1752 contra
1386 1717 1585 1751 haereticam
1610 1718 1802 1761 pravitatem
1828 1720 1986 1761 generali-

1246 1772 1305 1804 bus
1323 1771 1570 1815 inquisitoribus
1590 1771 1762 1804 habuimus
1782 1772 1983 1814 diligentem,

1248 1825 1286 1858 de
1311 1825 1454 1868 ipsorum
1476 1825 1775 1868 nonnullorumque
1793 1824 1931 1858 aliorum
1957 1835 1985 1858 e-

1246 1878 1370 1910 iusdem
1395 1877 1427 1910 S.
1444 1877 1480 1909 R.
1503 1877 1535 1909 E.
1561 1877 1774 1910 cardinalium
1799 1887 1896 1920 super
1922 1877 1984 1911 hoc

1247 1930 1362 1964 eodem
1387 1930 1525 1972 negocio
1551 1940 1567 1961 a
1592 1929 1686 1962 nobis
1719 1929 1906 1972 specialiter
1931 1930 1985 1963 de-

1246 1988 1433 2026 putatorum
1458 1982 1607 2021 consilio,
1626 1993 1661 2015 ac
1678 1982 1775 2015 etiam
1801 1988 1892 2015 motu
1909 1992 1984 2026 pro-

1246 2036 1331 2079 prio,
1359 2041 1389 2069 et
1415 2047 1452 2069 ex
1474 2038 1561 2068 certa
1591 2035 1743 2075 scientia,
1778 2035 1885 2078 deque
1910 2046 1985 2078 apo-

1246 2089 1381 2122 stolicae
1400 2088 1570 2132 potestatis
1595 2088 1809 2132 plenitudine,
1828 2098 1985 2131 praenar-

1247 2148 1333 2176 ratos
1359 2148 1391 2176 et
1415 2143 1494 2176 alios
1525 2142 1689 2186 quoslibet
1720 2141 1794 2175 dicti
1830 2147 1982 2175 tractatus

1246 2195 1480 2238 pacificationis
1522 2195 1692 2235 articulos,
1732 2198 1905 2238 ceteraque
1950 2194 1984 2228 in

1244 2249 1462 2283 instrumento
1499 2259 1554 2282 seu
1595 2248 1757 2291 scriptura
1794 2247 1984 2282 huiusmodi

1245 2308 1408 2342 contenta,
1434 2312 1516 2345 quae
1542 2301 1721 2333 catholicae
1746 2300 1832 2340 fidei,
1871 2300 1980 2334 divino

1245 2356 1357 2394 cultui,
1385 2355 1575 2387 animarum-
1589 2353 1695 2393 saluti,
1722 2352 1797 2385 Sedi
1823 2352 1985 2396 Apostoli-

1244 2419 1311 2448 cae,
1338 2407 1536 2440 monasterio
1561 2406 1592 2438 S.
1620 2405 1713 2445 Galli,
1747 2406 1901 2449 illiusque
1927 2406 1983 2438 ab·

1243 2461 1321 2500 bati,
1346 2459 1515 2493 monachis
1540 2464 1571 2491 et
1595 2459 1667 2491 aliis
1692 2459 1851 2501 personis,
1880 2468 1982 2491 mem-

1243 2513 1318 2552 bris,
1345 2513 1454 2552 rebus,
1478 2512 1641 2551 dominiis,
1658 2512 1765 2552 bonis,
1788 2511 1984 2552 redditibus,

1243 2564 1528 2603 iurisdictionibus,
1552 2564 1647 2596 etiam
1670 2563 1912 2607 temporalibuS,
1931 2573 1982 2597 au-

1243 2617 1452 2657 ctoritatibus,
1477 2616 1745 2657 immunitatibus,
1767 2616 1981 2658 libertatibus,

2000 242 2090 270 An.C.
2115 242 2182 271 ¹718

2061 566 2182 589 nectat-atio

1998 592 2098 614 nuttitaus
2107 610 2112 620 ‚
2126 596 2182 616 utin

1998 620 2091 642 rubrica.
