2269 3203
220 204 270 232 An.
289 203 319 232 c.
337 203 404 231 1704
450 194 514 228 ⁶218

250 585 278 605 ne
296 585 367 604 olvla'w
378 584 408 604 ni-

224 612 262 632 hus
278 618 315 632 seu
330 611 408 632 sacriti-

415 253 497 285 caeli
521 251 626 293 colito,
649 257 733 286 esset
750 253 830 285 haec
846 251 1035 294 subrogatio
1055 260 1155 284 novae

417 307 569 347 tabellae,
597 317 663 339 non
689 305 866 338 declaratio
892 305 1056 347 antiquae.

614 364 704 403 Super
726 364 805 393 terlio
827 362 955 392 articulo.

461 414 609 447 Remissa
635 414 673 446 ad
699 413 797 446 alium
824 414 927 444 locum
955 410 1155 453 quaestione,

416 467 593 501 remittitur
618 473 648 499 et
673 467 712 498 ad
737 466 828 498 illum
853 463 1040 506 responsio.

615 524 705 563 Super
727 527 823 561 quarlo
846 521 974 551 articulo.

464 575 590 608 Ad-scx
617 572 761 616 quaesita
788 571 884 604 liuius
913 569 1037 603 articuli
1069 579 1159 602 sacra

421 627 636 671 Congregatio
662 625 853 668 respondit:
873 623 1064 656 Christianis
1087 624 1159 655 nul-

422 686 545 716 latenus
568 681 721 722 nullaque
754 679 792 710 de
821 678 915 709 causa
936 676 1006 709 esse
1024 676 1158 720 permit-

424 737 555 770 tendum
587 743 735 777 praeesse
751 758 758 771 ,
783 730 970 763 ministrare
1000 735 1055 762 aut
1078 729 1160 762 Inte·

422 799 513 822 resse
539 785 740 820 solemnibus
778 782 943 816 sacrificiis
977 793 1035 816 seu
1070 783 1160 816 obla-

423 842 565 876 tionibus
596 850 676 883 quae
711 838 742 870 in
776 841 916 879 utroque
950 835 1158 879 aequinoctio

421 896 576 937 cuiusque
592 893 666 926 anui
681 890 836 924 Consucio
846 895 876 923 ct
891 889 1159 933 progenitoribus

422 947 582 982 defunctis
609 946 678 978 lieri
704 945 831 984 solent,
859 948 1022 986 tamquam
1047 953 1160 986 super-

420 1003 549 1035 stitione
571 999 712 1032 imbutis

465 1054 620 1088 Similiter
645 1063 706 1085 nec
731 1062 801 1085 esse
832 1050 1088 1094 peri‘nittendum
1127 1049 1160 1082 in

421 1108 555 1141 aedibus
580 1105 735 1145 Consueii,
762 1115 843 1147 quae
869 1114 907 1136 eo
933 1101 1092 1146 appellari
1114 1102 1161 1134 di-

421 1166 536 1193 cuntur
560 1159 718 1192 vocabulo
757 1168 821 1200 quo
858 1156 944 1199 apud
969 1155 1060 1188 Sinas
1092 1155 1162 1188 ido-

420 1216 525 1248 lorum
553 1214 709 1255 templnm
732 1210 898 1253 designari
925 1210 1053 1248 dicitur,
1077 1219 1163 1241 exer-

422 1267 485 1300 ceri
512 1277 546 1298 ac
571 1264 683 1308 peragi
710 1275 726 1296 a
762 1263 949 1296 christianis
990 1272 1160 1295 eaeremo-

421 1320 492 1353 nias
509 1347 516 1361 ,
544 1319 624 1351 ritus
652 1323 682 1350 ct
708 1317 914 1355 oblationes,
939 1326 1022 1359 quae
1048 1315 1080 1347 in
1106 1315 1163 1348 lio-

422 1383 536 1407 norem
563 1371 707 1404 eiusdem
733 1370 880 1403 Consucii
905 1369 975 1402 lieri
1001 1368 1163 1408 dicuntur,

422 1431 489 1459 tum
515 1425 650 1468 singulis
676 1423 840 1456 mensibus
865 1422 897 1455 in
933 1422 1099 1455 novilunio
1134 1427 1165 1454 et

422 1479 604 1524 plenilunio
630 1489 647 1511 a
681 1476 879 1510 mandarinis
913 1487 969 1509 seu
1003 1475 1165 1519 primariis

422 1532 685 1576 magistratibus,
705 1531 841 1573 aliisque
866 1530 1057 1564 officialibus
1072 1535 1103 1563 et
1117 1529 1166 1563 lit-

424 1587 536 1620 teratis
557 1614 563 1627 ‚
594 1592 657 1618 tum
683 1585 723 1617 ab
749 1584 865 1617 iisdem
887 1584 1086 1616 mandarinis
1107 1594 1165 1616 seu

424 1638 717 1682 gubernatoribus,
744 1648 780 1669 ac
815 1636 1077 1679 magistratibus,
1115 1646 1165 1668 an·

424 1698 554 1736 tequam
582 1691 773 1733 dignitatem
799 1691 938 1728 adeant,
963 1699 1019 1722 seu
1051 1690 1165 1722 saltem

424 1751 498 1789 post
531 1745 677 1777 eiusdem
715 1743 957 1787 possessionem
989 1743 1163 1785 adeptam,

425 1805 491 1831 tum
518 1798 658 1841 denique
685 1808 702 1829 a
723 1796 882 1835 litteratis,
908 1796 973 1839 qui,
994 1801 1165 1839 postquam

425 1853 464 1885 ad
490 1852 610 1894 gradus
636 1856 711 1883 suut
736 1849 890 1889 admissi,
917 1860 932 1881 c
967 1848 1100 1890 vestigio
1127 1848 1165 1880 ad

425 1907 584 1949 templum
618 1915 674 1937 scu
708 1904 823 1936 aedem
855 1901 999 1936 Consucii
1033 1912 1066 1935 se
1091 1911 1166 1934 con-

425 1960 516 1991 ferun
524 1964 544 1991 t.

470 2012 548 2045 ltcm
579 2022 644 2044 non
679 2021 750 2044 csse
787 2010 1044 2054 permittendum
1081 2009 1168 2042 cliri-

426 2066 536 2099 stianis
560 2066 592 2097 in
619 2064 749 2108 templis
775 2074 834 2096 scu
859 2063 995 2096 aedibus
1013 2062 1168 2106 progeni-

426 2119 549 2153 toribus
575 2118 689 2152 dicatis
716 2117 901 2150 oblationes
926 2117 1031 2149 minus
1056 2116 1168 2149 solem-

427 2183 483 2205 nes
509 2171 630 2205 eisdem
660 2172 788 2211 facere,
814 2180 944 2203 necnon
979 2169 1043 2202 illis
1075 2169 1169 2201 mini-

427 2232 547 2265 strare,
574 2230 627 2257 aut
652 2224 900 2267 quomodolibet
926 2223 1092 2264 inservire,
1118 2223 1167 2255 vel

427 2279 508 2311 alios
534 2279 614 2311 ritus
641 2285 672 2310 et
697 2276 923 2310 caeremonias
949 2286 1120 2319 peragere.

470 2332 605 2363 Domum
632 2342 692 2364 uec
713 2341 783 2363 esse
807 2329 1061 2373 permittendum
1086 2328 1168 2362 chri-

428 2384 539 2417 stianis
576 2384 738 2426 praefatas
772 2383 978 2422 oblationes,
1015 2382 1096 2414 ritus
1133 2392 1168 2414 ac

428 2438 662 2477 caerinussmias,
697 2441 796 2479 prout
832 2436 863 2468 in
890 2435 1046 2478 quaesitis
1085 2436 1167 2468 rela-

430 2496 478 2523 tae
498 2494 586 2529 sunt,
613 2501 720 2522 eoram
748 2489 997 2533 progenitorum
1025 2488 1166 2527 tabellis,

428 2544 459 2576 in
485 2543 615 2586 privatis
641 2544 807 2584 domibus,
836 2553 895 2575 nec
920 2542 953 2574 in
977 2542 1167 2575 eorumdem

428 2596 672 2640 progenitorum
699 2596 896 2641 sepulchris,
923 2601 975 2630 aut
992 2601 1167 2640 antequam

994 203 1173 226 nULLAt‘tiuat
1200 201 1355 224 ROMANUM

1201 248 1343 282 defuncti
1369 249 1559 292 sepulturae
1585 248 1763 289 tradantur,
1780 247 1812 281 in
1827 257 1939 282 eorum

1202 302 1358 335 bonorem
1383 301 1451 335 lieri
1478 307 1657 340 consuetas,
1682 303 1746 333 una
1771 311 1843 334 cum
1861 312 1940 344 gen-

1203 356 1311 388 tilibus
1349 356 1398 388 vel
1441 355 1580 388 seorsim
1617 364 1795 398 peragere,
1828 354 1940 398 eisque

1200 409 1385 442 ministrare
1411 415 1466 442 aut
1491 409 1662 448 interesse,
1691 408 1753 441 imo
1771 409 1940 451 praedicta

1202 462 1335 502 omnia,
1363 468 1515 506 tanquam
1543 473 1560 494 a
1592 461 1823 505 superstitione
1860 461 1942 494 inse-

1202 516 1380 559 parabilia,
1416 516 1502 548 iuxta
1528 525 1564 548 ea
1601 525 1683 558 quae
1718 514 1750 546 in
1787 514 1941 558 quaesitis

1202 569 1370 612 proposita
1396 574 1494 609 sunt,
1520 579 1560 601 ne
1597 568 1728 611 quidem
1766 577 1835 600 esse
1867 577 1943 610 per-

1201 621 1359 654 mittenda
1384 621 1569 654 christianis
1602 620 1784 664 praemissa
1811 619 1943 663 publica

1202 675 1252 707 vel
1285 677 1410 708 secreta
1442 673 1679 718 protestatione
1716 683 1752 706 se
1776 683 1842 705 non
1867 672 1943 706 reli-

1203 727 1294 769 gioso
1320 728 1374 760 sed
1402 727 1485 760 civili
1501 738 1537 760 ae
1554 726 1688 770 politico
1708 731 1830 758 tantum
1855 726 1942 758 cultu

1203 791 1280 824 erga
1305 781 1476 814 defunctos
1502 780 1557 813 illa
1586 785 1775 824 praestare,
1812 789 1871 812 nec
1903 779 1942 812 ab

1204 834 1250 867 eis
1275 834 1452 878 quidquam
1476 839 1587 878 petere
1613 838 1667 866 aut
1690 843 1837 876 sperare.

1247 888 1395 922 Ceterum
1417 898 1476 931 per
1497 897 1652 931 responsa
1672 885 1859 920 huiusmodi
1876 896 1942 920 non

1203 942 1401 975 censendam
1425 951 1494 974 esse
1521 941 1704 974 damnatam
1725 941 1944 984 praesentiam

1204 995 1291 1028 illam
1328 1005 1383 1027 seu
1417 994 1638 1027 assistentiam
1672 1004 1762 1027 mere
1794 994 1945 1027 materia-

1204 1050 1275 1088 lem,
1302 1059 1397 1091 quam
1422 1059 1494 1081 cum
1520 1047 1697 1090 gentilibus
1715 1048 1946 1091 superstitiosa

1205 1102 1436 1146 peragentibus
1455 1128 1462 1140 ,
1485 1102 1564 1134 citra
1590 1102 1688 1134 ullam
1715 1102 1780 1134 sive
1813 1112 1945 1144 expres-

1205 1166 1271 1187 sam
1296 1155 1361 1187 sive
1389 1154 1517 1187 tacitam
1548 1159 1711 1197 gestorum
1737 1153 1946 1198 approbatio-

1207 1218 1278 1240 nem
1295 1234 1302 1248 ,
1328 1218 1364 1240 ac
1394 1207 1505 1251 quovis
1530 1207 1708 1240 ministerio
1733 1207 1862 1250 penitus
1896 1217 1946 1240 se-

1206 1263 1296 1295 cluso
1323 1289 1330 1303 ,
1380 1261 1504 1294 eisdem
1547 1261 1780 1304 superstitiosis
1822 1261 1945 1294 actibus

1207 1315 1403 1358 quandoque
1433 1314 1592 1357 praestari
1622 1313 1789 1356 contingat
1816 1324 1834 1346 a
1860 1313 1947 1346 chri-

1206 1369 1328 1409 stianis,
1349 1378 1419 1400 cum
1438 1367 1530 1400 aliter
1555 1367 1630 1400 odia
1646 1370 1677 1400 et
1700 1366 1888 1400 inimicitiae
1902 1366 1948 1399 vi-

1207 1422 1267 1455 tari
1287 1432 1352 1455 non
1378 1426 1532 1465 possunt.;
1552 1420 1634 1453 sacta
1656 1426 1763 1452 tamen
1782 1419 1854 1452 fidei
1874 1429 1949 1463 pro-

1209 1476 1397 1515 testatione,
1425 1480 1456 1508 et
1480 1478 1626 1508 cessante
1650 1473 1797 1517 periculo
1822 1473 1950 1506 subver-

1208 1529 1320 1563 sionis.

1253 1582 1408 1616 Similiter
1444 1591 1503 1614 nec
1542 1591 1601 1624 per
1637 1580 1752 1613 eadem
1792 1590 1951 1623 responsa

1209 1637 1318 1676 vetari,
1337 1635 1512 1679 quominus
1539 1645 1615 1676 erga
1640 1634 1811 1667 defunctos
1836 1633 1948 1678 peragi

1209 1690 1337 1733 possint
1361 1689 1432 1727 alia,
1459 1689 1484 1721 si
1510 1698 1593 1731 qnae
1618 1687 1685 1720 sint
1718 1687 1805 1720 iuxta
1837 1697 1950 1720 earum

1210 1743 1496 1786 gentiumsmores
1523 1752 1606 1785 quae
1632 1752 1706 1775 vere
1724 1741 1950 1785 superstiti0sa

1210 1807 1275 1829 non
1291 1796 1363 1835 sint,
1379 1806 1439 1828 nec
1453 1795 1695 1838 superstitionis
1708 1794 1848 1838 speciem
1862 1804 1950 1838 prae·

1210 1850 1363 1888 scierant,
1391 1848 1448 1881 sed
1474 1848 1559 1880 intra
1585 1847 1704 1881 limites
1739 1847 1881 1880 civilium
1914 1857 1950 1879 ac

1211 1902 1420 1946 politicorum
1444 1901 1564 1933 rituum
1589 1899 1827 1933 contineantur.
1847 1899 1949 1933 Porro

1210 1966 1370 2000 quaenam
1394 1955 1477 1988 haec
1500 1954 1572 1994 sint,
1600 1958 1632 1986 et
1656 1953 1774 1997 quibus
1794 1952 1949 1985 adhibitis

1210 2010 1345 2043 cautelis
1374 2008 1503 2042 tolerari
1535 2008 1684 2047 valeant,
1723 2011 1790 2039 tum
1827 2005 1950 2039 domini

1211 2063 1414 2106 patriarchae
1440 2061 1635 2094 Antioclieni
1669 2059 1882 2093 commissarii
1919 2063 1952 2093 et

1211 2115 1384 2150 visitatoris
1403 2114 1563 2158 generalis
1580 2113 1613 2146 in
1630 2113 1769 2157 imperio
1787 2112 1951 2152 Sinarum,

1213 2176 1278 2203 tum
1305 2170 1531 2213 episcoporum
1555 2177 1592 2200 ao
1607 2166 1804 2200 vicariorum
1824 2171 1951 2209 aposto—

1212 2224 1347 2256 licorum
1373 2222 1501 2255 illarum
1527 2219 1668 2263 partium
1693 2218 1813 2252 iudicio
1850 2218 1951 2251 relin-

1212 2277 1377 2320 quendum
1402 2285 1491 2313 esse·‚
1511 2273 1565 2317 qui
1585 2279 1693 2306 tamen
1710 2273 1844 2311 interea,
1863 2271 1951 2305 omni

1212 2341 1274 2373 quo
1299 2333 1452 2372 poterunt
1477 2327 1583 2359 studio
1609 2336 1645 2358 ac
1678 2324 1865 2368 diligentia,
1898 2334 1952 2357 cu-

1212 2393 1285 2415 rare
1305 2381 1479 2419 debebunt,
1501 2384 1547 2418 ut,
1568 2377 1711 2419 gentium
1733 2376 1951 2410 caeremoniis

1212 2437 1341 2479 penitus
1367 2433 1502 2466 sublatis
1518 2459 1525 2471 ,
1550 2432 1597 2465 illi
1624 2431 1746 2464 sensim
1771 2442 1789 2464 a
1809 2431 1952 2464 christia-

1212 2489 1260 2521 nis
1287 2493 1318 2520 et
1343 2498 1402 2530 pro
1429 2485 1619 2519 christianis
1643 2485 1706 2517 hac
1723 2485 1754 2517 in
1774 2494 1807 2517 re
1825 2494 1885 2517 usu
1904 2494 1952 2516 re-

1212 2540 1372 2584 cipiantur
1396 2538 1494 2579 ritus,
1520 2548 1601 2582 quos
1627 2537 1786 2570 catholica
1808 2535 1952 2570 Ecclesia

1210 2604 1270 2639 pro
1296 2593 1457 2628 defunctis
1481 2591 1534 2636 pie
1558 2590 1782 2635 praescripsit.

1948 199 1998 228 An.
2019 200 2047 228 C.
2061 199 2133 229 1704

1972 897 2137 918 pactuatione».
