2269 3203
117 227 167 253 An.
184 225 212 252 C.
236 224 300 251 1721

957 222 1101 247 CLEMENS
1127 221 1159 246 xl
1184 222 1233 246 PP.

311 273 512 306 venientium
537 273 576 306 ab
603 273 763 313 intestato,
790 271 930 312 admitti,
958 277 989 305 et
1023 271 1055 304 in

312 326 375 360 illis
400 327 594 366 succedere,
622 337 751 360 necnon
777 326 816 359 ad
844 325 1056 366 lionores,di-

312 380 451 422 gnitates
472 407 478 419 ,
504 384 630 420 status,
657 381 776 423 gradus
803 385 833 412 et
858 379 964 412 officia
989 389 1057 411 sae-

311 433 433 466 cularia
458 433 589 477 publica
615 439 646 466 et
670 433 794 476 privata
831 443 1054 476 quaecumque

312 486 413 529 recipi
440 492 471 519 et
489 487 622 526 admitti,
643 487 763 530 illaque
782 497 897 529 gerere
917 491 948 519 et
964 496 1055 519 excr-

311 550 386 572 cere
411 540 513 573 libere
540 546 572 572 et
597 540 681 573 licite
707 539 834 583 possint
859 545 891 572 et
916 540 1054 580 valeant,

312 602 348 624 ac
373 592 399 625 si
426 592 464 626 de
490 593 637 635 legitimo
660 592 870 626 matrimonio
891 592 1053 635 procreati
1075 594 1077 619 ἒ

312 647 446 688 essent),
464 648 588 680 servata
615 652 721 680 tamen
745 647 845 679 formai
872 646 1054 679 litterarum

311 706 496 732 nostrarum
508 700 831 743 desupereditarum,
840 699 1052 742 legitimandi,

312 761 348 784 ac
368 753 407 785 ad
422 753 585 796 primaeva
602 764 639 786 ac
654 753 799 795 legitima
819 757 954 785 naturae
972 752 1054 793 iura,

311 810 343 838 et
368 805 535 848 quoslibet
559 810 648 839 actus
673 805 835 849 legitimos
861 805 1053 839 restituendi

311 863 342 890 et
367 858 554 898 reducendi,
574 869 700 892 necnon
726 859 863 898 nobiles,
883 869 938 892 seu
957 859 1054 892 etiam

310 910 453 950 milites,
478 913 526 945 vel
563 912 660 945 etiam
697 912 826 956 equites
859 912 1054 952 deaurato&

311 969 343 997 ut
360 976 420 1008 pro
433 965 507 1006 fide,
525 965 649 998 iustitia
674 971 706 999 et
723 965 884 1008 religione
905 970 1054 1009 pugnent

310 1017 496 1058 hortand0‚
523 1018 681 1059 faciendi,
709 1018 843 1052 creandi
874 1025 906 1052 ct
935 1019 1054 1052 consti-

311 1072 435 1112 tuendi,
461 1072 573 1116 eisque
598 1073 739 1116 insignia
765 1078 796 1106 et
821 1083 919 1113 arma,
947 1072 979 1104 in
1013 1072 1054 1105 si-

310 1125 440 1159 milibus
460 1126 526 1159 dai-i
545 1127 647 1165 solita,
668 1126 764 1159 dandi
784 1132 816 1159 ct
838 1126 1052 1166 concedendi,

310 1189 438 1213 necnon
462 1180 551 1223 ipsos
577 1179 759 1213 nobilitatis
786 1180 991 1223 equestribus
1007 1181 1053 1213 in-

309 1233 424 1276 signiis
451 1234 638 1275 decorandi,
665 1234 749 1267 dicta
774 1233 980 1274 auctoritate,
1009 1239 1054 1267 te-

310 1297 390 1320 nore
416 1287 648 1330 praesentium,
665 1287 841 1327 licentiam,
865 1287 1052 1321 facultatem

310 1346 342 1374 et
367 1341 592 1374 auctoritatem
618 1341 826 1374 concedimus
852 1346 884 1374 et
904 1341 1053 1384 indulge-

308 1405 390 1427 mus.
414 1394 485 1428 Non
511 1395 715 1428 obstantibus
737 1394 903 1438 quibusvis
925 1400 1052 1438 aposto-

309 1447 380 1480 licis
406 1458 441 1481 ac
459 1447 490 1480 in
509 1447 764 1491 provincialibus
792 1452 823 1480 et
840 1447 1052 1491 synodalibus

308 1501 454 1534 conciliis
479 1501 591 1541 editis,
619 1501 827 1544 generalibus
852 1503 901 1534 vel
927 1501 1052 1545 specia-

308 1554 407 1595 libus,
423 1555 713 1588 constitutionibus
731 1560 763 1588 et
778 1555 1050 1595 ordinationibus,

309 1617 438 1640 necnon
463 1608 591 1650 legibus
617 1608 848 1652 imperialibus,
871 1619 908 1642 ac
924 1609 1051 1642 statutis

309 1666 341 1694 et
354 1661 655 1701 consuetudinibus,
671 1662 768 1694 etiam
786 1661 1050 1705 municipalibus,

309 1714 473 1748 civitatum
513 1721 544 1749 et
584 1716 731 1749 locorum
763 1716 796 1748 in
834 1717 952 1759 quibus
989 1717 1050 1760 ipsi

308 1768 512 1811 legitimandi
538 1769 680 1809 suerint,
705 1769 889 1802 iuramento
908 1796 915 1809 ,
941 1769 1052 1803 confir-

308 1821 452 1855 matione
478 1822 668 1865 apostolica,
695 1823 742 1855 vel
769 1822 880 1866 quavis
898 1822 1050 1855 firmitate

308 1874 370 1908 alia
395 1875 560 1908 roboratis
577 1902 584 1916 ,
610 1876 672 1908 illis
698 1875 907 1919 praesertim,
933 1876 1051 1919 quibus

309 1928 412 1961 caveri
439 1928 556 1962 dicitur
580 1939 744 1972 expresse,
772 1930 858 1973 quod
884 1930 1049 1962 naturales

308 1986 340 2013 et
364 1980 509 2014 bastardi
536 1982 712 2024 legitimari
742 1993 807 2015 non
834 1982 960 2025 possint
989 1982 1050 2015 nisi

309 2035 348 2067 de
370 2045 534 2069 consensu
552 2036 773 2078 legitimorum
792 2042 824 2069 et
841 2036 1048 2076 naturalium,

308 2098 438 2121 necnon
452 2088 585 2132 quibus¹
601 2089 821 2122 Cancellariae
840 2089 1050 2133 Apostolicae

309 2141 431 2183 regulis
456 2151 516 2185 per
552 2152 610 2174 nos
651 2147 682 2175 et
705 2141 821 2175 Sedem
847 2143 994 2176 eamdem
1019 2143 1051 2175 in

308 2194 509 2227 contrarium
536 2195 693 2228 hactenus
720 2196 815 2229 editis
841 2201 872 2228 et
897 2195 929 2228 in
948 2200 1051 2238 poste-

308 2257 380 2280 rum
406 2248 558 2288 edendis,
585 2260 622 2282 ac
647 2249 838 2292 privilegiis,
864 2249 997 2282 indultis
1021 2255 1053 2282 et

309 2299 423 2334 litteris
449 2301 650 2345 apostolicis,
677 2302 772 2335 etiam
798 2302 967 2346 quibusvis
983 2302 1051 2335 uni-

308 2353 527 2396 versitatibus,
554 2355 734 2389 studiorum
761 2356 963 2399 generalium
987 2358 1052 2390 col-

309 2406 421 2449 legiis,
446 2413 478 2441 et
513 2409 682 2452 quibusvis
717 2409 789 2444 aliis
820 2410 924 2451 locis,
953 2410 1049 2444 etiam

308 2465 400 2491 motu
425 2460 531 2500 simili,
550 2466 581 2495 et
602 2473 639 2495 ex
665 2464 754 2495 certa
780 2463 927 2504 scientia,
953 2474 989 2496 ac
1011 2464 1049 2496 de

309 2513 506 2557 apostolicae
530 2516 698 2558 potestatis
715 2517 931 2559 plenitudine,
953 2517 1048 2550 etiam

309 2567 348 2600 de
373 2567 512 2600 consilio
539 2568 682 2602 eiusdem
709 2569 872 2603 Romanae
883 2570 1049 2603 Ecclesiae

346 2631 354 2658 1
379 2629 490 2658 videtur
508 2630 651 2666 legendum
672 2633 818 2668 quibusvis
836 2633 876 2668 (n.
892 2634 941 2667 r).

1739 214 1800 248 86¹1

1098 271 1321 311 cardinalium,
1338 271 1502 304 concessis
1530 276 1561 304 et
1579 272 1790 313 confirmatis,
1807 284 1842 306 ac

1099 324 1130 356 in
1157 329 1325 366 posterum
1350 324 1570 357 concedendis
1597 330 1628 357 et
1649 325 1843 358 confirman-

1099 377 1168 417 dis;
1197 377 1313 420 quibus
1332 377 1480 410 omnibus
1497 383 1528 410 ct
1549 377 1695 420 siugulis,
1716 378 1842 410 etiamsi

1099 441 1159 473 pro
1196 431 1324 464 illorum
1362 431 1532 464 sufficienti
1567 431 1777 474 derogatione
1804 432 1842 464 dc

1099 483 1163 516 illis
1189 494 1369 526 eorumque
1397 484 1471 517 totis
1498 484 1668 517 tenoribus
1687 484 1843 516 ctsormis

1099 536 1273 580 specialis,
1300 536 1462 580 specifica,
1490 547 1641 580 expressa
1669 542 1700 569 ct
1726 537 1844 569 indivi-

1099 590 1173 628 dua,
1200 601 1235 623 ac
1262 591 1300 624 dc
1323 591 1421 624 verbo
1441 590 1479 623 ad
1496 590 1637 629 verbum,
1655 600 1718 623 non
1737 595 1843 622 autern

1098 654 1157 686 per
1180 645 1341 677 clausulas
1366 645 1538 686 generales
1565 644 1650 677 idem
1669 643 1845 687 importan-

1099 702 1169 737 tes,
1195 698 1318 731 mentio
1344 708 1399 730 scu
1427 698 1560 741 quaevis
1592 698 1653 730 alia
1680 697 1843 741 expressio

1099 750 1275 790 habenda,
1303 756 1358 783 aut
1383 751 1445 783 alia
1471 750 1632 794 exquisita
1669 750 1770 783 forma
1804 750 1842 783 ad

1098 803 1161 836 lioc
1186 803 1344 836 servanda
1370 803 1463 844 soret,
1494 809 1622 837 tenores
1645 803 1841 842 huiusmodi,

1098 866 1134 888 ac
1159 856 1184 888 si
1212 857 1251 889 de
1266 857 1364 890 verbo
1380 857 1419 890 ad
1438 856 1570 890 verbum
1590 857 1704 890 inserti
1722 857 1840 896 forent,

1097 910 1326 952 praesentibus
1351 921 1410 953 pro
1443 910 1641 944 sufficienter
1677 910 1842 954 expressis

1098 963 1277 1005 habentes,
1305 964 1369 997 illis
1395 963 1473 997 alias
1500 964 1532 996 in
1559 975 1615 997 suo
1635 964 1754 997 robore
1774 974 1844 1007 per-

1097 1018 1281 1057 mansuris,
1307 1018 1367 1051 liac
1395 1017 1462 1051 rice
1488 1018 1663 1058 dumtaxat,
1691 1017 1841 1061 speciali-

1098 1075 1146 1102 ter
1170 1075 1203 1103 et
1228 1080 1379 1114 expresse
1406 1071 1626 1114 derogamus;
1654 1071 1841 1114 ceterisque

1096 1124 1268 1156 contrariis
1294 1124 1564 1168 quibuscumque.
1594 1125 1709 1158 Forma
1734 1130 1842 1157 autem

1097 1176 1291 1218 iuramenti,
1316 1178 1404 1221 quod
1430 1178 1569 1218 notarii,
1597 1177 1792 1211 tabelliones
1812 1183 1843 1210 et

1096 1230 1229 1268 iudices,
1257 1240 1315 1273 per
1341 1230 1430 1274 ipsos
1448 1230 1622 1274 collegium
1640 1236 1671 1264 et
1689 1231 1840 1264 doctores

1096 1288 1131 1316 ut
1156 1284 1338 1327 praefertur
1363 1285 1494 1317 creandi
1521 1284 1719 1326 huiusmodi,
1746 1294 1839 1327 prae-

1096 1337 1237 1377 stabunt,
1254 1337 1325 1371 talis
1341 1343 1404 1370 cst:
1422 1350 1435 1369 α
1447 1338 1514 1381 Ego
1528 1337 1565 1370 N.
1583 1338 1621 1371 de
1636 1337 1684 1378 N.,
1705 1338 1840 1371 clericus

1095 1391 1131 1423 N.
1149 1418 1156 1431 ,
1193 1391 1232 1424 ab
1270 1391 1330 1424 hac
1365 1392 1443 1424 liora
1471 1392 1502 1424 in
1531 1397 1627 1425 antea
1652 1391 1758 1425 fidelis
1784 1402 1839 1425 ero

1095 1444 1190 1477 beato
1217 1444 1313 1477 Petro
1347 1450 1377 1477 et
1394 1444 1425 1477 S.
1446 1445 1480 1478 R.
1500 1445 1534 1477 E.
1556 1456 1592 1478 ac
1609 1445 1740 1478 domino
1766 1456 1839 1478 meo

1095 1498 1150 1531 Pio
1176 1498 1281 1541 Papae
1307 1498 1343 1530 IV
1369 1503 1399 1531 et
1424 1499 1667 1532 successoribus
1693 1499 1757 1532 suis
1789 1510 1840 1532 ca-

1095 1551 1213 1585 nonice
1238 1551 1450 1593 intrantibus,
1478 1562 1544 1585 non
1570 1563 1624 1586 cro
1644 1553 1675 1585 in
1694 1552 1838 1593 consilio,

1095 1606 1213 1639 auxilio
1233 1633 1240 1646 ,
1268 1616 1431 1638 consensu
1464 1607 1514 1639 vel
1552 1606 1637 1639 facto
1673 1612 1708 1638 ut
1742 1607 1839 1639 vitam

1095 1660 1235 1702 perdant
1259 1665 1312 1692 aut
1337 1659 1548 1699 membrum,
1587 1661 1635 1692 vel
1670 1661 1841 1703 capiantur

1094 1714 1177 1746 mala
1202 1713 1380 1756 captione,
1409 1713 1582 1746 consilium
1603 1740 1610 1754 ,
1639 1714 1726 1756 quod
1759 1714 1840 1746 milii

1095 1777 1153 1810 per
1178 1777 1211 1800 se
1238 1768 1288 1801 vel
1314 1767 1440 1800 litteras
1473 1773 1526 1800 aut
1559 1768 1712 1800 nuncium
1738 1768 1840 1801 mani-

1097 1821 1283 1861 festabunt,
1309 1821 1347 1853 ad
1374 1831 1488 1854 eorum
1519 1822 1671 1854 damnum
1697 1821 1840 1854 scienter

1096 1874 1216 1907 nemini
1244 1875 1408 1917 pandam,
1435 1875 1461 1907 si
1488 1885 1565 1908 vero
1591 1875 1628 1907 ad
1654 1885 1757 1908 meam
1783 1885 1841 1907 ηοΩ

1097 1928 1198 1961 titiam
1226 1928 1348 1972 aliquid
1376 1928 1529 1961 devenire
1555 1929 1723 1972 contingat
1751 1929 1837 1972 quod

1095 1982 1127 2014 in
1154 1981 1339 2025 periculum
1366 1982 1503 2014 Romani
1530 1981 1693 2015 Pontificis
1713 1982 1838 2015 autEc-

1096 2035 1213 2068 clesiae
1239 2034 1403 2068 Romanae
1422 2040 1572 2078 vergeret
1588 2045 1641 2068 seu
1668 2046 1764 2078 grave
1784 2035 1839 2068 da-

1096 2099 1224 2129 mnum,
1248 2088 1327 2121 illud
1354 2099 1414 2131 pro
1441 2099 1537 2132 posse
1564 2089 1759 2132 impediam,
1785 2093 1836 2128 et,

1095 2143 1122 2175 si
1148 2142 1210 2175 hoc
1234 2141 1395 2184 impedire
1411 2152 1476 2174 non
1495 2153 1636 2185 possem,
1656 2143 1838 2185 procurabo

1094 2196 1181 2228 bona
1206 2194 1269 2228 side
1295 2195 1327 2228 id
1353 2196 1391 2228 ad
1417 2195 1564 2228 notitiam
1590 2196 1712 2228 domini
1730 2196 1837 2240 Papae

1094 2249 1246 2292 perserri‚
1274 2249 1429 2292 Papatum
1455 2248 1637 2282 Romanuin
1662 2254 1693 2281 et
1714 2249 1837 2291 regalia

1094 2302 1126 2335 S.
1153 2302 1237 2335 Petri
1278 2313 1313 2335 ac
1339 2303 1409 2335 iura
1433 2303 1536 2345 ipsius
1570 2303 1730 2336 Ecclesiae
1764 2313 1835 2346 spea

1093 2356 1229 2396 cialiter,
1255 2357 1281 2389 si
1307 2366 1369 2399 qua
1396 2357 1509 2389 cadem
1534 2356 1677 2389 Ecclesia
1702 2356 1735 2388 in
1761 2356 1835 2388 civi—

1094 2416 1158 2444 tate
1182 2412 1232 2444 vel
1260 2413 1364 2451 teri-a,
1392 2411 1430 2443 de
1456 2422 1519 2454 qua
1544 2421 1614 2444 sum
1652 2410 1809 2443 oriundus
1827 2437 1834 2449 ,

1093 2465 1223 2505 habeat,
1244 2464 1373 2497 adiutor
1392 2464 1437 2497 eis
1456 2475 1511 2497 ero
1530 2465 1569 2497 ad
1591 2464 1833 2497 defendendum

1092 2517 1347 2551 etdetinendum
1366 2527 1421 2550 seu
1440 2518 1702 2561 recuperandum
1722 2521 1834 2548 contra

1092 2580 1207 2603 omnes
1232 2570 1400 2610 homines,
1428 2570 1659 2603 tabellionatus
1693 2569 1833 2601 officium

1091 2623 1234 2657 fideliter
1252 2624 1425 2666 exercebo,
1446 2629 1642 2665 contractus,
1664 2623 1697 2655 in
1715 2623 1831 2665 quibus

1854 226 1902 252 An.
1919 225 1946 251 C.
1971 225 2032 252 17⁶21
