2269 3203
272 289 324 315 An.
347 288 376 315 c.
394 287 464 315 1722
512 278 576 312 9020

466 336 579 367 actibus
611 335 733 376 praefati
763 334 924 366 consiliarii
956 333 1082 364 habeant
1112 337 1211 363 votum

467 385 664 415 consultivum
683 394 715 414 ac
732 384 892 414 decisivum
907 382 1028 422 aequale
1045 391 1110 412 cum
1127 391 1212 420 gene-

466 435 533 472 rali,
557 438 585 464 et
608 434 684 473 quod
701 434 729 463 in
747 432 883 462 omnibus
900 435 993 461 stetur
1008 430 1111 460 maiori
1136 431 1212 470 parti

466 483 685 521 suffragiorum.
703 481 832 511 Ulterius
854 489 922 510 vero
944 479 1111 509 declaretur
1130 488 1213 518 prae-

468 532 561 562 dictos
583 530 769 561 consiliarios
788 539 845 558 non
865 537 950 568 posse
968 528 997 557 in
1021 537 1052 557 se
1074 527 1147 567 ipsis
1163 535 1212 566 ap-

467 581 576 620 plicare
598 579 829 609 nominationem
846 577 880 606 ad
897 577 971 606 dicta
996 576 1104 613 officia,
1124 580 1211 615 prout

465 638 558 668 usque
581 628 615 658 ad
639 636 777 667 praesens
800 625 996 665 applicarunt,
1019 633 1067 654 eos
1098 624 1129 653 in
1163 633 1211 663 po-

464 682 573 707 sterum
596 675 809 706 inhabilitando
831 674 866 703 ad
888 683 920 703 ea
949 682 1034 713 posse
1056 672 1209 712 consequi,

464 725 623 754 sanciendo
646 723 722 762 quod
745 722 871 752 debeant
898 731 960 751 esse
987 721 1120 751 contenti
1149 721 1210 750 solo

464 773 560 803 officio
593 772 845 809 consiliariorum,
879 778 1031 810 quousque
1062 769 1112 799 illo
1146 769 1212 799 sun-

464 825 583 860 guntur.

327 890 455 911 Sacerdotes
505 879 543 900 1v.
568 869 638 899 Cum
661 867 834 908 principalis
857 875 963 906 scopus
989 865 1143 904 religionis
1174 865 1212 895 sit

270 917 378 970 Εξεζζᾞῐ
403 918 616 949 vocoattendere
644 917 783 957 operibus
810 915 1031 946 misericordiae
1053 914 1212 954 corporali-

465 967 520 998 bus
537 977 640 997 versus
654 975 796 1006 pauperes
812 965 944 995 infirmos
960 963 1209 999 convalescentes,

466 1020 564 1046 mente
582 1020 694 1055 captos,
718 1014 848 1053 aliosque
865 1022 984 1052 egenos,
1002 1012 1079 1051 quod
1101 1011 1212 1041 exerci-

466 1065 539 1095 tium
562 1065 655 1095 solum
679 1064 819 1103 competit
841 1063 935 1100 laicis,
959 1062 1025 1092 ideo
1047 1061 1077 1091 in
1102 1060 1212 1090 consti-

466 1114 629 1144 tutionibus
645 1113 799 1152 privantur
814 1121 884 1142 voce
900 1111 1015 1150 passiva
1031 1109 1209 1145 sacerdotes,

466 1167 494 1193 et
516 1163 570 1192 hoc
593 1162 702 1192 iterum
725 1159 894 1190 confirmari
927 1159 1014 1189 debet
1042 1167 1109 1188 cum
1136 1157 1212 1187 ulte-

466 1211 539 1241 riori
572 1210 769 1250 explicatione
803 1208 880 1248 quod
914 1211 1092 1238 censeantur
1124 1206 1211 1235 etiam

467 1260 573 1300 privati
597 1268 667 1289 voce
684 1258 800 1297 passiva
822 1257 865 1286 illi
887 1256 1053 1286 sacerdotes
1072 1255 1123 1294 qui
1146 1263 1214 1293 pro-

467 1309 537 1338 moti
560 1308 641 1338 suere
664 1311 821 1345 antequam
838 1305 1028 1344 Congregatio
1046 1304 1212 1341 erigeretur

466 1358 495 1387 in
518 1357 701 1395 religionem.

296 1427 455 1447 Gonmlmibi
508 1415 535 1436 v.
553 1406 634 1441 Quod
657 1405 835 1435 reformetur
858 1403 1011 1443 dispositio
1034 1411 1109 1442 quae
1133 1411 1213 1431 man-

271 1454 441 1479 ‘¹'⁸³²d“¹¹¹¹¹¹¹'·
466 1457 515 1486 dat
537 1456 656 1485 fratrem
680 1454 820 1484 maiorem
852 1452 1018 1491 generalem
1051 1460 1118 1481 cum
1151 1451 1212 1480 suis

466 1504 643 1535 consiliariis
666 1503 772 1533 debere
789 1501 920 1531 habitare
935 1501 965 1530 in
981 1504 1125 1530 conventu
1144 1508 1211 1528 san-

466 1553 504 1583 cti
521 1551 667 1592 llyppoliti
691 1551 746 1581 sito
766 1553 848 1580 extra
870 1549 984 1579 moenia
1007 1547 1133 1578 civitatis
1155 1547 1212 1577 Me-

466 1602 598 1639 xicanae,
623 1604 717 1630 stante
741 1599 830 1638 quod,
848 1607 914 1628 cum
933 1598 1028 1627 dictus
1050 1600 1211 1627 conventus

466 1650 624 1689 plurimum
648 1648 735 1678 distet
750 1656 764 1676 a
781 1647 860 1677 dicta
875 1646 1005 1682 civitate,
1023 1645 1052 1675 in
1070 1647 1160 1684 eaque
1183 1649 1211 1675 et

465 1698 545 1728 illius
568 1696 765 1727 tribunalibus
798 1695 880 1735 quasi
914 1695 1055 1725 continuo
1085 1694 1212 1724 debeant

465 1746 612 1785 generalis
634 1750 662 1775 et
684 1745 844 1775 consiliarii
877 1743 1017 1783 praedicti
1051 1752 1113 1772 esse
1146 1750 1211 1781 pre-

466 1800 563 1825 sentes
586 1794 621 1824 ol)
644 1793 796 1824 tractanda
819 1792 940 1830 negocia
962 1791 1123 1830 religionis
1144 1799 1210 1820 cum

466 1853 580 1874 summo
615 1852 718 1873 eorum
754 1841 939 1871 incommodo
974 1844 1002 1870 et
1038 1840 1210 1880 plerumque

466 1902 533 1922 cum
557 1891 736 1931 praeiudicio
759 1889 922 1928 religionis,
946 1889 1012 1928 quia
1033 1898 1090 1918 non
1114 1889 1211 1919 valent

466 1941 545 1971 horis
567 1940 671 1970 debitis
693 1940 857 1975 interesse3
888 1938 952 1968 ideo
979 1937 1157 1977 permittitur
1179 1938 1209 1967 in

466 1993 615 2029 posterum
647 1988 776 2026 generali
809 1987 917 2025 eligere
940 1986 1150 2016 habitationem
1180 1986 1209 2016 in

465 2039 515 2068 illa
545 2038 629 2068 domo
661 2037 706 2066 vel
739 2036 867 2073 civitate,
902 2045 988 2075 quam
1022 2036 1114 2074 magis
1143 2043 1212 2064 con-

465 2096 568 2126 gruam
591 2085 771 2126 reputaverit
794 2094 845 2124 pro
867 2084 1038 2124 reparandis
1053 2084 1212 2114 necessita-

467 2136 556 2173 tibus,
580 2144 654 2175 quae
676 2135 710 2164 de
739 2139 869 2174 tempore
899 2134 928 2163 in
958 2138 1087 2173 tempore
1113 2133 1210 2163 immi-

467 2183 580 2214 nebunt
602 2183 748 2222 religioni,
772 2183 896 2213 durante
925 2182 1021 2212 officio
1050 2182 1095 2212 sui
1124 2191 1211 2221 gene-

466 2232 587 2262 ralatus.

286 2289 395 2309 Generalis
408 2294 456 2309 enn—
507 2289 545 2310 vr.
570 2280 650 2315 Quod
674 2283 783 2319 spectet
805 2289 838 2309 ac
864 2280 1008 2319 pertineat
1031 2279 1066 2309 ad
1090 2280 1211 2310 fratrem

270 2315 457 2367 iissillfflpnfifflffiff
468 2329 609 2358 maiorem
625 2328 791 2366 generalem
807 2328 970 2367 approbare
992 2332 1020 2358 et
1036 2329 1210 2359 confirmare

271 2369 624 2415 ¹0¹,2}¹'v²]},¹,¹„¹s{{‘'¹¹'electiones
656 2376 880 2415 provincialium
912 2377 962 2416 qui
999 2376 1146 2414 eligentur
1180 2377 1210 2406 in

467 2433 649 2465 quacumque
673 2424 824 2463 provincia
851 2425 886 2454 ad
909 2432 996 2464 quam
1019 2424 1122 2462 religio
1144 2432 1211 2463 pro-

467 2477 644 2513 pagaretur,
674 2477 701 2502 et
731 2473 807 2512 quod
830 2474 977 2512 praefatus
1000 2472 1145 2510 generalis
1169 2476 1208 2503 te-

466 2527 570 2553 neatur
592 2523 626 2553 de
650 2523 774 2552 triennio
807 2523 837 2552 in
872 2523 1032 2552 triennium
1063 2523 1122 2552 una
1148 2522 1211 2552 vice

468 2572 589 2602 visitare
612 2571 856 2611 qualemcumque
884 2570 1077 2610 provinciam,
1101 2571 1209 2610 inqua

467 2621 598 2651 fundatio
621 2621 715 2658 fieret,
741 2620 914 2651 existentem
943 2620 974 2650 in
1002 2628 1092 2659 regno
1114 2619 1211 2650 Novae

467 2670 635 2710 Hispaniae,
659 2669 856 2710 Guatemalae,
879 2669 1059 2709 Nicaraguae
1081 2669 1211 2711 aliasque

1054 285 1234 310 BULLARIUM
1258 284 1413 309 ROMANUM

2000 284 2053 312 An.
2074 284 2102 312 C.
2123 284 2191 312 ¹722

1254 332 1499 371 circumvicinas3
1522 336 1562 369 et,
1580 341 1650 363 casu
1669 341 1726 372 quo
1749 332 1935 364 fundationes
1957 342 1999 365 se-

1256 386 1416 421 querentur
1448 382 1478 411 in
1511 390 1602 419 regno
1634 381 1767 411 Peruano
1798 381 1843 411 vel
1876 381 1906 411 in
1934 383 2000 413 aliis

1255 430 1388 470 partibus
1409 429 1628 466 remotioribus,
1657 430 1733 469 quod
1755 430 1832 460 idem
1855 432 2000 469 generalis

1255 479 1347 518 possit
1369 479 1521 509 nominare
1543 478 1724 508 visitatorem
1753 479 1918 517 delegatum
1947 490 1999 520 pro

1255 527 1386 557 facienda
1409 527 1459 557 tali
1482 527 1647 557 visitatione
1677 527 1713 556 ad
1735 536 1768 557 ea
1790 527 1853 558 loca
1876 533 1934 559 tam
1958 529 2000 559 di-

1254 575 1371 613 stantia,
1394 575 1429 605 ad
1451 584 1524 615 quae
1547 584 1604 605 non
1627 575 1662 605 de
1684 576 1760 605 sacili
1783 580 1878 615 potest
1900 587 1999 616 perso-

1254 624 1360 653 naliter
1392 633 1422 653 se
1455 623 1598 660 conferre,
1623 628 1654 654 ut
1681 632 1788 654 munus
1819 625 1998 657 visitationis

1254 671 1423 711 adimpleat.

1293 729 1342 750 vn.
1366 720 1569 750 Parisormiter
1591 730 1642 760 pro
1666 730 1824 760 progressu
1845 721 1998 760 religionis
2034 741 2103 764 Qum
2118 747 2130 761 2
2147 743 2192 768 qm,

1255 769 1395 799 abolenda
1418 773 1462 799 est
1482 769 1532 799 illa
1549 774 1693 800 coarctata
1707 771 1715 787 ¹
1731 770 1809 800 circa
1825 770 1996 801 electionem
2007 767 2192 819 Ξξξεςὴξζξξωζζῗ

1256 818 1448 857 praesidentis
1480 818 1619 857 capituli,
1643 818 1692 848 ubi
1723 819 1891 857 iniungitur
1921 810 2076 859 quodpstuli·

1254 867 1322 896 talis
1345 866 1517 906 praesidens
1548 876 1610 897 esse
1625 868 1635 884 ²
1657 867 1762 897 debeat
1787 868 1876 898 frater
1905 869 2002 899 maior

1254 915 1283 945 S.
1313 915 1479 954 Hyppoliti,
1508 915 1577 945 dum
1606 924 1640 945 ex
1672 916 1727 946 hoc
1755 925 1858 954 graves
1891 916 1999 947 abusus

1254 963 1311 993 orti
1335 967 1404 993 sunt
1427 968 1483 993 tam
1501 963 1579 993 circa
1596 963 1710 993 vocales
1729 973 1816 1003 quarn
1840 964 1916 994 circa
1935 964 2002 994 red-

1255 1012 1396 1041 ditionem
1424 1011 1546 1041 rationis
1575 1020 1644 1041 suae
1673 1011 1936 1042 administrationis
1963 1012 1999 1042 ab

1255 1060 1305 1090 illo
1328 1060 1503 1097 faciendam,
1521 1059 1620 1089 habito
1636 1065 1770 1099 respectu
1787 1060 1821 1090 ad
1837 1060 1998 1090 dominium

1256 1108 1471 1148 praesidentiae
1494 1108 1570 1147 quod
1597 1108 1626 1138 in
1649 1108 1743 1147 ipsius
1771 1117 1925 1148 personam
1952 1108 2002 1138 de-

1256 1157 1303 1187 bet
1326 1157 1445 1186 omnino
1468 1157 1591 1194 cadere3
1611 1157 1734 1196 ideoque
1757 1166 1810 1196 pro
1833 1161 1999 1196 opportuno

1255 1206 1386 1236 remedio
1408 1206 1540 1235 tradatur
1562 1206 1684 1235 facultas
1712 1205 1795 1235 fratri
1824 1206 1928 1235 maiori
1950 1215 2002 1244 ge-

1255 1255 1347 1284 nerali
1371 1255 1561 1294 eiusdemque
1584 1254 1760 1284 consiliariis
1783 1263 1835 1294 pro
1857 1254 2000 1286 electione

1256 1304 1452 1343 praesidentis
1468 1313 1519 1343 per
1541 1313 1589 1334 eos
1605 1304 1739 1335 facienda
1755 1305 1851 1335 triduo
1868 1308 1936 1334 ante
1952 1314 2000 1335 ce-

1256 1353 1447 1384 lebrationem
1470 1354 1590 1393 capituli
1612 1354 1770 1392 generalis,
1791 1359 1819 1385 et
1842 1354 1919 1394 quod
1942 1355 1999 1385 ele-

1255 1404 1313 1433 ctio
1336 1403 1419 1432 cadat
1441 1403 1470 1432 in
1493 1412 1660 1443 personam,
1684 1411 1758 1442 quae
1780 1412 1838 1432 non
1862 1408 1998 1434 exerceat

1255 1452 1347 1481 ullum
1369 1451 1509 1489 osticium,
1533 1461 1568 1480 ex
1598 1461 1654 1490 quo
1680 1451 1819 1491 impedita
1847 1456 1998 1483 remaneat

1254 1500 1399 1530 rectitudo
1422 1500 1655 1540 praesidentiae,
1678 1510 1710 1531 ac
1733 1501 1856 1531 ulterius
1871 1501 1998 1532 declare-

1254 1554 1301 1580 tur
1322 1550 1398 1590 quod
1422 1550 1517 1580 dictus
1540 1550 1709 1590 praesidens
1732 1559 1790 1579 non
1813 1549 1905 1589 possit
1929 1550 1998 1589 eligi

1253 1599 1283 1629 in
1306 1598 1473 1638 generalem
1495 1599 1526 1628 in
1549 1608 1582 1628 eo
1604 1598 1732 1638 capitulo
1762 1598 1809 1628 cui
1838 1598 1995 1637 praesidet,

1254 1647 1311 1677 nisi
1340 1647 1370 1677 in
1400 1656 1469 1677 casu
1498 1656 1556 1686 quo
1585 1651 1662 1677 esset
1680 1647 1791 1677 electus
1814 1656 1880 1676 cum
1903 1646 1998 1687 plenis

1254 1696 1385 1726 omnium
1408 1695 1552 1725 vocalium
1574 1695 1733 1735 suffragiis,
1758 1705 1791 1726 ac
1820 1705 1920 1726 eorum
1948 1705 1998 1726 ne-

1254 1746 1332 1775 mine
1356 1745 1552 1784 discrepante.

1293 1803 1353 1824 vui.
1377 1794 1409 1824 In
1432 1793 1691 1824 constitutionibus
1714 1795 1870 1826 mandatur
1897 1796 1993 1836 quod,
2019 1811 2086 1835 Qum,
2101 1813 2189 1838 sigene-

1253 1844 1284 1874 in
1306 1853 1376 1874 casu
1398 1844 1554 1874 diuturnae
1576 1844 1756 1875 infirmitatis
1786 1849 1835 1876 aut
1861 1838 2055 1876 necessa-‘³¹¹⁴
2071 1839 2189 1863 “mmmm

2019 1871 2044 1885 on
2075 1869 2124 1885 oseti
2165 1874 2168 1876 ·

1253 1893 1314 1923 riae
1336 1893 1485 1923 absentiae
1502 1893 1598 1923 fratris
1616 1894 1735 1924 maioris
1756 1895 1912 1932 generalis,
1930 1904 1995 1934 pos·
2005 1870 2138 1939 Ξζῗῇξῦωῡέ
2154 1868 2190 1914 isi

1253 1942 1290 1971 sit
1312 1941 1367 1972 iste
1389 1941 1549 1980 subrogare
1565 1942 1791 1981 praesidentem,
1808 1943 1857 1982 qui
1872 1943 1997 1974 durante

1253 1991 1330 2020 dicto
1352 1990 1563 2030 impedimento
1585 1990 1843 2030 congregationem
1865 1997 1947 2031 regat
1968 1995 1997 2023 et

1252 2039 1412 2079 gubernet,
1436 2044 1465 2070 et
1486 2039 1540 2069 iste
1563 2049 1626 2070 esse
1647 2039 1764 2070 debebit
1789 2040 1900 2080 primus
1926 2050 1996 2071 con-

1254 2089 1403 2126 siliarius,
1421 2093 1449 2119 et
1471 2089 1501 2118 in
1524 2097 1593 2119 casu
1616 2088 1712 2119 obitus
1734 2093 1782 2119 aut
1804 2089 1995 2129 depositionis

1253 2137 1395 2167 illiusmet
1414 2137 1512 2167 fratris
1538 2137 1656 2167 maioris
1678 2138 1833 2176 generalis,
1856 2138 1995 2170 idemmet

1254 2186 1365 2226 primus
1388 2186 1574 2217 consiliarius
1596 2187 1752 2217 succedere
1767 2186 1882 2217 debebit
1898 2187 1927 2217 in
1942 2197 1996 2226 gu-

1253 2235 1355 2266 bernio
1377 2235 1456 2266 illius
1479 2244 1530 2275 pro
1554 2239 1611 2266 toto
1638 2245 1671 2266 eo
1695 2239 1824 2275 tempore
1847 2235 1923 2275 quod
1945 2245 1995 2266 su-

1254 2284 1362 2323 pererit
1384 2284 1418 2313 ad
1441 2283 1668 2313 celebrationem
1690 2283 1809 2323 capituli
1827 2284 1992 2322 generalis;

1253 2336 1293 2370 at,
1317 2332 1384 2372 quia
1407 2332 1436 2361 in
1459 2332 1604 2371 expressis
1627 2331 1742 2362 casibus
1764 2332 1812 2362 illa
1834 2332 1994 2363 necessitas

1253 2381 1340 2420 primi
1363 2381 1524 2410 consiliarii
1546 2388 1604 2410 non
1627 2381 1720 2410 solum
1751 2381 1865 2411 videtur
1893 2390 1991 2420 exosa,

1252 2429 1302 2458 sed
1334 2429 1422 2458 etiarn
1444 2429 1593 2459 inductiva
1615 2429 1674 2459 voti
1696 2430 1855 2468 captandae
1877 2430 1991 2467 mortis,

1253 2487 1285 2507 ac
1302 2478 1516 2508 dissensionum
1533 2478 1707 2517 promotrix‚
1726 2478 1790 2508 ideo
1806 2479 1992 2509 statuendum

1253 2525 1331 2555 venit
1346 2525 1375 2554 in
1394 2529 1555 2564 posterum,
1573 2525 1661 2563 quod,
1678 2525 1708 2554 in
1724 2534 1792 2555 casu
1809 2524 1992 2555 necessariae

1290 2632 1300 2658 1
1318 2630 1417 2658 Forsan
1433 2631 1590 2658 coarctatio
1605 2630 1643 2664 (n.
1660 2631 1710 2665 τ.).

1287 2675 1303 2703 2
1318 2675 1367 2703 Ed.
1384 2674 1464 2704 Main.
1482 2675 1548 2712 legit
1563 2679 1634 2704 esset
1648 2683 1699 2712 pro
1716 2683 1772 2703 ease
1788 2676 1825 2710 (a.
1842 2674 1891 2711 τ.).
