2269 3203
158 221 207 247 An.
222 219 253 247 C.
276 219 344 247 ¹709

182 1876 339 1898 Contrariorum

156 1903 275 1930 derogatio.

982 217 1124 241 CLEMENs
1149 217 1182 240 Χῖ
1207 217 1255 240 ΓΡ.

351 279 387 301 ex
413 268 478 302 alio
503 269 615 312 quovis
640 268 765 312 capite,
793 277 809 299 a
835 267 903 300 iure
930 266 978 299 vel
1005 265 1088 298 Iacto
1110 272 1112 316 t
1132 265 1237 298 mibus
1264 270 1295 297 et
1315 265 1548 309 specialissima
1569 265 1734 298 mentione
1754 265 1870 307 ilignis,

351 326 403 354 aut
432 326 560 361 statuto,
585 319 820 353 consuetudine
845 319 894 352 vel
920 318 1090 361 privilegio

352 373 535 414 resultante,
557 372 674 413 notari,
694 372 889 416 impugnari,
910 371 1090 410 invalidari,
1110 406 1111 419 ἶ

352 426 526 464 retractari,
546 425 577 458 in
605 425 858 458 controversiam
884 424 1004 465 vocari,
1032 434 1088 457 seu

350 479 388 512 ad
416 479 572 512 terminos
598 479 676 512 iuris
702 478 812 512 reduci
832 478 993 511 ullatenus
1019 487 1090 520 pos-

349 542 399 572 se;
418 533 474 566 sed
492 532 578 575 ipsas
594 537 787 575 praesentes
808 532 933 564 litteras
949 536 981 564 et
998 541 1090 574 quac-

349 596 484 629 eumque
510 586 542 618 in
569 596 677 619 earum
704 584 928 618 executionem
951 585 990 617 ab
1017 585 1110 627 ipso,

350 637 519 673 Francisco
538 639 694 672 cardinali
713 644 746 672 et
762 640 911 681 praesule
932 638 1089 677 facienda,

348 701 478 735 semper
494 691 594 732 firma,
613 692 719 725 valida
738 697 767 725 et
787 690 928 724 el'licaeia
950 690 1088 723 existere

348 750 379 777 et
404 745 481 786 sore,
515 754 654 788 suosque
686 744 853 788 plenarios
885 750 917 777 et
942 743 1110 788 integros]

349 797 480 831 effeetus
506 798 615 832 sortiri
642 804 673 832 et
699 798 861 837 obtinere,
889 809 924 830 ac
951 797 1025 837 illis,
1051 797 1087 829 ad

347 861 428 894 quos
459 857 585 896 spectat
618 857 648 885 et
684 862 742 895 pro
780 855 925 894 tempore
948 850 1091 894 quando·

348 915 486 949 cumque
519 905 697 949 spectabit,
732 905 762 937 in
798 904 951 937 omnibus
977 909 1008 936 et
1033 914 1090 946 per

347 958 456 992 onmia
481 959 669 1002 plenissime
703 957 888 1001 sulliagari,
915 963 947 990 et
972 957 1011 989 ab
1045 958 1090 989 eis

348 1011 527 1054 respective
564 1011 798 1044 inviolabiliter
834 1016 865 1043 et
901 1011 1089 1042 inconcusse

348 1063 527 1105 observari,
547 1064 656 1108 sicque
682 1070 712 1097 et
738 1075 802 1097 non
828 1064 922 1096 aliter
947 1063 978 1095 in
999 1073 1091 1106 prae-

348 1117 455 1150 missis
488 1118 638 1150 omnibus
670 1124 700 1150 et
732 1117 868 1160 singulis
898 1127 955 1160 per
988 1126 1088 1159 quos-

349 1180 485 1213 cumque
511 1170 632 1203 iudices
657 1170 840 1203 ordinarios
866 1175 896 1202 et
914 1169 1088 1211 delegatos,

349 1223 445 1256 etiam
471 1233 642 1256 causarum
668 1223 778 1266 palatii
805 1222 974 1266 apostolici
1001 1222 1091 1255 audi-

349 1281 446 1317 tores,
464 1286 501 1309 ac
525 1275 556 1309 S.
576 1276 612 1308 R.
634 1276 667 1308 E.
689 1275 875 1319 praedictae
898 1275 1090 1313 cardinales,

349 1328 445 1362 etiam
471 1328 510 1362 de
536 1330 637 1362 latere
663 1330 790 1372 legatos
817 1334 848 1361 etv
869 1329 971 1361 dietae
997 1327 1089 1361 Sedis

349 1383 555 1426 Apostolicae
589 1383 736 1421 nuncios,
771 1382 891 1416 aliosve
928 1382 1091 1425 quoslibet

349 1445 552 1479 quacumque
577 1435 838 1479 praeeminentia
871 1440 902 1467 et
932 1439 1089 1478 potestate

350 1489 521 1532 fungentes
553 1494 585 1521 et
611 1490 787 1525 iuncturos,
823 1488 948 1521 sublata
983 1489 1028 1521 eis
1061 1495 1091 1521 et

350 1552 462 1576 eorum
480 1542 611 1576 cuilibet
631 1543 740 1586 quavis
759 1542 853 1575 aliter
878 1542 1040 1575 iudicandi
1061 1549 1092 1575 ct

350 1595 586 1639 interpretandi
623 1597 776 1630 facultate
814 1603 844 1630 et
870 1597 1089 1637 auctoritate,

350 1649 488 1683 iudicari
521 1655 552 1682 et
577 1649 702 1683 definiri
729 1650 869 1689 debere;
898 1661 932 1683 ac
963 1650 1091 1683 irritum

351 1708 384 1737 et
399 1703 495 1737 inane
515 1703 541 1737 si
559 1714 650 1737 secus
674 1714 772 1747 super
796 1703 847 1737 liis
874 1715 891 1737 a
916 1714 1090 1747 quoquam,

351 1756 462 1800 quavis
488 1757 702 1796 auctoritate,
738 1757 882 1790 scienter
919 1757 967 1790 vel
1002 1757 1113 1800 igno-3

1112 1848 1113 1853 ¹
1136 1809 1324 1852 derogatum
1363 1818 1434 1842 csse
1475 1810 1622 1842 volumus
1647 1820 1655 1849 ⁴,
1697 1809 1876 1852 ceterisque

1112 1859 1113 1871 ¹
1135 1858 1307 1896 contrariis
1333 1862 1604 1906 quiluiscumque.

350 1815 471 1851 ranter,
498 1810 665 1853 eontigerit
693 1810 853 1844 attentari.

394 1865 409 1908 ἓ
442 1864 472 1898 7.
507 1863 577 1897 Non
603 1863 808 1897 obstantibus
833 1864 1031 1907 praemissis,
1057 1874 1092 1896 ac

351 1917 550 1961 apostolicis,
581 1922 612 1949 et
637 1916 669 1949 in
701 1916 936 1949 universalibus
962 1916 1092 1959 provin-

350 1969 550 2013 cialibusque
576 1975 607 2003 et
630 1969 839 2013 synodalibus
864 1969 1009 2003 conciliis
1031 1969 1093 2002 edi-

351 2022 401 2063 tis,
417 2022 625 2066 generalibus
642 2023 691 2056 vel
709 2022 915 2065 specialibus,
935 2023 1092 2056 constitu·
1113 2033 1114 2037 ¹

351 2076 495 2110 tionibus
514 2082 545 2110 et
561 2077 835 2117 ordinationibus,
863 2082 903 2115 et,
930 2081 1091 2120 quatenus

351 2140 432 2174 opus
457 2130 508 2171 sit,
533 2132 642 2163 nostra
667 2135 698 2163 et
716 2129 938 2164 Cancellariae
965 2118 1114 2173 aposto-³

351 2184 432 2217 licae
458 2184 573 2227 regula
597 2184 637 2217 de
669 2183 739 2216 iure
765 2183 911 2227 quaesito
946 2195 1011 2217 non
1038 2185 1094 2217 tol-

351 2236 460 2278 lendo,
486 2237 615 2280 legibus
640 2247 778 2280 quoque,
799 2237 895 2270 etiam
920 2236 1094 2280 imperiali-

351 2291 412 2323 bus
431 2295 463 2324 et
480 2290 744 2334 municipalibus,
762 2301 889 2323 necnon
908 2290 1090 2334 quibusvis,

355 2344 452 2377 etiam
475 2344 670 2385 iuramento,
695 2344 944 2378 confirmatione
970 2352 1095 2388 aposto-

351 2397 422 2438 lica,
445 2400 494 2432 vel
520 2398 631 2442 quavis
657 2398 810 2431 firmitate
835 2399 898 2431 alia
919 2399 1092 2439 roboratis,

353 2449 480 2482 statutis
508 2455 540 2483 et
572 2451 875 2491 consuetudinibus,
909 2451 1004 2484 etiam
1038 2451 1096 2484 im-

354 2503 643 2544 memorabilibus‚
668 2504 850 2547 privilegiis
876 2515 1016 2548 quoque,
1050 2505 1094 2536 iu-

356 2554 453 2587 dultis
475 2559 507 2587 et
528 2555 645 2588 litteris
662 2557 863 2599 apostolicis,
885 2557 1095 2600 quibuscum-

357 2618 418 2653 que
444 2608 607 2652 personis,
633 2609 728 2644 etiam
755 2610 958 2655 quantumvis
996 2597 1116 2653 sutili-j*

1133 318 1190 350 sub
1216 318 1475 362 quibuscumque
1509 319 1680 350 verborum
1707 318 1872 351 tenoribus

1134 378 1164 404 et
1191 373 1321 412 scrinis,
1348 382 1383 404 ac
1410 382 1482 404 eum
1509 371 1673 414 quibusvis
1699 371 1793 403 etiam
1821 372 1874 404 de-

1133 424 1371 466 rogatoriarum
1391 424 1619 466 dcrogatoriis,
1645 423 1781 466 aliisque
1807 423 1874 455 effi-

1133 478 1322 517 cacioribus,
1339 477 1568 510 efficacissimis
1588 483 1618 510 et
1637 477 1773 510 insolitis
1791 477 1875 509 clau-

1133 532 1222 571 sulis,
1248 532 1519 574 irritantibusque
1555 537 1586 564 et
1619 531 1688 564 aliis
1726 530 1874 568 decretis,

1134 585 1229 617 etiam
1255 590 1358 623 motu,
1387 583 1520 616 scientia
1546 590 1577 615 et
1602 583 1772 626 potestatis
1799 585 1871 626 ple-

1134 638 1279 671 nitudine
1300 638 1471 677 similibus,
1488 648 1524 670 ac
1545 637 1824 675 consistorialiter,
1845 642 1875 669 et

1133 691 1212 723 alias
1239 690 1488 733 quomodolibet
1507 690 1538 722 in
1560 690 1761 723 contrarium
1781 700 1875 731 prae-

1132 744 1304 777 missorum
1319 743 1564 786 quonwdolitm
1580 743 1755 782 concessis,
1767 742 1872 782 editis,

1134 796 1224 829 sactis
1246 802 1276 829 et
1300 796 1422 839 pluries
1442 796 1580 836 iteratis,
1602 802 1632 828 et
1658 795 1876 839 quantiscum-

1134 861 1196 893 que
1233 850 1356 882 ricibus
1394 849 1592 892 approbatis,
1619 848 1817 881 confirmatis
1843 854 1875 880 et

1134 903 1314 943 innovatisg
1341 903 1456 946 quibus
1486 903 1638 935 omnibus
1667 907 1698 935 et
1726 902 1873 944 singulisv

1133 956 1254 989 etiarnsi
1288 967 1347 999 pro
1374 955 1503 988 illorum
1540 954 1712 988 sufficienti
1740 955 1876 997 deroga-

1135 1009 1219 1042 tione
1247 1010 1285 1042 de
1312 1009 1375 1042 illis
1408 1019 1585 1052 eorumque
1611 1009 1686 1041 totis
1707 1008 1874 1041 tenoribus

1134 1062 1297 1105 specialis,
1323 1062 1482 1105 specifica,
1511 1073 1664 1105 expressa
1696 1067 1726 1094 et
1751 1062 1871 1094 indivi-

1134 1115 1206 1155 dua,
1229 1126 1264 1148 ac
1282 1116 1321 1148 dc
1340 1115 1438 1148 verbo
1457 1115 1494 1148 ad
1518 1115 1660 1154 verbum,
1679 1125 1742 1147 non
1765 1120 1874 1147 autem

1134 1179 1193 1212 per
1218 1170 1380 1202 clausulas
1398 1169 1568 1210 generales
1593 1168 1676 1201 idem
1699 1167 1875 1211 importan-

1135 1227 1197 1262 tes,
1223 1222 1345 1255 mentio
1372 1232 1426 1255 seu
1453 1221 1583 1264 quaevis
1617 1222 1678 1254 alia
1705 1221 1873 1264 expressio

1135 1275 1295 1315 habenda,
1314 1280 1367 1307 aut
1385 1275 1489 1318 aliqua
1509 1275 1571 1307 alia
1589 1275 1747 1318 exquisita
1774 1275 1875 1307 forma

1134 1329 1172 1361 ad
1200 1328 1261 1361 boc
1287 1328 1445 1361 servanda
1483 1329 1574 1369 t'oret,
1609 1334 1739 1361 tenores
1767 1328 1876 1360 liuius-

1133 1382 1233 1422 modi,
1258 1393 1292 1414 ac
1324 1381 1348 1414 si
1375 1381 1414 1414 de
1440 1382 1538 1414 verbo
1564 1381 1602 1414 ad
1631 1381 1763 1414 verbum
1792 1381 1873 1414 nibil

1134 1435 1265 1479 penitus
1292 1436 1412 1468 omisso
1439 1441 1470 1468 et
1489 1436 1590 1468 forma
1612 1435 1642 1468 in
1669 1435 1733 1469 illis
1760 1435 1874 1468 tradita

1134 1489 1303 1522 observata
1322 1488 1584 1532 exprimerentur
1598 1493 1629 1521 et
1642 1489 1876 1527 insererentur,

1134 1542 1360 1585 praesentibus
1397 1552 1456 1585 pro
1493 1543 1589 1585 plene
1624 1548 1655 1575 et
1680 1542 1877 1575 sufficienter

1135 1595 1300 1639 expressis
1327 1601 1357 1628 et
1382 1595 1513 1628 insertis
1531 1596 1699 1637 liabenteS,
1718 1596 1782 1628 illis
1799 1595 1877 1628 alias

1135 1649 1166 1682 in
1200 1660 1258 1682 suo
1291 1649 1408 1682 robore
1445 1649 1678 1692 permansuris,
1710 1649 1748 1682 ad
1785 1659 1877 1692 prae-

1136 1703 1305 1736 missorum
1337 1701 1497 1743 effectum,
1522 1703 1582 1735 hac
1607 1702 1673 1736 viee
1704 1703 1875 1742 dumtaxat,

1135 1756 1321 1800 specialiter
1353 1762 1383 1789 et
1416 1766 1569 1799 expresse
1608 1757 1813 1799 derogamus,
1842 1766 1878 1789 ac

1179 1916 1194 1958 g
1227 1913 1258 1948 8.
1294 1915 1443 1947 volumus
1480 1920 1584 1947 autem
1618 1920 1653 1946 ut
1689 1914 1878 1947 earumdem

1135 1968 1358 2012 praesentium
1379 1968 1559 2001 litterarum
1580 1968 1802 2011 transumptis,
1820 1978 1876 2000 seu

1136 2021 1303 2064 exemplis,
1320 2021 1414 2054 etiam
1434 2020 1612 2064 impressis,
1628 2031 1723 2053 manu
1742 2021 1877 2054 alicuius

1136 2075 1254 2109 notarii
1292 2074 1413 2118 publici
1453 2074 1667 2118 subscriptis,
1704 2079 1735 2108 et
1769 2074 1877 2117 sigillo

1137 2139 1298 2172 personae
1324 2128 1356 2160 in
1382 2127 1538 2170 dignitate
1564 2128 1782 2161 ecclesiastica
1805 2138 1878 2161 con-

1136 2182 1266 2215 stitutae
1307 2181 1448 2221 munitis,
1474 2181 1588 2214 eadem
1627 2192 1759 2225 prorsus
1797 2180 1878 2214 sides

1136 2242 1198 2269 tam
1225 2236 1256 2269 in
1283 2235 1404 2269 iudicio
1430 2245 1524 2278 quam
1547 2240 1635 2267 extra
1656 2235 1734 2268 illud
1758 2234 1880 2267 habea-

1137 2296 1206 2330 tur,
1233 2299 1315 2333 quae
1340 2288 1522 2322 haberetur
1547 2288 1626 2332 ipsis
1651 2288 1878 2332 praesentibus

1137 2343 1161 2375 si
1189 2343 1294 2375 forent
1319 2341 1481 2374 exhibitae
1506 2342 1554 2374 vel
1582 2346 1744 2375 ostensae.

1183 2396 1295 2428 Datum
1321 2395 1454 2435 Romae,
1483 2395 1567 2438 apud
1603 2394 1634 2427 S.
1663 2394 1792 2427 Mariam
1818 2394 1879 2427 Ma-

1138 2448 1252 2489 iorem,
1290 2449 1350 2481 sub
1388 2449 1508 2481 annulo
1545 2448 1740 2489 Piscatoris,
1775 2448 1826 2480 die
1862 2458 1879 2479 v

1137 2503 1280 2536 octobris
1305 2511 1434 2543 unccix,
1461 2501 1670 2545 pontificatus
1697 2501 1797 2534 nostri
1824 2511 1879 2533 an-

1139 2566 1180 2589 no
1206 2566 1248 2589 ix.

1174 2619 1230 2646 liat.
1251 2619 1295 2647 die
1313 2620 1327 2647 ὖ
1344 2618 1462 2647 octobris
1484 2619 1557 2651 1709,
1579 2618 1678 2652 pontit.
1698 2625 1768 2644 auno
1789 2623 1824 2644 μ..

1771 207 1834 241 5363
1882 216 1929 242 An.
1948 215 1976 242 c.
1998 215 2068 243 1709

1929 1920 1991 1940 Fide<

1889 1951 2026 1974 sumptorum.

2016 1922 2073 1941 llfln=
