2269 3203
135 197 188 226 An.
206 197 235 224 C.
260 195 327 224 1716

330 251 413 287 sent,
437 257 495 291 pro
521 257 586 281 non
612 243 795 281 extantibus
829 250 859 279 et.
883 255 948 278 non
976 244 1067 277 t'actis

330 305 492 343 perpetuo
516 301 628 334 itidem
654 300 767 333 baberi
794 299 926 337 debere,
952 303 1067 330 tenore

330 353 551 395 praesentium
573 353 780 386 decernimus
798 357 829 385 et
848 352 1065 384 declaramus.

331 405 367 438 Et
392 406 618 446 nibilominus,
641 407 679 439 ad
705 405 974 438 abundantiorem
1001 414 1067 436 cau-

332 460 436 500 telam,
464 465 494 493 et
520 466 680 503 qnatenus
705 470 787 502 opus
808 458 860 498 sit,
880 458 934 491 illa
960 456 1068 490 omnia

331 517 362 546 et
381 513 520 556 singula,
534 519 636 553 motu,
655 512 801 551 scientia,
820 510 1067 550 deliberatione,

330 576 366 598 ac
391 566 566 609 potcstatis
592 564 797 608 plenitudine
823 564 964 607 paribus,
992 568 1070 595 tam-

331 630 427 662 quam
464 619 647 653 catholicae
682 618 780 658 fidei,
807 617 916 650 divino
942 616 1068 655 cultui,

330 672 509 705 animarum
535 672 643 711 saluti,
664 671 891 713 ecclesiaeque
912 670 1070 703 Osnabru-

330 725 439 768 gensis
465 725 591 758 iuribus
616 724 888 768 praeiudicialia,
914 728 946 756 ct
970 722 1070 755 sacris

330 779 555 812 sanctionibus
590 790 627 812 ac
652 778 843 822 apostolicis
868 775 1071 810 constitutio-

329 832 425 865 nibus
451 831 679 873 adversantia,
706 831 819 864 harum
845 830 930 863 serie
955 829 1071 872 impro-

330 884 454 925 bamus,
478 885 704 924 rescindimus,
723 884 923 922 damnamus,
942 892 1071 915 revoca-

330 949 411 977 mus,
441 949 629 980 cassamus,
656 938 838 977 irritamus,
866 937 1071 970 annullamus

332 997 364 1025 et
388 992 574 1033 abolemus,
600 991 791 1034 viribusque
818 996 849 1024 et
875 989 988 1023 effectu
1018 998 1073 1031 pe-

331 1045 418 1078 nitus
456 1050 488 1078 et
523 1045 656 1078 omnino
687 1054 879 1083 vacuamus,
905 1048 937 1076 et
961 1047 1072 1075 contra

332 1097 397 1137 illa,
425 1098 530 1141 deque
557 1108 671 1131 eorum
690 1097 849 1136 nullitate,
872 1106 980 1129 eoram
1005 1095 1072 1128 Deo

332 1156 575 1194 protestamini-3
601 1161 731 1184 necnon
752 1149 952 1191 praedictam
977 1148 1073 1181 Osna-

332 1203 531 1247 brugensem
558 1203 730 1237 ecclesiam
766 1209 801 1235 ut
836 1203 926 1246 prius
962 1211 1073 1234 vacan-

335 1262 398 1290 tem
425 1257 628 1290 declaramus
653 1256 778 1299 pariter
806 1265 842 1287 ac
877 1254 1073 1298 pronuncia-

333 1320 414 1349 mus,
432 1315 462 1342 et
487 1320 547 1353 pro
572 1309 699 1342 vacanti
725 1309 764 1341 ab
790 1308 941 1341 omnibus
959 1306 1072 1340 haberi

333 1363 481 1396 volumus
506 1367 538 1396 et
560 1362 762 1395 mandamus.

152 1424 324 1455 tniixnaiiurnun-
379 1417 393 1460 ξ
417 1416 450 1450 3.
476 1416 648 1449 Praeterea
672 1415 851 1448 venerabili
884 1414 973 1447 fratri
999 1414 1074 1447 Ilie-

136 1455 469 1514 .11“ι”ε1ἶῖῗιῖῗέι”ἷῗι-“10111310
495 1469 746 1513 archiepiscopo
772 1469 933 1508 Tarsensi‚
959 1474 1073 1501 nostro

138 1506 226 1527 nouit-os
257 1512 325 1527 iucur-

138 1538 191 1553 nsso
212 1534 231 1553 m
252 1524 476 1557 c011<aetliuius
493 1524 629 1558 Sanctae
644 1523 734 1557 Sedis
753 1524 792 1557 ad
812 1528 947 1556 tractum
966 1522 1072 1555 Rheni

139 1565 174 1579 ras
189 1561 210 1579 et
233 1565 311 1585 poenas
322 1576 326 1584 ‚

139 1585 166 1605 at·
190 1586 265 1611 hisque
288 1583 369 1612 ati-et
392 1583 500 1622 partes
524 1577 689 1611 inferioris
720 1576 912 1610 Germaniae
938 1575 1071 1615 nuncio,

139 1612 234 1632 solvendi
262 1619 325 1638 super

152 1638 309 1669 *reanimatus
336 1632 525 1665 earumdem
550 1636 662 1664 tenore
684 1630 908 1673 praesentium
929 1629 1074 1672 iniungi-

140 1664 287 1691 disponunt-ti.
306 1669 326 1686 et

139 1691 251 1739 ffiifanniffia
263 1693 419 1740 5:133113mus‚
440 1689 476 1716 ut
500 1683 676 1727 praedictis
690 1683 831 1726 capitulo
857 1689 889 1715 et
908 1682 1074 1715 canonicis

141 1746 317 1767 uscuncednur.
335 1737 597 1780 Osnabrugensis
644 1736 802 1769 ecclesiae
845 1736 1075 1768 incunctanter

336 1791 530 1830 denunciet,
556 1801 612 1823 eos
638 1795 772 1833 propter
796 1789 974 1832 praemissa
999 1788 1076 1821 inci-

335 1844 422 1877 disse
458 1844 491 1877 in
528 1853 681 1876 censuras
718 1848 750 1876 et
785 1853 908 1886 poenas
933 1853 950 1874 a
974 1842 1075 1874 sacris

335 1897 517 1930 canonibus
535 1901 567 1929 et
580 1896 768 1939 apostolicis
787 1894 1075 1928 constitutionibus

335 1955 447 1983 contra
471 1949 549 1982 talia
572 1953 803 1992 perpetrantes
820 1948 965 1987 inflictas,
988 1947 1075 1980 illos-

335 2013 398 2046 que
420 2007 596 2045 propterea
617 2002 701 2034 serio
720 2006 849 2034 moneat
870 2006 902 2032 ut
920 2000 1074 2043 propriae

335 2055 553 2088 conscientiae
568 2054 731 2088 securitati
747 2053 987 2097 quamprimum
1004 2063 1075 2085 con-

335 2109 455 2142 sulant.
475 2108 566 2146 Quod
592 2108 723 2151 quidem
741 2108 766 2140 si
785 2107 929 2146 fecerint,
951 2116 1074 2149 suoque

335 2162 445 2205 agnito
466 2172 609 2201 excessu,
625 2171 717 2193 verae
740 2160 962 2203 poenitentiae
984 2160 1076 2201 signa

334 2214 556 2256 ostenderint,
586 2224 664 2254 nos,
693 2214 778 2246 iuxta
804 2213 950 2246 eiusdem
982 2213 1074 2245 Sedis

335 2278 459 2301 morem
485 2278 566 2311 quae
584 2273 748 2310 tamquam
766 2266 819 2310 pia
843 2271 947 2299 mater
968 2275 1076 2299 recur-

336 2321 483 2353 rentibus
518 2325 592 2364 post
626 2320 752 2363 lapsum
788 2330 859 2352 cum
890 2318 1074 2352 humilitate

337 2371 411 2404 siliis
430 2383 463 2405 se
483 2373 657 2416 propitiam
678 2369 834 2405 exhibere
859 2373 943 2405 solet
968 2377 1000 2404 et
1019 2372 1076 2404 be-

337 2424 477 2466 nignam,
504 2426 611 2459 eidem
636 2427 833 2469 Hieronymo
859 2425 1077 2468 archiepisco—

338 2487 381 2520 po
406 2482 438 2510 et
461 2479 579 2511 nuncio
598 2490 657 2522 per
670 2480 757 2523 ipsas
778 2484 967 2522 praesentes
984 2489 1073 2512 com-

339 2530 497 2563 mittimus
522 2536 555 2563 et
577 2533 775 2573 mandamus,
793 2538 829 2565 ut
853 2543 1075 2576 quoscumque

340 2593 377 2617 ex
402 2583 487 2625 illis,
514 2584 569 2627 qui
595 2585 708 2618 eadem
733 2586 913 2629 praemissa
937 2595 1076 2628 perege-

948 195 1088 220 CLEMENS
1114 195 1147 219 Χῖ
1171 196 1220 219 Pr.

1748 189 1810 206 '‘l'-

1753 199 1807 222 ml
1857 197 1907 223 An.
1929 197 1956 223 C.
1976 196 2042 224 171ss

1111 250 1195 284 runt,
1220 254 1275 278 sen
1297 245 1376 279 alifis
1402 246 1434 278 in
1456 245 1501 279 eis
1523 247 1639 289 quovis
1666 247 1763 279 modo
1782 248 1849 280 eul-

1111 298 1235 341 pabiles
1263 300 1407 338 bierunt,
1435 299 1473 331 ad
1499 310 1533 331 se
1559 306 1788 338 recurrentes,
1814 311 1849 332 ac

1112 351 1150 383 dc
1182 351 1367 394 praemissis
1398 351 1583 385 huiusmodi
1622 353 1794 391 dolentes,
1824 353 1848 384 si

1112 404 1174 436 lioc
1199 404 1238 437 ab
1264 405 1320 437 illo
1346 405 1512 438 humiliter
1537 405 1700 448 petierint,
1720 410 1751 437 et
1771 406 1850 437 sacta

1112 458 1201 501 prius
1237 469 1298 501 per
1328 470 1383 491 eos
1409 459 1626 492 declaratione
1665 459 1749 501 quod
1790 459 1849 501 ipsi

1112 512 1340 554 praesentibus
1365 512 1482 545 litteris
1509 523 1545 545 ae
1571 512 1722 545 omnibus
1741 517 1773 544 et
1790 512 1851 543 sin-

1112 564 1215 606 gulis,
1242 575 1322 608 quae
1348 565 1379 597 in
1407 565 1470 598 illis
1496 565 1714 604 continentur,
1741 565 1848 608 plena,

1113 617 1240 651 sincera
1267 629 1302 650 ac
1329 618 1436 651 debita
1462 618 1647 651 obedientia
1682 619 1714 650 in
1747 619 1851 651 omni-

1112 671 1174 703 bus
1201 676 1232 703 et
1257 682 1317 714 per
1343 671 1451 703 onmia
1476 682 1510 703 se
1533 671 1743 710 submittunt,
1770 681 1849 704 nec-

1114 734 1178 756 non
1205 725 1288 757 sacta
1315 725 1426 758 itidem
1452 725 1668 769 promissione
1700 725 1786 768 quod
1820 724 1853 756 in

1115 777 1255 810 futurum
1270 788 1287 810 a
1301 777 1462 811 similibus
1477 778 1699 818 abstinebunt,
1714 784 1753 818 et,
1766 777 1855 822 quid-

1115 830 1192 873 quid
1219 831 1265 863 eis
1290 831 1426 864 ulterius
1461 820 1702 875 praescriptum
1729 835 1781 864 aul
1806 831 1854 863 in-

1114 883 1259 916 iunctum
1286 884 1393 924 l'nerit,
1420 885 1608 928 priusquam
1629 879 1863 927 infrascriptae?

1115 936 1327 969 absolutionis
1353 937 1545 970 beneficium
1573 938 1766 976 obtineant,
1799 937 1855 969 ob—

1115 990 1289 1023 servabunt
1316 996 1347 1024 ct
1364 991 1599 1034 adimplebunt,
1620 1003 1635 1024 a
1659 991 1803 1023 censuris
1824 998 1855 1022 el,

1116 1044 1231 1086 poenis
1266 1044 1495 1077 ecclesiasticis
1521 1045 1747 1087 quibuslibet,
1775 1054 1853 1087 quas

1116 1103 1251 1140 propter
1276 1098 1388 1130 eadem
1414 1099 1592 1141 praemissa
1618 1098 1731 1140 quoi-is
1757 1098 1854 1131 modo

1116 1149 1333 1190 incurrerunt,
1352 1161 1407 1183 scu
1428 1151 1599 1183 incurrisse
1618 1151 1691 1187 diei,
1714 1151 1852 1189 censeri,

1116 1204 1164 1236 vel
1190 1203 1361 1246 praetendi
1388 1209 1541 1246 possent,
1568 1203 1712 1235 iniuncta
1738 1203 1856 1246 cuique

1117 1266 1176 1298 pro
1202 1257 1299 1290 modo
1326 1259 1441 1300 culpae
1468 1257 1671 1300 poenitentia
1697 1257 1828 1289 salutari
1847 1283 1854 1296 ,

1117 1314 1150 1341 et
1174 1309 1258 1350 aliis,
1280 1319 1361 1352 quae
1389 1311 1427 1342 de
1446 1310 1516 1342 iure
1544 1310 1662 1343 suerint
1684 1310 1857 1352 iniungen-

1117 1363 1165 1402 da,
1193 1362 1343 1395 similiter
1367 1363 1538 1402 iniunctis,
1566 1363 1596 1395 in
1623 1369 1760 1406 utroque
1787 1363 1856 1395 soro

1117 1416 1306 1449 auctoritate
1344 1418 1453 1449 nostra
1484 1416 1664 1459 apostolica
1697 1416 1727 1447 in
1755 1417 1857 1448 fornia

1117 1470 1282 1503 Ecclesiae
1308 1472 1461 1503 consueta
1486 1470 1635 1501 absolvat
1656 1462 1685 1501 et
1714 1469 1858 1501 totaliter

1119 1523 1245 1563 liberet,
1273 1523 1441 1566 dictasque
1467 1533 1590 1565 poenas
1616 1522 1661 1554 eis
1690 1527 1720 1554 et
1745 1532 1857 1554 eorum

1118 1576 1249 1609 cuilibet
1274 1577 1412 1619 gratiose
1438 1576 1584 1608 remittat
1613 1580 1644 1608 et
1669 1575 1855 1613 condonet,

1118 1640 1154 1662 ac
1180 1640 1251 1662 cum
1285 1629 1350 1662 illis
1389 1640 1487 1672 super
1523 1627 1763 1671 irregularitate
1800 1639 1859 1671 per

1118 1694 1185 1722 eos,
1211 1682 1274 1726 qui,
1297 1694 1314 1715 a
1339 1683 1485 1715 censuris
1513 1682 1699 1715 huiusmodi
1725 1688 1859 1725 propter

1118 1737 1295 1779 praemissa
1314 1737 1471 1777 innodati,
1486 1736 1600 1769 missas
1622 1741 1653 1768 et
1671 1735 1733 1768 alia
1751 1735 1859 1768 divina

1119 1789 1226 1823 officia
1252 1791 1331 1831 (non
1357 1795 1465 1822 tamen
1491 1789 1523 1821 in
1549 1794 1773 1832 contemptum
1791 1789 1858 1821 ela-

1119 1844 1218 1886 vinm)
1245 1843 1353 1876 forsan
1380 1844 1607 1881 celebrarunt,
1634 1853 1687 1874 scu
1725 1842 1803 1874 alias
1825 1842 1858 1873 in

1119 1896 1185 1928 suis
1207 1896 1377 1929 ordinibus
1396 1896 1633 1933 ministrarunt,
1654 1893 1859 1937 quomodoli—

1118 1948 1172 1981 bet
1192 1949 1368 1987 contracta,
1390 1947 1426 1979 ad
1446 1957 1684 1989 quemcumque
1707 1945 1858 1978 effectum

1119 2001 1150 2033 in
1170 2006 1307 2044 utroque
1326 2000 1446 2044 pariter
1466 2000 1533 2032 soro
1554 2000 1737 2042 ‹lispcnset3
1757 2000 1859 2042 ipsos-

1119 2065 1180 2097 que
1213 2060 1244 2086 et
1276 2064 1388 2086 eorum
1426 2053 1609 2096 quemlibet
1647 2054 1686 2085 ad
1721 2053 1858 2092 samam,

1119 2108 1254 2149 gradus,
1281 2107 1463 2149 dignitates,
1490 2117 1616 2139 necnon
1643 2105 1803 2138 beneficia
1829 2111 1860 2138 et

1118 2161 1223 2194 osticia
1250 2160 1470 2193 ecclesiastica
1496 2170 1737 2203 quaecumque,
1770 2164 1857 2192 eete-

1118 2214 1212 2257 roqui
1240 2219 1347 2246 tamen
1374 2213 1527 2246 0311011100
1549 2223 1609 2255 pei·
1633 2223 1688 2245 eos
1714 2213 1857 2249 obtenta,

1119 2277 1154 2299 ac
1180 2267 1259 2299 alias
1285 2267 1317 2298 in
1344 2266 1518 2309 pristinum
1545 2271 1576 2298 et
1605 2276 1702 2306 euin,
1734 2266 1765 2297 in
1796 2276 1859 2308 quo

1118 2325 1213 2353 antea
1239 2319 1490 2363 quomodolibet
1515 2324 1623 2358 erant,
1656 2324 1773 2351 statum
1804 2319 1858 2350 ad-

1118 2384 1230 2406 versus
1254 2373 1367 2406 eadem
1388 2373 1566 2416 praemissa
1587 2373 1789 2409 reliabilitet,
1811 2383 1861 2405 ren

1119 2428 1240 2465 stituat,
1268 2431 1407 2469 reponat
1432 2431 1463 2458 et
1488 2426 1637 2468 plenarie
1661 2426 1857 2467 reintegret:

1118 2490 1177 2512 nos
1205 2479 1291 2512 enim
1317 2489 1555 2522 quamcumque
1581 2478 1797 2511 necessariam
1825 2483 1856 2509 et

1118 2538 1333 2575 opportunam
1361 2533 1399 2564 ad
1425 2531 1505 2563 liaeo
1532 2531 1733 2567 facultatem,
1762 2540 1857 2573 quam

1119 2585 1215 2617 etiam
1243 2584 1326 2623 aliis,
1354 2589 1453 2628 prout
1478 2584 1538 2615 sibi
1566 2588 1787 2625 01111011111111111
1817 2583 1856 2614 vi-
