<?xml version="1.0" encoding="UTF-8"?>
<!DOCTYPE html PUBLIC "-//W3C//DTD XHTML 1.0 Transitional//EN"
    "http://www.w3.org/TR/xhtml1/DTD/xhtml1-transitional.dtd">
<html xmlns="http://www.w3.org/1999/xhtml" xml:lang="en" lang="en">
 <head>
  <title>
</title>
<meta http-equiv="Content-Type" content="text/html;charset=utf-8" />
  <meta name='ocr-system' content='tesseract 3.04.00' />
  <meta name='ocr-capabilities' content='ocr_page ocr_carea ocr_par ocr_line ocrx_word'/>
</head>
<body>
  <div class='ocr_page' id='page_1' title='image "./bullarumdiplomat21cath_0669.png"; bbox 0 0 2269 3203; ppageno 0'>
   <div class='ocr_carea' id='block_1_1' title="bbox 81 202 264 232">
    <p class='ocr_par' dir='ltr' id='par_1_1' title="bbox 81 202 264 232">
     <span class='ocr_line' id='line_1_1' title="bbox 81 202 264 232; baseline 0 -1"><span class='ocrx_word' id='word_1_1' title='bbox 81 204 129 231; x_wconf 75' lang='lat' dir='ltr'>An.</span> <span class='ocrx_word' id='word_1_2' title='bbox 145 202 173 232; x_wconf 89' lang='lat' dir='ltr'>C.</span> <span class='ocrx_word' id='word_1_3' title='bbox 195 203 264 231; x_wconf 75' lang='lat'>1713</span> 
     </span>
    </p>
   </div>
   <div class='ocr_carea' id='block_1_2' title="bbox 892 203 1164 228">
    <p class='ocr_par' dir='ltr' id='par_1_2' title="bbox 892 203 1164 228">
     <span class='ocr_line' id='line_1_2' title="bbox 892 203 1164 228; baseline 0 -1"><span class='ocrx_word' id='word_1_4' title='bbox 892 203 1033 228; x_wconf 73' lang='lat' dir='ltr'>CLEMENS</span> <span class='ocrx_word' id='word_1_5' title='bbox 1060 203 1091 227; x_wconf 68' lang='lat' dir='ltr'>X!</span> <span class='ocrx_word' id='word_1_6' title='bbox 1117 203 1164 227; x_wconf 71' lang='grc' dir='ltr'>ΡΡ.</span> 
     </span>
    </p>
   </div>
   <div class='ocr_carea' id='block_1_3' title="bbox 270 252 1012 1652">
    <p class='ocr_par' dir='ltr' id='par_1_3' title="bbox 274 252 1011 340">
     <span class='ocr_line' id='line_1_3' title="bbox 274 252 1011 292; baseline -0.001 -10"><span class='ocrx_word' id='word_1_7' title='bbox 274 260 320 282; x_wconf 89' lang='lat' dir='ltr'>res</span> <span class='ocrx_word' id='word_1_8' title='bbox 342 252 377 282; x_wconf 81' lang='lat' dir='ltr'>de</span> <span class='ocrx_word' id='word_1_9' title='bbox 399 261 554 290; x_wconf 86' lang='lat' dir='ltr'>consensu,</span> <span class='ocrx_word' id='word_1_10' title='bbox 577 252 679 283; x_wconf 87' lang='lat' dir='ltr'>saltem</span> <span class='ocrx_word' id='word_1_11' title='bbox 703 255 898 292; x_wconf 82' lang='lat' dir='ltr'>praesumpto,</span> <span class='ocrx_word' id='word_1_12' title='bbox 924 252 1011 282; x_wconf 87' lang='lat' dir='ltr'>totius</span> 
     </span>
     <span class='ocr_line' id='line_1_4' title="bbox 274 300 418 340; baseline 0 -9"><span class='ocrx_word' id='word_1_13' title='bbox 274 300 418 340; x_wconf 80' lang='lat' dir='ltr'>corporis.</span> 
     </span>
    </p>

    <p class='ocr_par' dir='ltr' id='par_1_4' title="bbox 272 349 1012 671">
     <span class='ocr_line' id='line_1_5' title="bbox 321 349 1012 380; baseline -0.001 -1"><span class='ocrx_word' id='word_1_14' title='bbox 321 358 378 379; x_wconf 79' lang='lat' dir='ltr'>xci.</span> <span class='ocrx_word' id='word_1_15' title='bbox 410 349 727 380; x_wconf 78' lang='lat' dir='ltr'>Excommunicatiouis</span> <span class='ocrx_word' id='word_1_16' title='bbox 763 349 888 379; x_wconf 87' lang='lat' dir='ltr'>iniustae</span> <span class='ocrx_word' id='word_1_17' title='bbox 917 353 1012 378; x_wconf 88' lang='lat' dir='ltr'>metus</span> 
     </span>
     <span class='ocr_line' id='line_1_6' title="bbox 275 397 1011 438; baseline -0.001 -10"><span class='ocrx_word' id='word_1_18' title='bbox 275 407 424 438; x_wconf 89' lang='lat' dir='ltr'>nunquam</span> <span class='ocrx_word' id='word_1_19' title='bbox 447 398 530 428; x_wconf 86' lang='lat' dir='ltr'>debet</span> <span class='ocrx_word' id='word_1_20' title='bbox 554 408 606 428; x_wconf 89' lang='lat' dir='ltr'>nos</span> <span class='ocrx_word' id='word_1_21' title='bbox 629 398 771 438; x_wconf 86' lang='lat' dir='ltr'>impedire</span> <span class='ocrx_word' id='word_1_22' title='bbox 803 397 839 427; x_wconf 87' lang='lat' dir='ltr'>ab</span> <span class='ocrx_word' id='word_1_23' title='bbox 861 397 1011 437; x_wconf 87' lang='lat' dir='ltr'>implendo</span> 
     </span>
     <span class='ocr_line' id='line_1_7' title="bbox 273 446 1010 486; baseline -0.001 -10"><span class='ocrx_word' id='word_1_24' title='bbox 273 446 370 477; x_wconf 86' lang='lat' dir='ltr'>debito</span> <span class='ocrx_word' id='word_1_25' title='bbox 386 452 505 477; x_wconf 88' lang='lat' dir='ltr'>nostro:</span> <span class='ocrx_word' id='word_1_26' title='bbox 524 456 672 486; x_wconf 90' lang='lat' dir='ltr'>nunquam</span> <span class='ocrx_word' id='word_1_27' title='bbox 689 446 803 476; x_wconf 85' lang='lat' dir='ltr'>eximus</span> <span class='ocrx_word' id='word_1_28' title='bbox 815 446 850 476; x_wconf 93' lang='lat' dir='ltr'>ab</span> <span class='ocrx_word' id='word_1_29' title='bbox 868 446 1010 482; x_wconf 70' lang='lat' dir='ltr'>Ecclesia,</span> 
     </span>
     <span class='ocr_line' id='line_1_8' title="bbox 273 495 1011 534; baseline 0 -10"><span class='ocrx_word' id='word_1_30' title='bbox 273 495 362 525; x_wconf 90' lang='lat' dir='ltr'>etiam</span> <span class='ocrx_word' id='word_1_31' title='bbox 393 495 510 534; x_wconf 85' lang='lat' dir='ltr'>quando</span> <span class='ocrx_word' id='word_1_32' title='bbox 540 496 689 525; x_wconf 87' lang='lat' dir='ltr'>hominum</span> <span class='ocrx_word' id='word_1_33' title='bbox 718 495 850 534; x_wconf 76' lang='lat' dir='ltr'>nequitia</span> <span class='ocrx_word' id='word_1_34' title='bbox 878 495 1011 525; x_wconf 86' lang='lat' dir='ltr'>videmur</span> 
     </span>
     <span class='ocr_line' id='line_1_9' title="bbox 272 543 1010 584; baseline 0 -11"><span class='ocrx_word' id='word_1_35' title='bbox 272 544 308 573; x_wconf 86' lang='lat' dir='ltr'>ab</span> <span class='ocrx_word' id='word_1_36' title='bbox 339 546 375 574; x_wconf 66' lang='lat' dir='ltr'>ea</span> <span class='ocrx_word' id='word_1_37' title='bbox 396 545 521 584; x_wconf 77' lang='lat' dir='ltr'>expulsi,</span> <span class='ocrx_word' id='word_1_38' title='bbox 545 544 661 583; x_wconf 83' lang='lat' dir='ltr'>quando</span> <span class='ocrx_word' id='word_1_39' title='bbox 690 544 758 580; x_wconf 83' lang='lat' dir='ltr'>Deo,</span> <span class='ocrx_word' id='word_1_40' title='bbox 790 543 854 573; x_wconf 89' lang='lat' dir='ltr'>lesu</span> <span class='ocrx_word' id='word_1_41' title='bbox 884 544 1010 579; x_wconf 85' lang='lat' dir='ltr'>Christo,</span> 
     </span>
     <span class='ocr_line' id='line_1_10' title="bbox 272 592 1010 632; baseline -0.001 -10"><span class='ocrx_word' id='word_1_42' title='bbox 272 597 358 632; x_wconf 86' lang='lat' dir='ltr'>atque</span> <span class='ocrx_word' id='word_1_43' title='bbox 380 593 435 632; x_wconf 80' lang='lat' dir='ltr'>ipsi</span> <span class='ocrx_word' id='word_1_44' title='bbox 466 593 609 623; x_wconf 77' lang='lat' dir='ltr'>Ecclesiae</span> <span class='ocrx_word' id='word_1_45' title='bbox 642 602 693 631; x_wconf 88' lang='lat' dir='ltr'>per</span> <span class='ocrx_word' id='word_1_46' title='bbox 726 592 899 622; x_wconf 78' lang='lat' dir='ltr'>charitatem</span> <span class='ocrx_word' id='word_1_47' title='bbox 932 592 1010 622; x_wconf 79' lang='lat' dir='ltr'>aslixi</span> 
     </span>
     <span class='ocr_line' id='line_1_11' title="bbox 272 650 384 671; baseline 0 -1"><span class='ocrx_word' id='word_1_48' title='bbox 272 650 384 671; x_wconf 84' lang='lat' dir='ltr'>sumus.</span> 
     </span>
    </p>

    <p class='ocr_par' dir='ltr' id='par_1_5' title="bbox 270 689 1012 922">
     <span class='ocr_line' id='line_1_12' title="bbox 312 689 1012 729; baseline 0 -10"><span class='ocrx_word' id='word_1_49' title='bbox 312 698 380 719; x_wconf 81' lang='lat' dir='ltr'>xcn.</span> <span class='ocrx_word' id='word_1_50' title='bbox 405 689 468 720; x_wconf 86' lang='lat' dir='ltr'>Pati</span> <span class='ocrx_word' id='word_1_51' title='bbox 490 689 585 729; x_wconf 83' lang='lat' dir='ltr'>potius</span> <span class='ocrx_word' id='word_1_52' title='bbox 614 689 641 719; x_wconf 91' lang='lat' dir='ltr'>in</span> <span class='ocrx_word' id='word_1_53' title='bbox 673 698 743 729; x_wconf 83' lang='lat' dir='ltr'>pace</span> <span class='ocrx_word' id='word_1_54' title='bbox 777 689 1012 719; x_wconf 82' lang='lat' dir='ltr'>excommunica-</span> 
     </span>
     <span class='ocr_line' id='line_1_13' title="bbox 273 738 1011 778; baseline 0 -10"><span class='ocrx_word' id='word_1_55' title='bbox 273 738 382 768; x_wconf 87' lang='lat' dir='ltr'>tionem</span> <span class='ocrx_word' id='word_1_56' title='bbox 405 743 434 769; x_wconf 86' lang='lat' dir='ltr'>et</span> <span class='ocrx_word' id='word_1_57' title='bbox 461 739 615 768; x_wconf 87' lang='lat' dir='ltr'>anathema</span> <span class='ocrx_word' id='word_1_58' title='bbox 644 738 806 776; x_wconf 86' lang='lat' dir='ltr'>iniustum,</span> <span class='ocrx_word' id='word_1_59' title='bbox 836 747 923 778; x_wconf 87' lang='lat' dir='ltr'>quam</span> <span class='ocrx_word' id='word_1_60' title='bbox 946 748 1011 778; x_wconf 88' lang='lat' dir='ltr'>pro-</span> 
     </span>
     <span class='ocr_line' id='line_1_14' title="bbox 271 786 1008 826; baseline 0 -10"><span class='ocrx_word' id='word_1_61' title='bbox 271 786 340 817; x_wconf 85' lang='lat' dir='ltr'>dere</span> <span class='ocrx_word' id='word_1_62' title='bbox 356 788 518 826; x_wconf 83' lang='lat' dir='ltr'>veritatem,</span> <span class='ocrx_word' id='word_1_63' title='bbox 535 793 578 817; x_wconf 87' lang='lat' dir='ltr'>est</span> <span class='ocrx_word' id='word_1_64' title='bbox 595 787 705 817; x_wconf 88' lang='lat' dir='ltr'>imitari</span> <span class='ocrx_word' id='word_1_65' title='bbox 721 791 855 817; x_wconf 87' lang='lat' dir='ltr'>sanctum</span> <span class='ocrx_word' id='word_1_66' title='bbox 875 787 1008 821; x_wconf 82' lang='lat' dir='ltr'>Paulum,</span> 
     </span>
     <span class='ocr_line' id='line_1_15' title="bbox 272 836 1011 874; baseline -0.001 -8"><span class='ocrx_word' id='word_1_67' title='bbox 272 840 383 866; x_wconf 87' lang='lat' dir='ltr'>tantum</span> <span class='ocrx_word' id='word_1_68' title='bbox 406 836 487 866; x_wconf 88' lang='lat' dir='ltr'>abest</span> <span class='ocrx_word' id='word_1_69' title='bbox 509 841 539 866; x_wconf 92' lang='lat' dir='ltr'>ut</span> <span class='ocrx_word' id='word_1_70' title='bbox 569 836 606 866; x_wconf 84' lang='lat' dir='ltr'>sit</span> <span class='ocrx_word' id='word_1_71' title='bbox 634 836 745 874; x_wconf 86' lang='lat' dir='ltr'>erigere</span> <span class='ocrx_word' id='word_1_72' title='bbox 773 845 803 865; x_wconf 91' lang='lat' dir='ltr'>se</span> <span class='ocrx_word' id='word_1_73' title='bbox 832 839 933 865; x_wconf 85' lang='lat' dir='ltr'>contra</span> <span class='ocrx_word' id='word_1_74' title='bbox 963 845 1011 865; x_wconf 88' lang='lat' dir='ltr'>au-</span> 
     </span>
     <span class='ocr_line' id='line_1_16' title="bbox 270 884 849 922; baseline 0 -8"><span class='ocrx_word' id='word_1_75' title='bbox 270 885 446 922; x_wconf 80' lang='lat' dir='ltr'>ctoritatem,</span> <span class='ocrx_word' id='word_1_76' title='bbox 469 888 519 914; x_wconf 87' lang='lat' dir='ltr'>aut</span> <span class='ocrx_word' id='word_1_77' title='bbox 541 884 674 914; x_wconf 82' lang='lat' dir='ltr'>scindere</span> <span class='ocrx_word' id='word_1_78' title='bbox 696 884 849 914; x_wconf 82' lang='lat' dir='ltr'>unitatem.</span> 
     </span>
    </p>

    <p class='ocr_par' dir='ltr' id='par_1_6' title="bbox 271 933 1011 1118">
     <span class='ocr_line' id='line_1_17' title="bbox 310 933 1010 972; baseline -0.001 -9"><span class='ocrx_word' id='word_1_79' title='bbox 310 941 390 963; x_wconf 64' lang='grc' dir='ltr'>κοίη.</span> <span class='ocrx_word' id='word_1_80' title='bbox 414 933 494 963; x_wconf 92' lang='lat' dir='ltr'>lesus</span> <span class='ocrx_word' id='word_1_81' title='bbox 507 933 680 972; x_wconf 73' lang='lat' dir='ltr'>quandoque</span> <span class='ocrx_word' id='word_1_82' title='bbox 694 937 775 962; x_wconf 85' lang='lat' dir='ltr'>sanat</span> <span class='ocrx_word' id='word_1_83' title='bbox 788 933 919 970; x_wconf 67' lang='lat' dir='ltr'>vulnera,</span> <span class='ocrx_word' id='word_1_84' title='bbox 937 941 1010 972; x_wconf 89' lang='lat' dir='ltr'>quae</span> 
     </span>
     <span class='ocr_line' id='line_1_18' title="bbox 271 981 1011 1021; baseline 0 -10"><span class='ocrx_word' id='word_1_85' title='bbox 271 991 409 1021; x_wconf 83' lang='lat' dir='ltr'>praeceps</span> <span class='ocrx_word' id='word_1_86' title='bbox 431 982 592 1021; x_wconf 89' lang='lat' dir='ltr'>primorum</span> <span class='ocrx_word' id='word_1_87' title='bbox 617 985 767 1020; x_wconf 85' lang='lat' dir='ltr'>pastorum</span> <span class='ocrx_word' id='word_1_88' title='bbox 799 981 944 1011; x_wconf 78' lang='lat' dir='ltr'>festinatio</span> <span class='ocrx_word' id='word_1_89' title='bbox 968 981 1011 1011; x_wconf 89' lang='lat' dir='ltr'>in-</span> 
     </span>
     <span class='ocr_line' id='line_1_19' title="bbox 271 1030 1009 1069; baseline -0.001 -9"><span class='ocrx_word' id='word_1_90' title='bbox 271 1030 345 1068; x_wconf 73' lang='lat' dir='ltr'>fligit</span> <span class='ocrx_word' id='word_1_91' title='bbox 366 1031 429 1060; x_wconf 90' lang='lat' dir='ltr'>sine</span> <span class='ocrx_word' id='word_1_92' title='bbox 452 1031 543 1069; x_wconf 89' lang='lat' dir='ltr'>ipsius</span> <span class='ocrx_word' id='word_1_93' title='bbox 568 1030 720 1060; x_wconf 87' lang='lat' dir='ltr'>mandato:</span> <span class='ocrx_word' id='word_1_94' title='bbox 752 1030 831 1059; x_wconf 90' lang='lat' dir='ltr'>lesus</span> <span class='ocrx_word' id='word_1_95' title='bbox 861 1030 1009 1066; x_wconf 76' lang='lat' dir='ltr'>restituit,</span> 
     </span>
     <span class='ocr_line' id='line_1_20' title="bbox 271 1078 955 1118; baseline -0.003 -10"><span class='ocrx_word' id='word_1_96' title='bbox 271 1079 348 1117; x_wconf 91' lang='lat' dir='ltr'>quod</span> <span class='ocrx_word' id='word_1_97' title='bbox 371 1079 425 1118; x_wconf 90' lang='lat' dir='ltr'>ipsi</span> <span class='ocrx_word' id='word_1_98' title='bbox 447 1078 663 1108; x_wconf 82' lang='lat' dir='ltr'>inconsiderato</span> <span class='ocrx_word' id='word_1_99' title='bbox 686 1079 747 1108; x_wconf 87' lang='lat' dir='ltr'>zelo</span> <span class='ocrx_word' id='word_1_100' title='bbox 770 1078 955 1108; x_wconf 87' lang='lat' dir='ltr'>rescindunt.</span> 
     </span>
    </p>

    <p class='ocr_par' dir='ltr' id='par_1_7' title="bbox 270 1127 1010 1351">
     <span class='ocr_line' id='line_1_21' title="bbox 312 1127 1010 1166; baseline 0 -10"><span class='ocrx_word' id='word_1_101' title='bbox 312 1135 388 1157; x_wconf 84' lang='lat' dir='ltr'>xciv.</span> <span class='ocrx_word' id='word_1_102' title='bbox 412 1127 489 1157; x_wconf 73' lang='lat' dir='ltr'>Nihil</span> <span class='ocrx_word' id='word_1_103' title='bbox 514 1128 643 1166; x_wconf 84' lang='lat' dir='ltr'>peiorem</span> <span class='ocrx_word' id='word_1_104' title='bbox 672 1127 708 1157; x_wconf 83' lang='lat' dir='ltr'>de</span> <span class='ocrx_word' id='word_1_105' title='bbox 739 1127 867 1157; x_wconf 65' lang='lat' dir='ltr'>Ecclesia</span> <span class='ocrx_word' id='word_1_106' title='bbox 897 1127 1010 1165; x_wconf 86' lang='lat' dir='ltr'>opinio-</span> 
     </span>
     <span class='ocr_line' id='line_1_22' title="bbox 272 1175 1010 1214; baseline -0.001 -9"><span class='ocrx_word' id='word_1_107' title='bbox 272 1185 337 1205; x_wconf 87' lang='lat' dir='ltr'>nem</span> <span class='ocrx_word' id='word_1_108' title='bbox 360 1176 468 1213; x_wconf 82' lang='lat' dir='ltr'>ingerit</span> <span class='ocrx_word' id='word_1_109' title='bbox 490 1176 554 1206; x_wconf 85' lang='lat' dir='ltr'>eius</span> <span class='ocrx_word' id='word_1_110' title='bbox 576 1176 717 1213; x_wconf 79' lang='lat' dir='ltr'>inimicis,</span> <span class='ocrx_word' id='word_1_111' title='bbox 742 1184 830 1214; x_wconf 90' lang='lat' dir='ltr'>quam</span> <span class='ocrx_word' id='word_1_112' title='bbox 855 1175 953 1205; x_wconf 84' lang='lat' dir='ltr'>videre</span> <span class='ocrx_word' id='word_1_113' title='bbox 976 1175 1010 1204; x_wconf 91' lang='lat' dir='ltr'>il-</span> 
     </span>
     <span class='ocr_line' id='line_1_23' title="bbox 271 1224 1010 1263; baseline 0 -10"><span class='ocrx_word' id='word_1_114' title='bbox 271 1224 310 1253; x_wconf 90' lang='lat' dir='ltr'>lic</span> <span class='ocrx_word' id='word_1_115' title='bbox 334 1224 515 1254; x_wconf 80' lang='lat' dir='ltr'>dominatum</span> <span class='ocrx_word' id='word_1_116' title='bbox 548 1225 679 1254; x_wconf 78' lang='lat' dir='ltr'>exerceri</span> <span class='ocrx_word' id='word_1_117' title='bbox 708 1233 794 1263; x_wconf 86' lang='lat' dir='ltr'>supra</span> <span class='ocrx_word' id='word_1_118' title='bbox 824 1224 910 1254; x_wconf 84' lang='lat' dir='ltr'>fidem</span> <span class='ocrx_word' id='word_1_119' title='bbox 941 1224 1010 1254; x_wconf 78' lang='lat' dir='ltr'>tide-</span> 
     </span>
     <span class='ocr_line' id='line_1_24' title="bbox 270 1272 1009 1311; baseline 0 -9"><span class='ocrx_word' id='word_1_120' title='bbox 270 1272 354 1309; x_wconf 88' lang='lat' dir='ltr'>lium,</span> <span class='ocrx_word' id='word_1_121' title='bbox 377 1278 406 1302; x_wconf 87' lang='lat' dir='ltr'>et</span> <span class='ocrx_word' id='word_1_122' title='bbox 426 1273 517 1303; x_wconf 83' lang='lat' dir='ltr'>foveri</span> <span class='ocrx_word' id='word_1_123' title='bbox 540 1272 699 1303; x_wconf 83' lang='lat' dir='ltr'>divisiones</span> <span class='ocrx_word' id='word_1_124' title='bbox 722 1277 840 1311; x_wconf 89' lang='lat' dir='ltr'>propter</span> <span class='ocrx_word' id='word_1_125' title='bbox 863 1281 909 1302; x_wconf 88' lang='lat' dir='ltr'>res</span> <span class='ocrx_word' id='word_1_126' title='bbox 935 1282 1009 1311; x_wconf 81' lang='lat' dir='ltr'>quae</span> 
     </span>
     <span class='ocr_line' id='line_1_25' title="bbox 270 1320 776 1351; baseline -0.002 0"><span class='ocrx_word' id='word_1_127' title='bbox 270 1330 324 1351; x_wconf 89' lang='lat' dir='ltr'>nec</span> <span class='ocrx_word' id='word_1_128' title='bbox 346 1320 432 1351; x_wconf 83' lang='lat' dir='ltr'>fidem</span> <span class='ocrx_word' id='word_1_129' title='bbox 455 1321 574 1351; x_wconf 86' lang='lat' dir='ltr'>laedunt</span> <span class='ocrx_word' id='word_1_130' title='bbox 596 1330 650 1350; x_wconf 82' lang='lat' dir='ltr'>nec</span> <span class='ocrx_word' id='word_1_131' title='bbox 672 1329 776 1350; x_wconf 89' lang='lat' dir='ltr'>mores.</span> 
     </span>
    </p>

    <p class='ocr_par' dir='ltr' id='par_1_8' title="bbox 270 1368 1008 1652">
     <span class='ocr_line' id='line_1_26' title="bbox 311 1368 1008 1400; baseline 0 -2"><span class='ocrx_word' id='word_1_132' title='bbox 311 1378 377 1399; x_wconf 77' lang='lat' dir='ltr'>xcv.</span> <span class='ocrx_word' id='word_1_133' title='bbox 401 1369 544 1400; x_wconf 85' lang='lat' dir='ltr'>Veritates</span> <span class='ocrx_word' id='word_1_134' title='bbox 566 1370 600 1399; x_wconf 80' lang='grc' dir='ltr'>εὸ</span> <span class='ocrx_word' id='word_1_135' title='bbox 623 1369 804 1399; x_wconf 87' lang='lat' dir='ltr'>devenerunt</span> <span class='ocrx_word' id='word_1_136' title='bbox 826 1373 858 1399; x_wconf 91' lang='lat' dir='ltr'>ut</span> <span class='ocrx_word' id='word_1_137' title='bbox 879 1368 937 1399; x_wconf 90' lang='lat' dir='ltr'>sint</span> <span class='ocrx_word' id='word_1_138' title='bbox 952 1368 1008 1398; x_wconf 87' lang='lat' dir='ltr'>lin-</span> 
     </span>
     <span class='ocr_line' id='line_1_27' title="bbox 270 1417 1008 1458; baseline -0.003 -9"><span class='ocrx_word' id='word_1_139' title='bbox 270 1427 326 1456; x_wconf 85' lang='lat' dir='ltr'>gua</span> <span class='ocrx_word' id='word_1_140' title='bbox 342 1418 423 1458; x_wconf 89' lang='lat' dir='ltr'>quasi</span> <span class='ocrx_word' id='word_1_141' title='bbox 442 1418 595 1458; x_wconf 86' lang='lat' dir='ltr'>peregrina</span> <span class='ocrx_word' id='word_1_142' title='bbox 615 1418 763 1458; x_wconf 84' lang='lat' dir='ltr'>plerisque</span> <span class='ocrx_word' id='word_1_143' title='bbox 780 1417 960 1455; x_wconf 68' lang='lat' dir='ltr'>christianis,</span> <span class='ocrx_word' id='word_1_144' title='bbox 981 1421 1008 1447; x_wconf 86' lang='lat' dir='ltr'>et</span> 
     </span>
     <span class='ocr_line' id='line_1_28' title="bbox 272 1466 1008 1507; baseline 0 -11"><span class='ocrx_word' id='word_1_145' title='bbox 272 1466 374 1497; x_wconf 89' lang='lat' dir='ltr'>modus</span> <span class='ocrx_word' id='word_1_146' title='bbox 396 1476 444 1497; x_wconf 85' lang='lat' dir='ltr'>eas</span> <span class='ocrx_word' id='word_1_147' title='bbox 467 1467 653 1507; x_wconf 87' lang='lat' dir='ltr'>praedicandi</span> <span class='ocrx_word' id='word_1_148' title='bbox 675 1471 717 1497; x_wconf 86' lang='lat' dir='ltr'>est</span> <span class='ocrx_word' id='word_1_149' title='bbox 733 1467 820 1497; x_wconf 85' lang='lat' dir='ltr'>veluti</span> <span class='ocrx_word' id='word_1_150' title='bbox 841 1466 948 1496; x_wconf 84' lang='lat' dir='ltr'>idioma</span> <span class='ocrx_word' id='word_1_151' title='bbox 964 1466 1008 1496; x_wconf 86' lang='lat' dir='ltr'>in·</span> 
     </span>
     <span class='ocr_line' id='line_1_29' title="bbox 271 1515 1007 1555; baseline 0 -11"><span class='ocrx_word' id='word_1_152' title='bbox 271 1515 438 1553; x_wconf 85' lang='lat' dir='ltr'>cognitum,</span> <span class='ocrx_word' id='word_1_153' title='bbox 462 1515 532 1545; x_wconf 87' lang='lat' dir='ltr'>adeo</span> <span class='ocrx_word' id='word_1_154' title='bbox 559 1520 690 1546; x_wconf 88' lang='lat' dir='ltr'>remotus</span> <span class='ocrx_word' id='word_1_155' title='bbox 718 1519 761 1545; x_wconf 89' lang='lat' dir='ltr'>est</span> <span class='ocrx_word' id='word_1_156' title='bbox 783 1525 797 1545; x_wconf 90' lang='lat' dir='ltr'>a</span> <span class='ocrx_word' id='word_1_157' title='bbox 821 1515 1007 1555; x_wconf 81' lang='lat' dir='ltr'>simplicitate</span> 
     </span>
     <span class='ocr_line' id='line_1_30' title="bbox 271 1564 1007 1603; baseline -0.001 -10"><span class='ocrx_word' id='word_1_158' title='bbox 271 1564 470 1602; x_wconf 83' lang='lat' dir='ltr'>apostolorum</span> <span class='ocrx_word' id='word_1_159' title='bbox 492 1568 520 1594; x_wconf 85' lang='lat' dir='ltr'>et</span> <span class='ocrx_word' id='word_1_160' title='bbox 547 1573 634 1603; x_wconf 89' lang='lat' dir='ltr'>supra</span> <span class='ocrx_word' id='word_1_161' title='bbox 668 1573 855 1594; x_wconf 87' lang='lat' dir='ltr'>communem</span> <span class='ocrx_word' id='word_1_162' title='bbox 889 1568 1007 1603; x_wconf 88' lang='lat' dir='ltr'>captum</span> 
     </span>
     <span class='ocr_line' id='line_1_31' title="bbox 271 1611 1008 1652; baseline 0.001 -11"><span class='ocrx_word' id='word_1_163' title='bbox 271 1611 416 1642; x_wconf 82' lang='lat' dir='ltr'>fidelium:</span> <span class='ocrx_word' id='word_1_164' title='bbox 442 1621 536 1651; x_wconf 82' lang='lat' dir='ltr'>neque</span> <span class='ocrx_word' id='word_1_165' title='bbox 559 1612 630 1641; x_wconf 84' lang='lat' dir='ltr'>satis</span> <span class='ocrx_word' id='word_1_166' title='bbox 652 1612 826 1650; x_wconf 83' lang='lat' dir='ltr'>advertitur,</span> <span class='ocrx_word' id='word_1_167' title='bbox 857 1612 934 1652; x_wconf 86' lang='lat' dir='ltr'>quod</span> <span class='ocrx_word' id='word_1_168' title='bbox 962 1612 1008 1641; x_wconf 89' lang='lat' dir='ltr'>hic</span> 
     </span>
    </p>
   </div>
   <div class='ocr_carea' id='block_1_4' title="bbox 1029 259 1034 1200">
    <p class='ocr_par' dir='ltr' id='par_1_9' title="bbox 1029 259 1034 1200">
     <span class='ocr_line' id='line_1_32' title="bbox 1029 259 1034 1200; baseline 0 0"><span class='ocrx_word' id='word_1_169' title='bbox 1029 259 1034 1200; x_wconf 95' lang='lat' dir='ltr'> </span> 
     </span>
    </p>
   </div>
   <div class='ocr_carea' id='block_1_5' title="bbox 1050 251 1819 1602">
    <p class='ocr_par' dir='ltr' id='par_1_10' title="bbox 1053 251 1792 485">
     <span class='ocr_line' id='line_1_33' title="bbox 1054 251 1791 292; baseline 0.003 -11"><span class='ocrx_word' id='word_1_170' title='bbox 1054 261 1136 282; x_wconf 85' lang='lat' dir='ltr'>scere</span> <span class='ocrx_word' id='word_1_171' title='bbox 1159 261 1189 281; x_wconf 93' lang='lat' dir='ltr'>se</span> <span class='ocrx_word' id='word_1_172' title='bbox 1213 252 1302 281; x_wconf 81' lang='lat' dir='ltr'>fuisse</span> <span class='ocrx_word' id='word_1_173' title='bbox 1324 251 1490 291; x_wconf 85' lang='lat' dir='ltr'>deceptum,</span> <span class='ocrx_word' id='word_1_174' title='bbox 1524 257 1635 282; x_wconf 87' lang='lat' dir='ltr'>mutant</span> <span class='ocrx_word' id='word_1_175' title='bbox 1661 253 1791 292; x_wconf 78' lang='lat' dir='ltr'>quotidie</span> 
     </span>
     <span class='ocr_line' id='line_1_34' title="bbox 1054 300 1790 341; baseline 0.001 -12"><span class='ocrx_word' id='word_1_176' title='bbox 1054 300 1148 339; x_wconf 87' lang='lat' dir='ltr'>quoad</span> <span class='ocrx_word' id='word_1_177' title='bbox 1186 300 1292 330; x_wconf 87' lang='lat' dir='ltr'>multos</span> <span class='ocrx_word' id='word_1_178' title='bbox 1321 300 1350 331; x_wconf 90' lang='lat' dir='ltr'>in</span> <span class='ocrx_word' id='word_1_179' title='bbox 1379 300 1496 331; x_wconf 88' lang='lat' dir='ltr'>odorem</span> <span class='ocrx_word' id='word_1_180' title='bbox 1524 301 1627 330; x_wconf 86' lang='lat' dir='ltr'>mortis</span> <span class='ocrx_word' id='word_1_181' title='bbox 1656 301 1684 330; x_wconf 95' lang='lat' dir='ltr'>id</span> <span class='ocrx_word' id='word_1_182' title='bbox 1715 302 1790 341; x_wconf 87' lang='lat' dir='ltr'>quod</span> 
     </span>
     <span class='ocr_line' id='line_1_35' title="bbox 1053 348 1792 388; baseline 0.001 -10"><span class='ocrx_word' id='word_1_183' title='bbox 1053 348 1128 378; x_wconf 85' lang='lat' dir='ltr'>Deus</span> <span class='ocrx_word' id='word_1_184' title='bbox 1151 348 1179 378; x_wconf 95' lang='lat' dir='ltr'>in</span> <span class='ocrx_word' id='word_1_185' title='bbox 1203 350 1255 378; x_wconf 73' lang='lat' dir='ltr'>sua</span> <span class='ocrx_word' id='word_1_186' title='bbox 1278 349 1409 379; x_wconf 72' lang='lat' dir='ltr'>Ecclesia</span> <span class='ocrx_word' id='word_1_187' title='bbox 1432 349 1527 388; x_wconf 79' lang='lat' dir='ltr'>posuit</span> <span class='ocrx_word' id='word_1_188' title='bbox 1549 353 1580 378; x_wconf 86' lang='lat' dir='ltr'>ut</span> <span class='ocrx_word' id='word_1_189' title='bbox 1602 349 1630 378; x_wconf 90' lang='lat' dir='ltr'>in</span> <span class='ocrx_word' id='word_1_190' title='bbox 1657 351 1690 378; x_wconf 77' lang='lat' dir='ltr'>ea</span> <span class='ocrx_word' id='word_1_191' title='bbox 1717 353 1792 379; x_wconf 84' lang='lat' dir='ltr'>esset</span> 
     </span>
     <span class='ocr_line' id='line_1_36' title="bbox 1054 397 1791 436; baseline 0 -9"><span class='ocrx_word' id='word_1_192' title='bbox 1054 397 1124 427; x_wconf 84' lang='lat' dir='ltr'>odor</span> <span class='ocrx_word' id='word_1_193' title='bbox 1147 398 1234 433; x_wconf 76' lang='lat' dir='ltr'>vitae,</span> <span class='ocrx_word' id='word_1_194' title='bbox 1251 407 1278 426; x_wconf 87' lang='lat' dir='ltr'>v.</span> <span class='ocrx_word' id='word_1_195' title='bbox 1296 408 1323 436; x_wconf 85' lang='lat' dir='ltr'>g.</span> <span class='ocrx_word' id='word_1_196' title='bbox 1341 397 1433 427; x_wconf 89' lang='lat' dir='ltr'>bonos</span> <span class='ocrx_word' id='word_1_197' title='bbox 1449 397 1550 433; x_wconf 84' lang='lat' dir='ltr'>libros,</span> <span class='ocrx_word' id='word_1_198' title='bbox 1572 397 1791 434; x_wconf 79' lang='lat' dir='ltr'>instructiones,</span> 
     </span>
     <span class='ocr_line' id='line_1_37' title="bbox 1053 446 1398 485; baseline 0.003 -11"><span class='ocrx_word' id='word_1_199' title='bbox 1053 450 1150 475; x_wconf 86' lang='lat' dir='ltr'>sancta</span> <span class='ocrx_word' id='word_1_200' title='bbox 1175 446 1318 485; x_wconf 79' lang='lat' dir='ltr'>exempla,</span> <span class='ocrx_word' id='word_1_201' title='bbox 1343 450 1398 476; x_wconf 90' lang='lat' dir='ltr'>etc.</span> 
     </span>
    </p>

    <p class='ocr_par' dir='ltr' id='par_1_11' title="bbox 1051 494 1793 1252">
     <span class='ocr_line' id='line_1_38' title="bbox 1094 494 1792 535; baseline 0 -11"><span class='ocrx_word' id='word_1_202' title='bbox 1094 503 1120 524; x_wconf 80' lang='lat' dir='ltr'>c.</span> <span class='ocrx_word' id='word_1_203' title='bbox 1144 494 1272 534; x_wconf 81' lang='lat' dir='ltr'>Tempus</span> <span class='ocrx_word' id='word_1_204' title='bbox 1294 495 1485 535; x_wconf 82' lang='lat' dir='ltr'>deplorabile,</span> <span class='ocrx_word' id='word_1_205' title='bbox 1510 504 1567 534; x_wconf 88' lang='lat' dir='ltr'>quo</span> <span class='ocrx_word' id='word_1_206' title='bbox 1590 494 1720 524; x_wconf 82' lang='lat' dir='ltr'>creditur</span> <span class='ocrx_word' id='word_1_207' title='bbox 1742 494 1792 524; x_wconf 89' lang='lat' dir='ltr'>ho-</span> 
     </span>
     <span class='ocr_line' id='line_1_39' title="bbox 1054 543 1792 583; baseline 0 -11"><span class='ocrx_word' id='word_1_208' title='bbox 1054 543 1151 573; x_wconf 87' lang='lat' dir='ltr'>norari</span> <span class='ocrx_word' id='word_1_209' title='bbox 1179 543 1254 573; x_wconf 90' lang='lat' dir='ltr'>Deus</span> <span class='ocrx_word' id='word_1_210' title='bbox 1279 543 1480 583; x_wconf 82' lang='lat' dir='ltr'>persequendo</span> <span class='ocrx_word' id='word_1_211' title='bbox 1496 544 1648 573; x_wconf 78' lang='lat' dir='ltr'>veritatem</span> <span class='ocrx_word' id='word_1_212' title='bbox 1670 543 1792 582; x_wconf 79' lang='lat' dir='ltr'>eiusque</span> 
     </span>
     <span class='ocr_line' id='line_1_40' title="bbox 1053 591 1792 631; baseline 0 -10"><span class='ocrx_word' id='word_1_213' title='bbox 1053 592 1225 631; x_wconf 89' lang='lat' dir='ltr'>discipulos.</span> <span class='ocrx_word' id='word_1_214' title='bbox 1249 592 1377 631; x_wconf 78' lang='lat' dir='ltr'>Tempus</span> <span class='ocrx_word' id='word_1_215' title='bbox 1405 593 1458 622; x_wconf 88' lang='lat' dir='ltr'>hoc</span> <span class='ocrx_word' id='word_1_216' title='bbox 1481 592 1596 622; x_wconf 86' lang='lat' dir='ltr'>advenit</span> <span class='ocrx_word' id='word_1_217' title='bbox 1601 615 1659 621; x_wconf 84' lang='lat'>.....</span> <span class='ocrx_word' id='word_1_218' title='bbox 1686 591 1792 621; x_wconf 85' lang='lat' dir='ltr'>llaberi</span> 
     </span>
     <span class='ocr_line' id='line_1_41' title="bbox 1054 641 1791 679; baseline 0 -9"><span class='ocrx_word' id='word_1_219' title='bbox 1054 645 1081 670; x_wconf 92' lang='lat' dir='ltr'>et</span> <span class='ocrx_word' id='word_1_220' title='bbox 1105 641 1224 671; x_wconf 87' lang='lat' dir='ltr'>tractari</span> <span class='ocrx_word' id='word_1_221' title='bbox 1246 650 1261 670; x_wconf 86' lang='lat' dir='ltr'>a</span> <span class='ocrx_word' id='word_1_222' title='bbox 1288 641 1440 679; x_wconf 81' lang='lat' dir='ltr'>religionis</span> <span class='ocrx_word' id='word_1_223' title='bbox 1469 641 1609 670; x_wconf 85' lang='lat' dir='ltr'>ministris</span> <span class='ocrx_word' id='word_1_224' title='bbox 1643 645 1791 679; x_wconf 82' lang='lat' dir='ltr'>tamquam</span> 
     </span>
     <span class='ocr_line' id='line_1_42' title="bbox 1053 689 1792 728; baseline -0.001 -9"><span class='ocrx_word' id='word_1_225' title='bbox 1053 689 1176 728; x_wconf 88' lang='lat' dir='ltr'>impium</span> <span class='ocrx_word' id='word_1_226' title='bbox 1199 694 1227 719; x_wconf 87' lang='lat' dir='ltr'>et</span> <span class='ocrx_word' id='word_1_227' title='bbox 1248 689 1401 728; x_wconf 77' lang='lat' dir='ltr'>indignum</span> <span class='ocrx_word' id='word_1_228' title='bbox 1424 689 1502 719; x_wconf 90' lang='lat' dir='ltr'>omni</span> <span class='ocrx_word' id='word_1_229' title='bbox 1526 689 1702 719; x_wconf 84' lang='lat' dir='ltr'>commercio</span> <span class='ocrx_word' id='word_1_230' title='bbox 1725 697 1792 719; x_wconf 90' lang='lat' dir='ltr'>cum</span> 
     </span>
     <span class='ocr_line' id='line_1_43' title="bbox 1053 737 1790 778; baseline -0.001 -11"><span class='ocrx_word' id='word_1_231' title='bbox 1053 737 1121 774; x_wconf 90' lang='lat' dir='ltr'>Deo,</span> <span class='ocrx_word' id='word_1_232' title='bbox 1146 742 1293 777; x_wconf 79' lang='lat' dir='ltr'>tamquam</span> <span class='ocrx_word' id='word_1_233' title='bbox 1325 737 1486 768; x_wconf 85' lang='lat' dir='ltr'>membrum</span> <span class='ocrx_word' id='word_1_234' title='bbox 1512 738 1674 778; x_wconf 81' lang='lat' dir='ltr'>putridum,</span> <span class='ocrx_word' id='word_1_235' title='bbox 1702 746 1790 777; x_wconf 79' lang='lat' dir='ltr'>capax</span> 
     </span>
     <span class='ocr_line' id='line_1_44' title="bbox 1053 786 1790 826; baseline -0.001 -10"><span class='ocrx_word' id='word_1_236' title='bbox 1053 786 1260 826; x_wconf 90' lang='lat' dir='ltr'>corrumpendi</span> <span class='ocrx_word' id='word_1_237' title='bbox 1282 787 1378 816; x_wconf 85' lang='lat' dir='ltr'>onmia</span> <span class='ocrx_word' id='word_1_238' title='bbox 1400 787 1429 817; x_wconf 93' lang='lat' dir='ltr'>in</span> <span class='ocrx_word' id='word_1_239' title='bbox 1449 787 1588 817; x_wconf 85' lang='lat' dir='ltr'>societate</span> <span class='ocrx_word' id='word_1_240' title='bbox 1610 791 1790 824; x_wconf 78' lang='lat' dir='ltr'>sanctorum,</span> 
     </span>
     <span class='ocr_line' id='line_1_45' title="bbox 1053 834 1792 874; baseline 0 -10"><span class='ocrx_word' id='word_1_241' title='bbox 1053 839 1096 864; x_wconf 88' lang='lat' dir='ltr'>est</span> <span class='ocrx_word' id='word_1_242' title='bbox 1118 834 1287 864; x_wconf 89' lang='lat' dir='ltr'>hominihus</span> <span class='ocrx_word' id='word_1_243' title='bbox 1307 835 1362 874; x_wconf 92' lang='lat' dir='ltr'>piis</span> <span class='ocrx_word' id='word_1_244' title='bbox 1379 839 1472 865; x_wconf 88' lang='lat' dir='ltr'>morte</span> <span class='ocrx_word' id='word_1_245' title='bbox 1491 835 1624 874; x_wconf 85' lang='lat' dir='ltr'>corporis</span> <span class='ocrx_word' id='word_1_246' title='bbox 1641 843 1717 864; x_wconf 85' lang='lat' dir='ltr'>mors</span> <span class='ocrx_word' id='word_1_247' title='bbox 1735 839 1792 864; x_wconf 79' lang='lat' dir='ltr'>ter-</span> 
     </span>
     <span class='ocr_line' id='line_1_46' title="bbox 1053 883 1793 923; baseline 0 -11"><span class='ocrx_word' id='word_1_248' title='bbox 1053 883 1176 913; x_wconf 91' lang='lat' dir='ltr'>ribilior.</span> <span class='ocrx_word' id='word_1_249' title='bbox 1201 884 1318 914; x_wconf 81' lang='lat' dir='ltr'>Frustra</span> <span class='ocrx_word' id='word_1_250' title='bbox 1342 884 1407 923; x_wconf 85' lang='lat' dir='ltr'>quis</span> <span class='ocrx_word' id='word_1_251' title='bbox 1430 884 1484 914; x_wconf 84' lang='lat' dir='ltr'>sibi</span> <span class='ocrx_word' id='word_1_252' title='bbox 1508 884 1656 914; x_wconf 84' lang='lat' dir='ltr'>blanditur</span> <span class='ocrx_word' id='word_1_253' title='bbox 1678 884 1712 913; x_wconf 89' lang='lat' dir='ltr'>de</span> <span class='ocrx_word' id='word_1_254' title='bbox 1728 892 1793 912; x_wconf 85' lang='lat' dir='ltr'>sua-</span> 
     </span>
     <span class='ocr_line' id='line_1_47' title="bbox 1053 932 1790 971; baseline -0.001 -9"><span class='ocrx_word' id='word_1_255' title='bbox 1053 941 1116 962; x_wconf 90' lang='lat' dir='ltr'>rum</span> <span class='ocrx_word' id='word_1_256' title='bbox 1140 932 1334 962; x_wconf 85' lang='lat' dir='ltr'>intentionum</span> <span class='ocrx_word' id='word_1_257' title='bbox 1365 933 1489 971; x_wconf 83' lang='lat' dir='ltr'>puritate</span> <span class='ocrx_word' id='word_1_258' title='bbox 1512 937 1539 962; x_wconf 88' lang='lat' dir='ltr'>et</span> <span class='ocrx_word' id='word_1_259' title='bbox 1573 932 1633 962; x_wconf 78' lang='lat' dir='ltr'>zelo</span> <span class='ocrx_word' id='word_1_260' title='bbox 1667 932 1790 971; x_wconf 82' lang='lat' dir='ltr'>quodam</span> 
     </span>
     <span class='ocr_line' id='line_1_48' title="bbox 1052 980 1793 1020; baseline 0 -11"><span class='ocrx_word' id='word_1_261' title='bbox 1052 980 1214 1018; x_wconf 74' lang='lat' dir='ltr'>religionis,</span> <span class='ocrx_word' id='word_1_262' title='bbox 1239 981 1440 1020; x_wconf 85' lang='lat' dir='ltr'>persequendo</span> <span class='ocrx_word' id='word_1_263' title='bbox 1463 981 1581 1010; x_wconf 65' lang='lat' dir='ltr'>flamma</span> <span class='ocrx_word' id='word_1_264' title='bbox 1602 981 1738 1019; x_wconf 85' lang='lat' dir='ltr'>ferroque</span> <span class='ocrx_word' id='word_1_265' title='bbox 1751 980 1793 1009; x_wconf 84' lang='lat' dir='ltr'>vi-</span> 
     </span>
     <span class='ocr_line' id='line_1_49' title="bbox 1052 1029 1792 1068; baseline 0 -10"><span class='ocrx_word' id='word_1_266' title='bbox 1052 1038 1099 1058; x_wconf 86' lang='lat' dir='ltr'>ros</span> <span class='ocrx_word' id='word_1_267' title='bbox 1123 1029 1237 1068; x_wconf 87' lang='lat' dir='ltr'>probos,</span> <span class='ocrx_word' id='word_1_268' title='bbox 1261 1029 1285 1058; x_wconf 80' lang='lat' dir='ltr'>si</span> <span class='ocrx_word' id='word_1_269' title='bbox 1308 1029 1426 1068; x_wconf 69' lang='lat' dir='ltr'>propri-‘i</span> <span class='ocrx_word' id='word_1_270' title='bbox 1455 1029 1589 1068; x_wconf 85' lang='lat' dir='ltr'>passione</span> <span class='ocrx_word' id='word_1_271' title='bbox 1620 1033 1664 1058; x_wconf 82' lang='lat' dir='ltr'>est</span> <span class='ocrx_word' id='word_1_272' title='bbox 1690 1038 1792 1059; x_wconf 83' lang='lat' dir='ltr'>excae-</span> 
     </span>
     <span class='ocr_line' id='line_1_50' title="bbox 1052 1077 1792 1117; baseline 0.001 -11"><span class='ocrx_word' id='word_1_273' title='bbox 1052 1082 1144 1114; x_wconf 84' lang='lat' dir='ltr'>catus,</span> <span class='ocrx_word' id='word_1_274' title='bbox 1168 1082 1217 1107; x_wconf 89' lang='lat' dir='ltr'>aut</span> <span class='ocrx_word' id='word_1_275' title='bbox 1240 1077 1378 1116; x_wconf 86' lang='lat' dir='ltr'>abreptus</span> <span class='ocrx_word' id='word_1_276' title='bbox 1400 1078 1513 1113; x_wconf 72' lang='lat' dir='ltr'>aliena,</span> <span class='ocrx_word' id='word_1_277' title='bbox 1539 1082 1691 1117; x_wconf 83' lang='lat' dir='ltr'>propterea</span> <span class='ocrx_word' id='word_1_278' title='bbox 1715 1079 1792 1117; x_wconf 89' lang='lat' dir='ltr'>quod</span> 
     </span>
     <span class='ocr_line' id='line_1_51' title="bbox 1052 1126 1792 1165; baseline 0.003 -11"><span class='ocrx_word' id='word_1_279' title='bbox 1052 1126 1125 1155; x_wconf 91' lang='lat' dir='ltr'>nihil</span> <span class='ocrx_word' id='word_1_280' title='bbox 1151 1126 1210 1155; x_wconf 73' lang='lat' dir='ltr'>vult</span> <span class='ocrx_word' id='word_1_281' title='bbox 1233 1126 1414 1156; x_wconf 76' lang='lat' dir='ltr'>examinare.</span> <span class='ocrx_word' id='word_1_282' title='bbox 1443 1127 1624 1165; x_wconf 84' lang='lat' dir='ltr'>Frequenter</span> <span class='ocrx_word' id='word_1_283' title='bbox 1646 1126 1792 1156; x_wconf 82' lang='lat' dir='ltr'>credimus</span> 
     </span>
     <span class='ocr_line' id='line_1_52' title="bbox 1052 1174 1792 1214; baseline 0.001 -11"><span class='ocrx_word' id='word_1_284' title='bbox 1052 1174 1218 1204; x_wconf 81' lang='lat' dir='ltr'>sacrificare</span> <span class='ocrx_word' id='word_1_285' title='bbox 1241 1174 1298 1204; x_wconf 89' lang='lat' dir='ltr'>Deo</span> <span class='ocrx_word' id='word_1_286' title='bbox 1322 1174 1456 1214; x_wconf 88' lang='lat' dir='ltr'>impium,</span> <span class='ocrx_word' id='word_1_287' title='bbox 1472 1179 1499 1204; x_wconf 86' lang='lat' dir='ltr'>et</span> <span class='ocrx_word' id='word_1_288' title='bbox 1519 1175 1716 1204; x_wconf 81' lang='lat' dir='ltr'>sacrificamus</span> <span class='ocrx_word' id='word_1_289' title='bbox 1733 1174 1792 1204; x_wconf 84' lang='lat' dir='ltr'>dia·</span> 
     </span>
     <span class='ocr_line' id='line_1_53' title="bbox 1051 1222 1341 1252; baseline 0.003 -1"><span class='ocrx_word' id='word_1_290' title='bbox 1051 1222 1117 1252; x_wconf 70' lang='lat' dir='ltr'>bolo</span> <span class='ocrx_word' id='word_1_291' title='bbox 1139 1222 1188 1252; x_wconf 82' lang='lat' dir='ltr'>Dei</span> <span class='ocrx_word' id='word_1_292' title='bbox 1212 1232 1341 1252; x_wconf 71' lang='lat' dir='ltr'>serrum.</span> 
     </span>
    </p>

    <p class='ocr_par' dir='ltr' id='par_1_12' title="bbox 1050 1271 1819 1602">
     <span class='ocr_line' id='line_1_54' title="bbox 1092 1271 1791 1310; baseline 0.001 -10"><span class='ocrx_word' id='word_1_293' title='bbox 1092 1280 1128 1300; x_wconf 75' lang='lat' dir='ltr'>ct.</span> <span class='ocrx_word' id='word_1_294' title='bbox 1153 1271 1230 1300; x_wconf 75' lang='lat' dir='ltr'>Nihil</span> <span class='ocrx_word' id='word_1_295' title='bbox 1253 1271 1370 1310; x_wconf 88' lang='lat' dir='ltr'>spiritui</span> <span class='ocrx_word' id='word_1_296' title='bbox 1399 1271 1448 1301; x_wconf 84' lang='lat' dir='ltr'>Dei</span> <span class='ocrx_word' id='word_1_297' title='bbox 1481 1276 1508 1301; x_wconf 89' lang='lat' dir='ltr'>et</span> <span class='ocrx_word' id='word_1_298' title='bbox 1542 1271 1694 1301; x_wconf 89' lang='lat' dir='ltr'>doctrinae</span> <span class='ocrx_word' id='word_1_299' title='bbox 1727 1271 1791 1301; x_wconf 87' lang='lat' dir='ltr'>lesu</span> 
     </span>
     <span class='ocr_line' id='line_1_55' title="bbox 1051 1318 1790 1358; baseline 0.003 -11"><span class='ocrx_word' id='word_1_300' title='bbox 1051 1318 1157 1348; x_wconf 83' lang='lat' dir='ltr'>Christi</span> <span class='ocrx_word' id='word_1_301' title='bbox 1182 1319 1273 1357; x_wconf 83' lang='lat' dir='ltr'>magis</span> <span class='ocrx_word' id='word_1_302' title='bbox 1306 1320 1474 1358; x_wconf 86' lang='lat' dir='ltr'>opponitur,</span> <span class='ocrx_word' id='word_1_303' title='bbox 1506 1328 1591 1358; x_wconf 83' lang='lat' dir='ltr'>quam</span> <span class='ocrx_word' id='word_1_304' title='bbox 1625 1320 1790 1349; x_wconf 87' lang='lat' dir='ltr'>communia</span> 
     </span>
     <span class='ocr_line' id='line_1_56' title="bbox 1051 1367 1819 1412; baseline 0.003 -16"><span class='ocrx_word' id='word_1_305' title='bbox 1051 1367 1145 1397; x_wconf 86' lang='lat' dir='ltr'>facere</span> <span class='ocrx_word' id='word_1_306' title='bbox 1168 1368 1332 1398; x_wconf 82' lang='lat' dir='ltr'>iuramenta</span> <span class='ocrx_word' id='word_1_307' title='bbox 1355 1369 1384 1398; x_wconf 90' lang='lat' dir='ltr'>iu</span> <span class='ocrx_word' id='word_1_308' title='bbox 1408 1368 1547 1406; x_wconf 73' lang='lat' dir='ltr'>Ecclesia,</span> <span class='ocrx_word' id='word_1_309' title='bbox 1571 1369 1637 1408; x_wconf 88' lang='lat' dir='ltr'>quia</span> <span class='ocrx_word' id='word_1_310' title='bbox 1672 1369 1725 1398; x_wconf 91' lang='lat' dir='ltr'>hoc</span> <span class='ocrx_word' id='word_1_311' title='bbox 1748 1373 1790 1398; x_wconf 90' lang='lat' dir='ltr'>est</span> <span class='ocrx_word' id='word_1_312' title='bbox 1809 1400 1819 1412; x_wconf 40' lang='grc' dir='ltr'>ὁ</span> 
     </span>
     <span class='ocr_line' id='line_1_57' title="bbox 1051 1416 1792 1457; baseline 0.001 -12"><span class='ocrx_word' id='word_1_313' title='bbox 1051 1416 1248 1456; x_wconf 87' lang='lat' dir='ltr'>multiplicare</span> <span class='ocrx_word' id='word_1_314' title='bbox 1277 1417 1446 1447; x_wconf 81' lang='lat' dir='ltr'>occasiones</span> <span class='ocrx_word' id='word_1_315' title='bbox 1478 1417 1639 1457; x_wconf 77' lang='lat' dir='ltr'>peierandi,</span> <span class='ocrx_word' id='word_1_316' title='bbox 1672 1417 1792 1456; x_wconf 82' lang='lat' dir='ltr'>laqueos</span> 
     </span>
     <span class='ocr_line' id='line_1_58' title="bbox 1051 1466 1791 1504; baseline 0 -9"><span class='ocrx_word' id='word_1_317' title='bbox 1051 1466 1174 1495; x_wconf 83' lang='lat' dir='ltr'>tendere</span> <span class='ocrx_word' id='word_1_318' title='bbox 1198 1466 1325 1496; x_wconf 83' lang='lat' dir='ltr'>infirmis</span> <span class='ocrx_word' id='word_1_319' title='bbox 1347 1471 1375 1496; x_wconf 84' lang='lat' dir='ltr'>ct</span> <span class='ocrx_word' id='word_1_320' title='bbox 1409 1466 1517 1504; x_wconf 86' lang='lat' dir='ltr'>idiotis,</span> <span class='ocrx_word' id='word_1_321' title='bbox 1552 1472 1580 1496; x_wconf 90' lang='lat' dir='ltr'>et</span> <span class='ocrx_word' id='word_1_322' title='bbox 1613 1466 1728 1496; x_wconf 78' lang='lat' dir='ltr'>efficere</span> <span class='ocrx_word' id='word_1_323' title='bbox 1760 1471 1791 1495; x_wconf 91' lang='lat' dir='ltr'>ut</span> 
     </span>
     <span class='ocr_line' id='line_1_59' title="bbox 1051 1514 1790 1554; baseline 0 -11"><span class='ocrx_word' id='word_1_324' title='bbox 1051 1522 1156 1543; x_wconf 91' lang='lat' dir='ltr'>nomen</span> <span class='ocrx_word' id='word_1_325' title='bbox 1180 1519 1207 1544; x_wconf 91' lang='lat' dir='ltr'>et</span> <span class='ocrx_word' id='word_1_326' title='bbox 1231 1514 1337 1544; x_wconf 84' lang='lat' dir='ltr'>veritas</span> <span class='ocrx_word' id='word_1_327' title='bbox 1359 1515 1409 1544; x_wconf 87' lang='lat' dir='ltr'>Dei</span> <span class='ocrx_word' id='word_1_328' title='bbox 1438 1514 1594 1554; x_wconf 82' lang='lat' dir='ltr'>aliquando</span> <span class='ocrx_word' id='word_1_329' title='bbox 1625 1515 1790 1545; x_wconf 80' lang='lat' dir='ltr'>deserviant</span> 
     </span>
     <span class='ocr_line' id='line_1_60' title="bbox 1050 1563 1365 1602; baseline 0.006 -11"><span class='ocrx_word' id='word_1_330' title='bbox 1050 1563 1172 1592; x_wconf 84' lang='lat' dir='ltr'>consilio</span> <span class='ocrx_word' id='word_1_331' title='bbox 1195 1563 1365 1602; x_wconf 85' lang='lat' dir='ltr'>impiorum.</span> 
     </span>
    </p>
   </div>
   <div class='ocr_carea' id='block_1_6' title="bbox 1693 195 1987 233">
    <p class='ocr_par' dir='ltr' id='par_1_13' title="bbox 1693 195 1987 233">
     <span class='ocr_line' id='line_1_61' title="bbox 1693 195 1987 233; baseline 0.014 -4"><span class='ocrx_word' id='word_1_332' title='bbox 1693 195 1757 229; x_wconf 72' lang='lat'>573</span> <span class='ocrx_word' id='word_1_333' title='bbox 1803 205 1851 232; x_wconf 72' lang='lat' dir='ltr'>An.</span> <span class='ocrx_word' id='word_1_334' title='bbox 1868 204 1897 233; x_wconf 86' lang='lat' dir='ltr'>c.</span> <span class='ocrx_word' id='word_1_335' title='bbox 1919 205 1987 233; x_wconf 79' lang='lat'>17¹3</span> 
     </span>
    </p>
   </div>
   <div class='ocr_carea' id='block_1_7' title="bbox 1094 1630 1986 1675">
    <p class='ocr_par' dir='ltr' id='par_1_14' title="bbox 1094 1630 1986 1675">
     <span class='ocr_line' id='line_1_62' title="bbox 1094 1630 1986 1675; baseline -0.003 -13"><span class='ocrx_word' id='word_1_336' title='bbox 1094 1630 1164 1673; x_wconf 61' lang='lat' dir='ltr'>gli.</span> <span class='ocrx_word' id='word_1_337' title='bbox 1200 1630 1327 1663; x_wconf 77' lang='lat' dir='ltr'>Auditis</span> <span class='ocrx_word' id='word_1_338' title='bbox 1359 1631 1469 1675; x_wconf 86' lang='lat' dir='ltr'>itaque</span> <span class='ocrx_word' id='word_1_339' title='bbox 1507 1636 1572 1663; x_wconf 86' lang='lat' dir='ltr'>tum</span> <span class='ocrx_word' id='word_1_340' title='bbox 1610 1641 1685 1664; x_wconf 85' lang='lat' dir='ltr'>voce</span> <span class='ocrx_word' id='word_1_341' title='bbox 1724 1636 1788 1663; x_wconf 91' lang='lat' dir='ltr'>tum</span> <span class='ocrx_word' id='word_1_342' title='bbox 1838 1639 1986 1660; x_wconf 47' lang='lat' dir='ltr'>[imminu</span> 
     </span>
    </p>
   </div>
   <div class='ocr_carea' id='block_1_8' title="bbox 1801 1666 1986 1691">
    <p class='ocr_par' dir='ltr' id='par_1_15' title="bbox 1801 1666 1986 1691">
     <span class='ocr_line' id='line_1_63' title="bbox 1801 1666 1986 1691; baseline 0 -6"><span class='ocrx_word' id='word_1_343' title='bbox 1801 1666 1915 1691; x_wconf 52' lang='lat' dir='ltr'>prohibuit</span> <span class='ocrx_word' id='word_1_344' title='bbox 1935 1668 1963 1685; x_wconf 59' lang='lat' dir='ltr'>rel</span> <span class='ocrx_word' id='word_1_345' title='bbox 1972 1676 1986 1684; x_wconf 78' lang='grc' dir='ltr'>ι-</span> 
     </span>
    </p>
   </div>
   <div class='ocr_carea' id='block_1_9' title="bbox 1051 1683 1987 1727">
    <p class='ocr_par' dir='ltr' id='par_1_16' title="bbox 1051 1683 1987 1727">
     <span class='ocr_line' id='line_1_64' title="bbox 1051 1683 1987 1727; baseline 0.002 -12"><span class='ocrx_word' id='word_1_346' title='bbox 1051 1683 1172 1726; x_wconf 86' lang='lat' dir='ltr'>scripto</span> <span class='ocrx_word' id='word_1_347' title='bbox 1191 1683 1284 1717; x_wconf 89' lang='lat' dir='ltr'>nobis</span> <span class='ocrx_word' id='word_1_348' title='bbox 1310 1684 1463 1717; x_wconf 75' lang='lat' dir='ltr'>exhibitis</span> <span class='ocrx_word' id='word_1_349' title='bbox 1483 1684 1703 1727; x_wconf 75' lang='lat' dir='ltr'>praefatorum</span> <span class='ocrx_word' id='word_1_350' title='bbox 1721 1694 1868 1717; x_wconf 68' lang='lat' dir='ltr'>car-tarum</span> <span class='ocrx_word' id='word_1_351' title='bbox 1890 1698 1987 1717; x_wconf 46' lang='lat' dir='ltr'>veura-1·</span> 
     </span>
    </p>
   </div>
   <div class='ocr_carea' id='block_1_10' title="bbox 1800 1721 1985 1739">
    <p class='ocr_par' dir='ltr' id='par_1_17' title="bbox 1800 1721 1985 1739">
     <span class='ocr_line' id='line_1_65' title="bbox 1800 1721 1985 1739; baseline 0.005 -1"><span class='ocrx_word' id='word_1_352' title='bbox 1800 1721 1879 1738; x_wconf 77' lang='lat' dir='ltr'>tionum</span> <span class='ocrx_word' id='word_1_353' title='bbox 1891 1725 1936 1739; x_wconf 84' lang='lat' dir='ltr'>cum</span> <span class='ocrx_word' id='word_1_354' title='bbox 1952 1728 1985 1739; x_wconf 66' lang='grc' dir='ltr'>ω-</span> 
     </span>
    </p>
   </div>
   <div class='ocr_carea' id='block_1_11' title="bbox 1051 1735 1949 1780">
    <p class='ocr_par' dir='ltr' id='par_1_18' title="bbox 1051 1735 1949 1780">
     <span class='ocr_line' id='line_1_66' title="bbox 1051 1735 1949 1780; baseline 0.002 -12"><span class='ocrx_word' id='word_1_355' title='bbox 1051 1735 1204 1770; x_wconf 88' lang='lat' dir='ltr'>dinalium</span> <span class='ocrx_word' id='word_1_356' title='bbox 1229 1737 1432 1780; x_wconf 84' lang='lat' dir='ltr'>aliorumque</span> <span class='ocrx_word' id='word_1_357' title='bbox 1465 1737 1693 1780; x_wconf 78' lang='lat' dir='ltr'>theologorum</span> <span class='ocrx_word' id='word_1_358' title='bbox 1725 1737 1845 1770; x_wconf 78' lang='lat' dir='ltr'>sus-rum</span> <span class='ocrx_word' id='word_1_359' title='bbox 1862 1751 1949 1765; x_wconf 62' lang='lat' dir='ltr'>remora</span> 
     </span>
    </p>
   </div>
   <div class='ocr_carea' id='block_1_12' title="bbox 270 1659 1009 1786">
    <p class='ocr_par' dir='ltr' id='par_1_19' title="bbox 270 1659 1009 1786">
     <span class='ocr_line' id='line_1_67' title="bbox 270 1659 1008 1699; baseline 0 -10"><span class='ocrx_word' id='word_1_360' title='bbox 270 1659 400 1690; x_wconf 77' lang='lat' dir='ltr'>desectus</span> <span class='ocrx_word' id='word_1_361' title='bbox 421 1660 458 1690; x_wconf 88' lang='lat' dir='ltr'>sit</span> <span class='ocrx_word' id='word_1_362' title='bbox 480 1669 571 1690; x_wconf 89' lang='lat' dir='ltr'>unum</span> <span class='ocrx_word' id='word_1_363' title='bbox 584 1668 628 1694; x_wconf 83' lang='lat' dir='ltr'>,ex</span> <span class='ocrx_word' id='word_1_364' title='bbox 650 1661 740 1699; x_wconf 81' lang='lat' dir='ltr'>signis</span> <span class='ocrx_word' id='word_1_365' title='bbox 771 1662 896 1690; x_wconf 80' lang='lat' dir='ltr'>maxime</span> <span class='ocrx_word' id='word_1_366' title='bbox 917 1660 1008 1690; x_wconf 89' lang='lat' dir='ltr'>sensi-</span> 
     </span>
     <span class='ocr_line' id='line_1_68' title="bbox 271 1708 1009 1739; baseline 0.001 -1"><span class='ocrx_word' id='word_1_367' title='bbox 271 1708 347 1738; x_wconf 91' lang='lat' dir='ltr'>libus</span> <span class='ocrx_word' id='word_1_368' title='bbox 368 1709 527 1738; x_wconf 87' lang='lat' dir='ltr'>senectutis</span> <span class='ocrx_word' id='word_1_369' title='bbox 549 1709 693 1739; x_wconf 83' lang='lat' dir='ltr'>Ecclesiae</span> <span class='ocrx_word' id='word_1_370' title='bbox 716 1714 744 1739; x_wconf 90' lang='lat' dir='ltr'>et</span> <span class='ocrx_word' id='word_1_371' title='bbox 766 1709 825 1739; x_wconf 86' lang='lat' dir='ltr'>irae</span> <span class='ocrx_word' id='word_1_372' title='bbox 852 1710 901 1739; x_wconf 90' lang='lat' dir='ltr'>Dei</span> <span class='ocrx_word' id='word_1_373' title='bbox 924 1709 953 1739; x_wconf 94' lang='lat' dir='ltr'>in</span> <span class='ocrx_word' id='word_1_374' title='bbox 976 1709 1009 1739; x_wconf 82' lang='lat' dir='ltr'>ss-</span> 
     </span>
     <span class='ocr_line' id='line_1_69' title="bbox 270 1756 426 1786; baseline 0 0"><span class='ocrx_word' id='word_1_375' title='bbox 270 1756 325 1786; x_wconf 83' lang='lat' dir='ltr'>lios</span> <span class='ocrx_word' id='word_1_376' title='bbox 347 1766 426 1786; x_wconf 90' lang='lat' dir='ltr'>suos.</span> 
     </span>
    </p>
   </div>
   <div class='ocr_carea' id='block_1_13' title="bbox 270 1805 1009 2516">
    <p class='ocr_par' dir='ltr' id='par_1_20' title="bbox 271 1805 1009 1990">
     <span class='ocr_line' id='line_1_70' title="bbox 311 1805 1007 1846; baseline 0 -11"><span class='ocrx_word' id='word_1_377' title='bbox 311 1813 386 1835; x_wconf 72' lang='lat' dir='ltr'>xcw.</span> <span class='ocrx_word' id='word_1_378' title='bbox 409 1805 484 1836; x_wconf 88' lang='lat' dir='ltr'>Deus</span> <span class='ocrx_word' id='word_1_379' title='bbox 507 1806 649 1845; x_wconf 88' lang='lat' dir='ltr'>permittit</span> <span class='ocrx_word' id='word_1_380' title='bbox 673 1811 703 1836; x_wconf 91' lang='lat' dir='ltr'>ut</span> <span class='ocrx_word' id='word_1_381' title='bbox 725 1816 826 1836; x_wconf 88' lang='lat' dir='ltr'>omnes</span> <span class='ocrx_word' id='word_1_382' title='bbox 852 1810 1007 1846; x_wconf 84' lang='lat' dir='ltr'>potestates</span> 
     </span>
     <span class='ocr_line' id='line_1_71' title="bbox 271 1853 1009 1894; baseline 0.001 -10"><span class='ocrx_word' id='word_1_383' title='bbox 271 1853 330 1884; x_wconf 87' lang='lat' dir='ltr'>sint</span> <span class='ocrx_word' id='word_1_384' title='bbox 351 1854 517 1884; x_wconf 88' lang='lat' dir='ltr'>contrariae</span> <span class='ocrx_word' id='word_1_385' title='bbox 536 1855 789 1894; x_wconf 81' lang='lat' dir='ltr'>praedicatoribus</span> <span class='ocrx_word' id='word_1_386' title='bbox 812 1855 954 1891; x_wconf 44' lang='lat' dir='ltr'>veritati&amp;</span> <span class='ocrx_word' id='word_1_387' title='bbox 978 1859 1009 1885; x_wconf 86' lang='lat' dir='ltr'>ut</span> 
     </span>
     <span class='ocr_line' id='line_1_72' title="bbox 271 1903 1009 1944; baseline 0.003 -12"><span class='ocrx_word' id='word_1_388' title='bbox 271 1903 334 1933; x_wconf 89' lang='lat' dir='ltr'>eius</span> <span class='ocrx_word' id='word_1_389' title='bbox 356 1903 476 1933; x_wconf 78' lang='lat' dir='ltr'>victoria</span> <span class='ocrx_word' id='word_1_390' title='bbox 499 1903 619 1934; x_wconf 87' lang='lat' dir='ltr'>attribui</span> <span class='ocrx_word' id='word_1_391' title='bbox 643 1913 700 1934; x_wconf 90' lang='lat' dir='ltr'>non</span> <span class='ocrx_word' id='word_1_392' title='bbox 729 1904 818 1944; x_wconf 77' lang='lat' dir='ltr'>possit</span> <span class='ocrx_word' id='word_1_393' title='bbox 846 1904 902 1934; x_wconf 89' lang='lat' dir='ltr'>nisi</span> <span class='ocrx_word' id='word_1_394' title='bbox 935 1904 1009 1934; x_wconf 83' lang='lat' dir='ltr'>diri-</span> 
     </span>
     <span class='ocr_line' id='line_1_73' title="bbox 271 1952 467 1990; baseline 0 -8"><span class='ocrx_word' id='word_1_395' title='bbox 271 1961 325 1982; x_wconf 88' lang='lat' dir='ltr'>nae</span> <span class='ocrx_word' id='word_1_396' title='bbox 347 1952 467 1990; x_wconf 85' lang='lat' dir='ltr'>gratiae.</span> 
     </span>
    </p>

    <p class='ocr_par' dir='ltr' id='par_1_21' title="bbox 270 2000 1009 2236">
     <span class='ocr_line' id='line_1_74' title="bbox 311 2000 1006 2041; baseline 0.001 -11"><span class='ocrx_word' id='word_1_397' title='bbox 311 2008 394 2030; x_wconf 79' lang='lat' dir='ltr'>xcvn.</span> <span class='ocrx_word' id='word_1_398' title='bbox 419 2000 511 2031; x_wconf 81' lang='lat' dir='ltr'>Nimis</span> <span class='ocrx_word' id='word_1_399' title='bbox 532 2010 618 2041; x_wconf 83' lang='lat' dir='ltr'>saepe</span> <span class='ocrx_word' id='word_1_400' title='bbox 640 2002 784 2040; x_wconf 84' lang='lat' dir='ltr'>contingit</span> <span class='ocrx_word' id='word_1_401' title='bbox 801 2001 929 2031; x_wconf 81' lang='lat' dir='ltr'>membra</span> <span class='ocrx_word' id='word_1_402' title='bbox 947 2002 1006 2039; x_wconf 89' lang='lat' dir='ltr'>illa,</span> 
     </span>
     <span class='ocr_line' id='line_1_75' title="bbox 271 2050 1008 2090; baseline 0.003 -11"><span class='ocrx_word' id='word_1_403' title='bbox 271 2058 344 2090; x_wconf 85' lang='lat' dir='ltr'>quae</span> <span class='ocrx_word' id='word_1_404' title='bbox 366 2050 457 2089; x_wconf 83' lang='lat' dir='ltr'>magis</span> <span class='ocrx_word' id='word_1_405' title='bbox 489 2054 587 2080; x_wconf 86' lang='lat' dir='ltr'>sancte</span> <span class='ocrx_word' id='word_1_406' title='bbox 616 2059 650 2080; x_wconf 87' lang='lat' dir='ltr'>ac</span> <span class='ocrx_word' id='word_1_407' title='bbox 673 2050 764 2089; x_wconf 87' lang='lat' dir='ltr'>magis</span> <span class='ocrx_word' id='word_1_408' title='bbox 793 2050 893 2081; x_wconf 88' lang='lat' dir='ltr'>stricte</span> <span class='ocrx_word' id='word_1_409' title='bbox 927 2051 1008 2081; x_wconf 86' lang='lat' dir='ltr'>unita</span> 
     </span>
     <span class='ocr_line' id='line_1_76' title="bbox 270 2099 1009 2140; baseline 0 -11"><span class='ocrx_word' id='word_1_410' title='bbox 270 2099 416 2130; x_wconf 86' lang='lat' dir='ltr'>Ecclesiae</span> <span class='ocrx_word' id='word_1_411' title='bbox 438 2104 525 2138; x_wconf 89' lang='lat' dir='ltr'>sunt,</span> <span class='ocrx_word' id='word_1_412' title='bbox 555 2100 662 2140; x_wconf 89' lang='lat' dir='ltr'>respici</span> <span class='ocrx_word' id='word_1_413' title='bbox 692 2105 779 2139; x_wconf 85' lang='lat' dir='ltr'>atque</span> <span class='ocrx_word' id='word_1_414' title='bbox 806 2100 923 2130; x_wconf 87' lang='lat' dir='ltr'>tractari</span> <span class='ocrx_word' id='word_1_415' title='bbox 946 2104 1009 2130; x_wconf 90' lang='lat' dir='ltr'>tan-</span> 
     </span>
     <span class='ocr_line' id='line_1_77' title="bbox 270 2148 1006 2188; baseline 0 -10"><span class='ocrx_word' id='word_1_416' title='bbox 270 2157 356 2187; x_wconf 85' lang='lat' dir='ltr'>quam</span> <span class='ocrx_word' id='word_1_417' title='bbox 380 2148 415 2178; x_wconf 86' lang='lat' dir='ltr'>ab</span> <span class='ocrx_word' id='word_1_418' title='bbox 438 2149 472 2178; x_wconf 65' lang='lat' dir='ltr'>ea</span> <span class='ocrx_word' id='word_1_419' title='bbox 505 2152 657 2188; x_wconf 71' lang='lat' dir='ltr'>separata3</span> <span class='ocrx_word' id='word_1_420' title='bbox 680 2149 730 2178; x_wconf 91' lang='lat' dir='ltr'>sed</span> <span class='ocrx_word' id='word_1_421' title='bbox 757 2149 851 2178; x_wconf 89' lang='lat' dir='ltr'>iustus</span> <span class='ocrx_word' id='word_1_422' title='bbox 881 2148 950 2178; x_wconf 81' lang='lat' dir='ltr'>vivit</span> <span class='ocrx_word' id='word_1_423' title='bbox 972 2157 1006 2178; x_wconf 84' lang='lat' dir='ltr'>ex</span> 
     </span>
     <span class='ocr_line' id='line_1_78' title="bbox 271 2196 873 2236; baseline 0.002 -10"><span class='ocrx_word' id='word_1_424' title='bbox 271 2196 339 2234; x_wconf 84' lang='lat' dir='ltr'>fide,</span> <span class='ocrx_word' id='word_1_425' title='bbox 362 2201 390 2227; x_wconf 87' lang='lat' dir='ltr'>et</span> <span class='ocrx_word' id='word_1_426' title='bbox 411 2206 468 2227; x_wconf 90' lang='lat' dir='ltr'>non</span> <span class='ocrx_word' id='word_1_427' title='bbox 491 2206 524 2227; x_wconf 84' lang='lat' dir='ltr'>ex</span> <span class='ocrx_word' id='word_1_428' title='bbox 548 2197 686 2236; x_wconf 87' lang='lat' dir='ltr'>opinione</span> <span class='ocrx_word' id='word_1_429' title='bbox 710 2197 873 2227; x_wconf 88' lang='lat' dir='ltr'>hominum.</span> 
     </span>
    </p>

    <p class='ocr_par' dir='ltr' id='par_1_22' title="bbox 271 2245 1008 2516">
     <span class='ocr_line' id='line_1_79' title="bbox 311 2245 1007 2285; baseline 0 -10"><span class='ocrx_word' id='word_1_430' title='bbox 311 2253 408 2276; x_wconf 82' lang='lat' dir='ltr'>xcvut.</span> <span class='ocrx_word' id='word_1_431' title='bbox 431 2245 529 2276; x_wconf 86' lang='lat' dir='ltr'>Status</span> <span class='ocrx_word' id='word_1_432' title='bbox 551 2245 766 2284; x_wconf 87' lang='lat' dir='ltr'>persecutionis</span> <span class='ocrx_word' id='word_1_433' title='bbox 788 2250 816 2275; x_wconf 85' lang='lat' dir='ltr'>et</span> <span class='ocrx_word' id='word_1_434' title='bbox 838 2255 1007 2285; x_wconf 83' lang='lat' dir='ltr'>poenarum,</span> 
     </span>
     <span class='ocr_line' id='line_1_80' title="bbox 271 2293 1008 2334; baseline 0 -11"><span class='ocrx_word' id='word_1_435' title='bbox 271 2302 343 2331; x_wconf 87' lang='lat' dir='ltr'>quas</span> <span class='ocrx_word' id='word_1_436' title='bbox 364 2294 429 2334; x_wconf 89' lang='lat' dir='ltr'>quis</span> <span class='ocrx_word' id='word_1_437' title='bbox 451 2294 555 2324; x_wconf 88' lang='lat' dir='ltr'>tolerat</span> <span class='ocrx_word' id='word_1_438' title='bbox 576 2298 724 2333; x_wconf 87' lang='lat' dir='ltr'>tamquam</span> <span class='ocrx_word' id='word_1_439' title='bbox 753 2293 933 2332; x_wconf 87' lang='lat' dir='ltr'>haereticus,</span> <span class='ocrx_word' id='word_1_440' title='bbox 958 2294 1008 2323; x_wconf 90' lang='lat' dir='ltr'>ssa-</span> 
     </span>
     <span class='ocr_line' id='line_1_81' title="bbox 271 2340 1007 2382; baseline 0.001 -11"><span class='ocrx_word' id='word_1_441' title='bbox 271 2340 393 2379; x_wconf 81' lang='lat' dir='ltr'>gitiosus</span> <span class='ocrx_word' id='word_1_442' title='bbox 414 2347 443 2372; x_wconf 87' lang='lat' dir='ltr'>et</span> <span class='ocrx_word' id='word_1_443' title='bbox 463 2342 589 2381; x_wconf 90' lang='lat' dir='ltr'>impius,</span> <span class='ocrx_word' id='word_1_444' title='bbox 614 2342 716 2372; x_wconf 84' lang='lat' dir='ltr'>ultima</span> <span class='ocrx_word' id='word_1_445' title='bbox 747 2342 918 2382; x_wconf 86' lang='lat' dir='ltr'>plerumque</span> <span class='ocrx_word' id='word_1_446' title='bbox 941 2351 1007 2382; x_wconf 87' lang='lat' dir='ltr'>pro-</span> 
     </span>
     <span class='ocr_line' id='line_1_82' title="bbox 272 2387 1007 2430; baseline 0.004 -12"><span class='ocrx_word' id='word_1_447' title='bbox 272 2387 350 2419; x_wconf 76' lang='lat' dir='ltr'>batto</span> <span class='ocrx_word' id='word_1_448' title='bbox 368 2393 411 2419; x_wconf 87' lang='lat' dir='ltr'>est</span> <span class='ocrx_word' id='word_1_449' title='bbox 431 2394 461 2420; x_wconf 84' lang='lat' dir='ltr'>et</span> <span class='ocrx_word' id='word_1_450' title='bbox 481 2390 607 2420; x_wconf 80' lang='lat' dir='ltr'>maxime</span> <span class='ocrx_word' id='word_1_451' title='bbox 630 2390 792 2427; x_wconf 88' lang='lat' dir='ltr'>meritoria,</span> <span class='ocrx_word' id='word_1_452' title='bbox 817 2394 914 2430; x_wconf 87' lang='lat' dir='ltr'>utpote</span> <span class='ocrx_word' id='word_1_453' title='bbox 933 2400 1007 2430; x_wconf 87' lang='lat' dir='ltr'>quae</span> 
     </span>
     <span class='ocr_line' id='line_1_83' title="bbox 271 2436 1008 2477; baseline 0.004 -11"><span class='ocrx_word' id='word_1_454' title='bbox 271 2436 340 2467; x_wconf 80' lang='lat' dir='ltr'>facit</span> <span class='ocrx_word' id='word_1_455' title='bbox 361 2437 509 2467; x_wconf 85' lang='lat' dir='ltr'>hominem</span> <span class='ocrx_word' id='word_1_456' title='bbox 532 2439 622 2477; x_wconf 84' lang='lat' dir='ltr'>magis</span> <span class='ocrx_word' id='word_1_457' title='bbox 644 2439 824 2470; x_wconf 76' lang='lat' dir='ltr'>conformem</span> <span class='ocrx_word' id='word_1_458' title='bbox 847 2439 911 2469; x_wconf 89' lang='lat' dir='ltr'>Iesu</span> <span class='ocrx_word' id='word_1_459' title='bbox 926 2439 1008 2470; x_wconf 90' lang='lat' dir='ltr'>Chri-</span> 
     </span>
     <span class='ocr_line' id='line_1_84' title="bbox 271 2489 326 2516; baseline 0.018 -3"><span class='ocrx_word' id='word_1_460' title='bbox 271 2489 326 2516; x_wconf 84' lang='lat' dir='ltr'>sto.</span> 
     </span>
    </p>
   </div>
   <div class='ocr_carea' id='block_1_14' title="bbox 313 2533 1029 2575">
    <p class='ocr_par' dir='ltr' id='par_1_23' title="bbox 313 2533 1029 2575">
     <span class='ocr_line' id='line_1_85' title="bbox 313 2533 1029 2575; baseline 0.004 -13"><span class='ocrx_word' id='word_1_461' title='bbox 313 2541 390 2563; x_wconf 79' lang='lat' dir='ltr'>xelx.</span> <span class='ocrx_word' id='word_1_462' title='bbox 424 2533 602 2572; x_wconf 80' lang='lat' dir='ltr'>Pervicacia,</span> <span class='ocrx_word' id='word_1_463' title='bbox 636 2537 815 2575; x_wconf 80' lang='lat' dir='ltr'>praeventio,</span> <span class='ocrx_word' id='word_1_464' title='bbox 851 2536 1029 2567; x_wconf 87' lang='lat' dir='ltr'>obstinatio·</span> 
     </span>
    </p>
   </div>
   <div class='ocr_carea' id='block_1_15' title="bbox 271 2582 1006 2623">
    <p class='ocr_par' dir='ltr' id='par_1_24' title="bbox 271 2582 1006 2623">
     <span class='ocr_line' id='line_1_86' title="bbox 271 2582 1006 2623; baseline 0.001 -9"><span class='ocrx_word' id='word_1_465' title='bbox 271 2584 302 2614; x_wconf 87' lang='lat' dir='ltr'>in</span> <span class='ocrx_word' id='word_1_466' title='bbox 324 2582 448 2614; x_wconf 87' lang='lat' dir='ltr'>nolendo</span> <span class='ocrx_word' id='word_1_467' title='bbox 475 2586 524 2612; x_wconf 85' lang='lat' dir='ltr'>aut</span> <span class='ocrx_word' id='word_1_468' title='bbox 545 2583 655 2622; x_wconf 87' lang='lat' dir='ltr'>aliquid</span> <span class='ocrx_word' id='word_1_469' title='bbox 671 2585 839 2616; x_wconf 72' lang='lat' dir='ltr'>examinare</span> <span class='ocrx_word' id='word_1_470' title='bbox 854 2589 902 2615; x_wconf 85' lang='lat' dir='ltr'>aut</span> <span class='ocrx_word' id='word_1_471' title='bbox 920 2594 1006 2623; x_wconf 79' lang='lat' dir='ltr'>agno-</span> 
     </span>
    </p>
   </div>
   <div class='ocr_carea' id='block_1_16' title="bbox 1050 1789 1792 2624">
    <p class='ocr_par' dir='ltr' id='par_1_25' title="bbox 1050 1789 1792 2624">
     <span class='ocr_line' id='line_1_87' title="bbox 1052 1789 1791 1834; baseline 0.004 -13"><span class='ocrx_word' id='word_1_472' title='bbox 1052 1789 1172 1832; x_wconf 78' lang='lat' dir='ltr'>sragiis,</span> <span class='ocrx_word' id='word_1_473' title='bbox 1188 1790 1351 1833; x_wconf 84' lang='lat' dir='ltr'>divinique</span> <span class='ocrx_word' id='word_1_474' title='bbox 1377 1791 1409 1823; x_wconf 92' lang='lat' dir='ltr'>in</span> <span class='ocrx_word' id='word_1_475' title='bbox 1436 1790 1547 1834; x_wconf 84' lang='lat' dir='ltr'>primis</span> <span class='ocrx_word' id='word_1_476' title='bbox 1566 1791 1710 1831; x_wconf 89' lang='lat' dir='ltr'>luminis,</span> <span class='ocrx_word' id='word_1_477' title='bbox 1728 1792 1791 1834; x_wconf 86' lang='lat' dir='ltr'>pri-</span> 
     </span>
     <span class='ocr_line' id='line_1_88' title="bbox 1051 1841 1788 1887; baseline 0.003 -14"><span class='ocrx_word' id='word_1_478' title='bbox 1051 1841 1130 1874; x_wconf 78' lang='lat' dir='ltr'>vatis</span> <span class='ocrx_word' id='word_1_479' title='bbox 1167 1842 1203 1875; x_wconf 87' lang='lat' dir='ltr'>ad</span> <span class='ocrx_word' id='word_1_480' title='bbox 1231 1853 1302 1876; x_wconf 82' lang='lat' dir='ltr'>eum</span> <span class='ocrx_word' id='word_1_481' title='bbox 1329 1842 1425 1876; x_wconf 79' lang='lat' dir='ltr'>linem</span> <span class='ocrx_word' id='word_1_482' title='bbox 1457 1843 1661 1887; x_wconf 83' lang='lat' dir='ltr'>publicisque</span> <span class='ocrx_word' id='word_1_483' title='bbox 1692 1844 1788 1876; x_wconf 79' lang='lat' dir='ltr'>etiam</span> 
     </span>
     <span class='ocr_line' id='line_1_89' title="bbox 1051 1894 1788 1940; baseline 0.003 -13"><span class='ocrx_word' id='word_1_484' title='bbox 1051 1894 1180 1927; x_wconf 87' lang='lat' dir='ltr'>indictis</span> <span class='ocrx_word' id='word_1_485' title='bbox 1211 1896 1374 1939; x_wconf 76' lang='lat' dir='ltr'>precibus,</span> <span class='ocrx_word' id='word_1_486' title='bbox 1408 1896 1582 1939; x_wconf 84' lang='lat' dir='ltr'>implorato</span> <span class='ocrx_word' id='word_1_487' title='bbox 1614 1896 1788 1940; x_wconf 81' lang='lat' dir='ltr'>praesidio.</span> 
     </span>
     <span class='ocr_line' id='line_1_90' title="bbox 1052 1948 1792 1992; baseline 0.003 -13"><span class='ocrx_word' id='word_1_488' title='bbox 1052 1957 1164 1980; x_wconf 85' lang='lat' dir='ltr'>omnes</span> <span class='ocrx_word' id='word_1_489' title='bbox 1200 1954 1231 1981; x_wconf 85' lang='lat' dir='ltr'>et</span> <span class='ocrx_word' id='word_1_490' title='bbox 1261 1948 1405 1990; x_wconf 82' lang='lat' dir='ltr'>singulas</span> <span class='ocrx_word' id='word_1_491' title='bbox 1430 1948 1674 1992; x_wconf 78' lang='lat' dir='ltr'>propositiones</span> <span class='ocrx_word' id='word_1_492' title='bbox 1700 1959 1792 1992; x_wconf 84' lang='lat' dir='ltr'>prae-</span> 
     </span>
     <span class='ocr_line' id='line_1_91' title="bbox 1051 1998 1789 2044; baseline 0.001 -13"><span class='ocrx_word' id='word_1_493' title='bbox 1051 1998 1196 2040; x_wconf 80' lang='lat' dir='ltr'>insertas,</span> <span class='ocrx_word' id='word_1_494' title='bbox 1213 2006 1374 2044; x_wconf 82' lang='lat' dir='ltr'>tamquam</span> <span class='ocrx_word' id='word_1_495' title='bbox 1391 2001 1493 2041; x_wconf 79' lang='lat' dir='ltr'>salsas,</span> <span class='ocrx_word' id='word_1_496' title='bbox 1514 2001 1686 2044; x_wconf 84' lang='lat' dir='ltr'>captiosas,</span> <span class='ocrx_word' id='word_1_497' title='bbox 1707 2002 1789 2034; x_wconf 85' lang='lat' dir='ltr'>male</span> 
     </span>
     <span class='ocr_line' id='line_1_92' title="bbox 1051 2053 1791 2097; baseline 0.001 -12"><span class='ocrx_word' id='word_1_498' title='bbox 1051 2058 1213 2093; x_wconf 89' lang='lat' dir='ltr'>sonantes,</span> <span class='ocrx_word' id='word_1_499' title='bbox 1223 2054 1349 2097; x_wconf 82' lang='lat' dir='ltr'>piarum</span> <span class='ocrx_word' id='word_1_500' title='bbox 1361 2053 1486 2087; x_wconf 84' lang='lat' dir='ltr'>aurium</span> <span class='ocrx_word' id='word_1_501' title='bbox 1500 2053 1683 2095; x_wconf 76' lang='lat' dir='ltr'>oll&#39;ensivas,</span> <span class='ocrx_word' id='word_1_502' title='bbox 1703 2064 1791 2086; x_wconf 82' lang='lat' dir='ltr'>scan-</span> 
     </span>
     <span class='ocr_line' id='line_1_93' title="bbox 1052 2105 1791 2148; baseline 0.001 -10"><span class='ocrx_word' id='word_1_503' title='bbox 1052 2106 1192 2145; x_wconf 85' lang='lat' dir='ltr'>dalosas,</span> <span class='ocrx_word' id='word_1_504' title='bbox 1219 2106 1430 2148; x_wconf 87' lang='lat' dir='ltr'>perniciosas,</span> <span class='ocrx_word' id='word_1_505' title='bbox 1459 2107 1662 2146; x_wconf 62' lang='lat' dir='ltr'>[emetat-ias,</span> <span class='ocrx_word' id='word_1_506' title='bbox 1686 2105 1791 2140; x_wconf 86' lang='lat' dir='ltr'>Eccle-</span> 
     </span>
     <span class='ocr_line' id='line_1_94' title="bbox 1051 2158 1788 2202; baseline -0.001 -12"><span class='ocrx_word' id='word_1_507' title='bbox 1051 2158 1116 2191; x_wconf 85' lang='lat' dir='ltr'>siae</span> <span class='ocrx_word' id='word_1_508' title='bbox 1142 2163 1173 2191; x_wconf 86' lang='lat' dir='ltr'>et</span> <span class='ocrx_word' id='word_1_509' title='bbox 1198 2159 1266 2190; x_wconf 87' lang='lat' dir='ltr'>eius</span> <span class='ocrx_word' id='word_1_510' title='bbox 1292 2159 1383 2201; x_wconf 82' lang='lat' dir='ltr'>praxi</span> <span class='ocrx_word' id='word_1_511' title='bbox 1411 2159 1597 2199; x_wconf 79' lang='lat' dir='ltr'>iniuriosas‚</span> <span class='ocrx_word' id='word_1_512' title='bbox 1625 2169 1730 2202; x_wconf 85' lang='lat' dir='ltr'>neque</span> <span class='ocrx_word' id='word_1_513' title='bbox 1757 2159 1788 2191; x_wconf 81' lang='lat' dir='ltr'>in</span> 
     </span>
     <span class='ocr_line' id='line_1_95' title="bbox 1050 2210 1790 2254; baseline 0.001 -11"><span class='ocrx_word' id='word_1_514' title='bbox 1050 2210 1226 2243; x_wconf 83' lang='lat' dir='ltr'>Ecclesiam</span> <span class='ocrx_word' id='word_1_515' title='bbox 1248 2213 1366 2251; x_wconf 85' lang='lat' dir='ltr'>solum,</span> <span class='ocrx_word' id='word_1_516' title='bbox 1393 2211 1448 2244; x_wconf 88' lang='lat' dir='ltr'>sed</span> <span class='ocrx_word' id='word_1_517' title='bbox 1474 2211 1570 2244; x_wconf 86' lang='lat' dir='ltr'>etiam</span> <span class='ocrx_word' id='word_1_518' title='bbox 1596 2211 1628 2244; x_wconf 92' lang='lat' dir='ltr'>in</span> <span class='ocrx_word' id='word_1_519' title='bbox 1653 2216 1790 2254; x_wconf 85' lang='lat' dir='ltr'>potesta-</span> 
     </span>
     <span class='ocr_line' id='line_1_96' title="bbox 1052 2264 1788 2303; baseline 0 -7"><span class='ocrx_word' id='word_1_520' title='bbox 1052 2268 1098 2296; x_wconf 83' lang='lat' dir='ltr'>tes</span> <span class='ocrx_word' id='word_1_521' title='bbox 1136 2264 1256 2296; x_wconf 82' lang='lat' dir='ltr'>saeculi</span> <span class='ocrx_word' id='word_1_522' title='bbox 1295 2264 1568 2303; x_wconf 83' lang='lat' dir='ltr'>contumeliosas,</span> <span class='ocrx_word' id='word_1_523' title='bbox 1605 2264 1788 2303; x_wconf 82' lang='lat' dir='ltr'>seditiosas,</span> 
     </span>
     <span class='ocr_line' id='line_1_97' title="bbox 1051 2316 1790 2361; baseline 0.001 -12"><span class='ocrx_word' id='word_1_524' title='bbox 1051 2316 1176 2360; x_wconf 87' lang='lat' dir='ltr'>impias,</span> <span class='ocrx_word' id='word_1_525' title='bbox 1200 2316 1419 2360; x_wconf 83' lang='lat' dir='ltr'>blasphemas,</span> <span class='ocrx_word' id='word_1_526' title='bbox 1454 2323 1619 2361; x_wconf 86' lang='lat' dir='ltr'>suspectas</span> <span class='ocrx_word' id='word_1_527' title='bbox 1653 2317 1691 2350; x_wconf 87' lang='lat' dir='ltr'>de</span> <span class='ocrx_word' id='word_1_528' title='bbox 1718 2317 1790 2350; x_wconf 82' lang='lat' dir='ltr'>hae-</span> 
     </span>
     <span class='ocr_line' id='line_1_98' title="bbox 1051 2369 1789 2413; baseline -0.001 -11"><span class='ocrx_word' id='word_1_529' title='bbox 1051 2369 1124 2409; x_wconf 88' lang='lat' dir='ltr'>resi,</span> <span class='ocrx_word' id='word_1_530' title='bbox 1144 2379 1180 2402; x_wconf 83' lang='lat' dir='ltr'>ac</span> <span class='ocrx_word' id='word_1_531' title='bbox 1205 2369 1367 2402; x_wconf 81' lang='lat' dir='ltr'>haeresim</span> <span class='ocrx_word' id='word_1_532' title='bbox 1387 2369 1490 2413; x_wconf 88' lang='lat' dir='ltr'>ipsam</span> <span class='ocrx_word' id='word_1_533' title='bbox 1516 2370 1692 2413; x_wconf 82' lang='lat' dir='ltr'>sapientes,</span> <span class='ocrx_word' id='word_1_534' title='bbox 1713 2380 1789 2403; x_wconf 79' lang='lat' dir='ltr'>nec—</span> 
     </span>
     <span class='ocr_line' id='line_1_99' title="bbox 1050 2423 1788 2456; baseline 0 -1"><span class='ocrx_word' id='word_1_535' title='bbox 1050 2433 1115 2456; x_wconf 90' lang='lat' dir='ltr'>non</span> <span class='ocrx_word' id='word_1_536' title='bbox 1141 2423 1314 2455; x_wconf 84' lang='lat' dir='ltr'>haereticis</span> <span class='ocrx_word' id='word_1_537' title='bbox 1346 2428 1378 2455; x_wconf 85' lang='lat' dir='ltr'>et</span> <span class='ocrx_word' id='word_1_538' title='bbox 1408 2423 1598 2456; x_wconf 83' lang='lat' dir='ltr'>haeresibus</span> <span class='ocrx_word' id='word_1_539' title='bbox 1629 2433 1664 2456; x_wconf 83' lang='lat' dir='ltr'>ac</span> <span class='ocrx_word' id='word_1_540' title='bbox 1693 2423 1788 2456; x_wconf 80' lang='lat' dir='ltr'>etiam</span> 
     </span>
     <span class='ocr_line' id='line_1_100' title="bbox 1050 2475 1787 2516; baseline -0.001 -9"><span class='ocrx_word' id='word_1_541' title='bbox 1050 2475 1215 2508; x_wconf 87' lang='lat' dir='ltr'>schismati</span> <span class='ocrx_word' id='word_1_542' title='bbox 1258 2475 1424 2516; x_wconf 77' lang='lat' dir='ltr'>faventes,</span> <span class='ocrx_word' id='word_1_543' title='bbox 1452 2486 1622 2515; x_wconf 76' lang='lat' dir='ltr'>erroneaS,</span> <span class='ocrx_word' id='word_1_544' title='bbox 1660 2476 1787 2509; x_wconf 87' lang='lat' dir='ltr'>haeresi</span> 
     </span>
     <span class='ocr_line' id='line_1_101' title="bbox 1050 2527 1788 2571; baseline -0.001 -11"><span class='ocrx_word' id='word_1_545' title='bbox 1050 2527 1223 2571; x_wconf 80' lang='lat' dir='ltr'>proximas,</span> <span class='ocrx_word' id='word_1_546' title='bbox 1248 2527 1369 2571; x_wconf 88' lang='lat' dir='ltr'>pluries</span> <span class='ocrx_word' id='word_1_547' title='bbox 1396 2528 1573 2568; x_wconf 84' lang='lat' dir='ltr'>damnatas,</span> <span class='ocrx_word' id='word_1_548' title='bbox 1597 2539 1633 2561; x_wconf 83' lang='lat' dir='ltr'>ac</span> <span class='ocrx_word' id='word_1_549' title='bbox 1660 2527 1788 2560; x_wconf 88' lang='lat' dir='ltr'>demum</span> 
     </span>
     <span class='ocr_line' id='line_1_102' title="bbox 1051 2579 1786 2624; baseline 0 -12"><span class='ocrx_word' id='word_1_550' title='bbox 1051 2580 1147 2613; x_wconf 85' lang='lat' dir='ltr'>etiam</span> <span class='ocrx_word' id='word_1_551' title='bbox 1172 2579 1363 2622; x_wconf 63' lang='lat' dir='ltr'>haereticam,</span> <span class='ocrx_word' id='word_1_552' title='bbox 1381 2581 1552 2624; x_wconf 81' lang='lat' dir='ltr'>variasque</span> <span class='ocrx_word' id='word_1_553' title='bbox 1572 2582 1738 2620; x_wconf 71' lang='lat' dir='ltr'>haereses,</span> <span class='ocrx_word' id='word_1_554' title='bbox 1756 2585 1786 2612; x_wconf 90' lang='lat' dir='ltr'>et</span> 
     </span>
    </p>
   </div>
  </div>
 </body>
</html>
