2269 3203
110 241 161 270 An.
182 240 211 270 C.
228 241 297 270 170t

933 241 1075 267 CLEMENS
1099 240 1133 265 xl
1157 241 1206 266 PP.

303 292 438 336 spiritus
478 292 694 326 caeremoniis
734 291 929 336 supradictis
966 291 1046 324 invi-

305 351 386 379 tatos
421 347 530 380 venire
570 352 601 380 et
637 346 696 379 frui
734 351 851 390 putant
889 351 945 378 aut
981 355 1045 379 cre-

304 398 394 432 dunt.
424 399 492 432 Non
513 400 604 443 pauci
627 405 733 433 tamen
756 399 795 432 ad
822 398 1046 441 imaginariam

303 454 351 486 vel
377 454 509 487 dubiam
544 454 652 498 potius
679 465 773 497 quam
801 454 921 486 realem
946 452 1043 496 spiri-

305 513 392 540 tuum
426 507 660 551 praesentiam,
698 507 874 539 adventum
917 511 948 539 et
971 505 1048 538 frui-

305 560 426 593 tionem
452 561 532 593 haec
556 560 675 600 omnia,
701 566 736 593 ut
761 560 856 593 etiam
884 570 921 592 ex
955 559 1047 592 libris

305 619 336 646 et
361 614 529 648 ritualibus
555 614 666 647 sinicis
689 614 867 657 colligitur,
885 613 1046 646 reducere

302 667 466 700 videntur.
487 667 661 701 Confucius
678 678 755 700 vero
774 666 805 699 in
829 666 894 700 Iun
918 666 966 699 Yu
983 665 1045 698 ait:

303 719 358 759 elii
374 720 408 752 iu
425 721 531 764 elzay:
549 720 605 761 slei
622 720 691 754 Xin
709 721 746 753 iu
763 720 834 754 Xz'n
850 720 945 763 clmy,
967 719 1049 752 idest

304 773 508 808 offerendum
544 785 599 808 seu
626 773 876 807 sacrificandum
902 778 972 813 est,
996 783 1049 806 ve-

303 826 362 859 luti
387 827 564 868 adessent,
599 827 726 861 scilicet
749 827 815 861 illis
849 827 968 870 quibus
1001 826 1049 859 of-

303 880 425 921 fertur,
463 880 664 915 offerendum
705 891 763 914 seu
803 879 1048 914 sacrificandum

304 940 353 968 est
378 935 558 978 spiritibus,
595 935 696 968 veluti
721 934 854 978 spiritus
881 934 1047 976 adessent,

302 998 360 1021 seu
386 988 574 1022 existerent.
594 988 726 1021 Statutis
747 993 854 1022 autem
877 988 952 1022 anni
974 993 1049 1021 ten]-

304 1041 439 1084 poribus
475 1041 508 1074 in
547 1042 669 1075 eisdem
705 1041 785 1075 locis
821 1052 878 1075 seu
916 1042 1047 1085 templis

303 1095 525 1138 praefatorum
551 1095 800 1139 progenitorum
819 1095 1049 1128 defunctorum

304 1148 472 1192 spiritibus
505 1149 668 1182 solemnes
703 1148 887 1182 oblationes
918 1158 973 1181 seu
999 1159 1049 1181 sa-

304 1200 423 1235 crificia
448 1200 637 1241 offeruntur,
664 1201 703 1234 ad
723 1212 804 1244 quae
823 1201 1047 1234 tautummodo

304 1255 461 1298 cuiusque
488 1254 628 1287 familiae
653 1255 712 1287 viri
746 1266 782 1287 ac
812 1254 967 1287 mulieres
999 1265 1048 1287 re-

303 1308 447 1351 spective
480 1308 692 1348 conveniunt,
720 1318 756 1340 ac
788 1308 977 1341 earumdem
1004 1310 1048 1340 fa-

303 1361 467 1394 miliarum
503 1361 716 1405 primogeniti
753 1372 790 1394 ex
829 1362 901 1404 lege
926 1362 1048 1395 debent

303 1414 460 1458 primaria
496 1414 602 1448 officia
638 1414 670 1447 in
708 1414 799 1448 dictis
828 1414 1048 1449 oblationibus

305 1478 477 1509 exercere,
513 1467 568 1510 qui
605 1468 702 1501 etiam
728 1468 872 1511 propriis
899 1468 1047 1502 manibus

306 1520 457 1554 animalia
493 1520 659 1554 offerenda
697 1521 849 1554 occidunt
887 1521 919 1554 in
953 1521 1045 1563 locis,

306 1585 344 1607 ac
379 1585 452 1607 cum
489 1575 705 1608 caeremoniis
731 1575 764 1607 in
790 1575 961 1608 ritualibus
986 1586 1046 1620 pro

306 1637 519 1671 personarum
555 1628 708 1672 qualitate
746 1629 926 1672 respective
955 1640 1048 1673 prae-

306 1681 454 1725 scriptis,
491 1682 667 1725 omniaque
704 1688 906 1725 peraguntur
931 1684 1048 1716 eodem

307 1735 374 1767 fere
400 1736 481 1776 ritu,
506 1735 637 1768 mutatis
663 1736 843 1775 mutandis,
872 1737 926 1780 qui
952 1748 1049 1781 supra

306 1786 338 1819 in
354 1787 575 1821 oblationibus
601 1789 801 1822 solemnibus
820 1789 974 1823 Confucio
1000 1801 1049 1824 ex-

307 1840 444 1874 hibitis¹
471 1841 651 1884 descriptus
678 1848 736 1874 est.
774 1842 808 1874 In
834 1843 965 1886 templis
991 1854 1048 1876 seu

306 1894 440 1927 aedibus
465 1895 528 1933 §hu
557 1895 646 1937 Tanq
673 1895 875 1938 nuncupatis,
897 1897 984 1929 iuxta
1009 1896 1051 1929 ri-

307 1949 395 1982 tuale
419 1947 488 1981 Kia
505 1948 553 1991 Ly
571 1949 673 1981 serica
691 1958 754 1981 non
777 1948 969 1990 offeruntur,
991 1961 1051 1983 nec

306 2001 340 2034 in
366 2001 481 2035 eodem
507 2001 543 2034 fit
574 2002 697 2035 mentio
729 2002 815 2036 illius
848 2014 1049 2048 papyraeeae

306 2061 470 2096 monetae,
497 2067 581 2100 quae
607 2067 694 2090 nunc
714 2056 866 2100 temporis
892 2058 924 2090 in
951 2059 1051 2092 onini-

306 2109 367 2142 bus
403 2109 637 2150 oblationibus,
673 2121 756 2154 quae
782 2112 1048 2154 progenitoribus

307 2164 469 2197 defunctis
494 2175 512 2197 a
537 2165 715 2208 gentilibus
742 2165 810 2198 fieri
836 2167 953 2207 solent,
980 2177 1049 2200 cre-

306 2222 433 2258 matur,
471 2228 509 2251 eo
534 2218 621 2262 quod
648 2218 728 2251 haec
753 2219 960 2252 caeremonia
984 2230 1049 2253 non

307 2270 349 2302 sit
372 2271 506 2314 propria
529 2276 636 2305 sectae
661 2272 852 2313 litterariae,
884 2283 991 2316 neque
1016 2273 1049 2306 in

307 2321 372 2356 fine
408 2323 582 2357 oblationis
618 2325 673 2358 illa
709 2326 883 2359 verborum
910 2326 1050 2360 formula

308 2377 554 2419 praescribitur,
582 2389 647 2421 qua
671 2378 703 2411 in
721 2379 945 2422 superioribus
965 2380 1049 2413 obla-

309 2427 454 2462 tionibus
474 2430 630 2464 abeuntes
645 2431 776 2475 spiritus
794 2438 1047 2476 prosequuntur,

309 2481 367 2514 sed
393 2486 515 2516 tantum
550 2484 590 2517 ad
614 2484 647 2517 id
673 2485 833 2528 quaedam
866 2486 1049 2520 inclinatio-

309 2543 368 2567 nes
393 2539 425 2568 et
448 2537 687 2578 prostrationes
714 2538 881 2572 faciendae
902 2540 1049 2573 referun-

312 2591 384 2629 tur;
404 2587 521 2631 quibus
545 2590 695 2633 peractis,
715 2591 862 2633 tabellae,
883 2592 909 2626 si
927 2593 1050 2627 adhibi-

347 2650 358 2676 1
381 2649 454 2677 Edit.
474 2649 556 2679 tttain.
576 2651 643 2687 legit
662 2653 807 2683 exhibitus
826 2654 868 2689 (a.
883 2656 932 2689 Τ.).

1091 296 1139 324 tae
1165 295 1197 324 et
1221 291 1386 335 expositae
1413 291 1544 331 fuerint,
1564 291 1721 325 inlocum
1740 302 1833 325 suum

1090 349 1301 388 reportantur
1326 351 1358 378 et
1382 345 1411 378 in
1432 345 1652 378 tabernaculis
1672 356 1835 389 reponun-

1091 403 1152 437 tur,
1178 408 1304 431 necnon
1330 398 1577 442 progenitorum
1610 399 1751 438 nomine,
1777 409 1835 431 seu

1091 451 1130 484 de
1167 452 1319 484 mandato
1359 452 1563 493 eorumdem,
1601 458 1636 484 ut
1668 452 1699 484 in
1726 452 1835 485 rituali

1090 505 1157 538 Kia
1174 505 1221 548 Ly
1249 505 1378 546 dieitur,
1398 517 1415 538 a
1436 506 1593 547 magistro
1611 506 1834 539 caeremonia-

1091 569 1163 591 rum
1189 559 1345 592 ministris
1363 559 1537 602 primariis,
1557 566 1589 592 et
1605 559 1762 603 implicite
1784 559 1836 592 ad-

1091 611 1251 644 stantibus
1283 613 1449 652 omnibus,
1474 613 1634 656 plurimae
1662 612 1834 645 felicitates

1090 665 1349 708 promittuntur3
1377 671 1408 699 et
1441 670 1614 709 antequam
1641 665 1718 699 fiant
1753 675 1836 698 non-

1091 719 1200 751 nullae
1238 728 1274 751 ex
1310 718 1484 762 praedietis
1518 719 1720 753 solemnibus
1748 718 1836 752 obla-

1092 771 1236 805 tionibus
1252 799 1259 813 ,
1284 773 1428 806 sortibus
1465 783 1536 806 cum
1566 772 1700 817 speciali
1726 783 1837 806 caere-

1092 826 1201 859 monia
1240 831 1314 860 ante
1339 825 1469 860 ianuam
1503 826 1592 860 aedis
1630 837 1685 860 seu
1721 825 1834 870 templi

1091 879 1154 919 ςΙιιι
1174 879 1264 923 Tany
1291 880 1424 923 eligitur
1450 880 1531 923 dies,
1549 887 1579 914 et
1605 880 1644 914 de
1663 879 1747 914 felici
1769 880 1836 913 ele-

1091 932 1198 966 ctione
1223 939 1402 967 monentur
1421 934 1544 977 pariter
1569 933 1700 977 speciali
1721 934 1782 967 ritu
1802 934 1836 966 in

1091 987 1204 1020 eadem
1241 987 1322 1021 aede
1354 998 1411 1021 seu
1447 989 1570 1031 templo
1607 987 1835 1031 progenitores

1092 1040 1246 1081 defuncti,
1272 1051 1329 1073 seu
1355 1041 1544 1074 eorumdem
1571 1041 1714 1084 spiritus,
1731 1047 1766 1074 ut
1792 1041 1836 1073 vi-

1092 1094 1170 1127 dere
1197 1099 1244 1127 est
1269 1094 1300 1126 in
1328 1094 1416 1127 dicto
1443 1094 1568 1134 rituali3
1597 1094 1628 1127 in
1655 1105 1719 1138 quo
1738 1094 1834 1127 etiam

1092 1147 1222 1187 dicitur,
1250 1147 1337 1190 quod
1357 1157 1471 1180 omnes
1490 1147 1673 1180 oblationes
1690 1147 1744 1186 chi
1761 1158 1835 1180 con-

1091 1201 1212 1233 sistunt
1237 1201 1476 1241 tantummodo,
1503 1211 1559 1234 seu
1586 1201 1834 1244 principaliter,

1075 1253 1122 1292 ‚in
1150 1255 1241 1287 totali
1268 1255 1440 1287 sodalitate
1467 1261 1496 1287 et
1522 1255 1722 1297 perfectione
1747 1264 1835 1287 amo-

1092 1307 1134 1340 ris
1171 1312 1202 1340 et
1238 1307 1459 1348 reverentiae;
1497 1313 1529 1341 et
1564 1307 1638 1340 ideo
1669 1318 1833 1351 pauperes

1090 1361 1179 1393 iuxta
1216 1366 1445 1404 paupertatem
1471 1371 1573 1401 suam,
1600 1360 1719 1393 infirmi
1745 1361 1834 1394 iuxta

1090 1414 1173 1448 vires
1199 1425 1286 1455 suas,
1311 1414 1343 1447 in
1370 1414 1435 1447 illis
1463 1414 1617 1448 faciendis
1643 1425 1677 1448 se
1702 1419 1833 1458 gerant;

1091 1468 1143 1512 qui
1176 1479 1253 1501 vero
1290 1468 1408 1501 divitiis
1442 1473 1473 1501 et
1498 1468 1622 1501 viribus
1655 1468 1834 1508 abundant,

1090 1522 1178 1554 iuxta
1203 1522 1425 1565 praescriptos
1451 1522 1531 1555 ritus
1558 1532 1612 1555 eas
1637 1526 1810 1565 peragant.

1134 1575 1250 1609 Preces
1270 1586 1347 1608 vero
1373 1575 1458 1615 licet,
1472 1586 1507 1608 ex
1529 1575 1754 1618 antiquissimo
1771 1574 1835 1607 ritu

1091 1682 1188 1715 certis
1214 1682 1421 1726 temporibus
1446 1693 1502 1715 seu
1529 1693 1588 1726 pro
1615 1682 1756 1725 publicis
1778 1682 1836 1715 im-

1091 1735 1173 1778 perii
1201 1735 1448 1768 necessitatibus
1467 1735 1500 1767 in
1527 1735 1657 1779 templis
1680 1735 1835 1778 progeni-

1093 1795 1199 1822 torum
1226 1789 1454 1822 defunctorum
1471 1789 1580 1832 ,chnny
1602 1789 1690 1822 Miao
1712 1799 1837 1822 nuncu-

1092 1842 1175 1885 patis
1200 1843 1408 1886 peragendae
1429 1842 1705 1886 praescribantur,
1725 1847 1834 1875 etnon

1092 1907 1152 1939 pro
1177 1896 1310 1939 privatis
1333 1896 1582 1929 necessitatibus
1607 1906 1662 1929 seu
1688 1896 1836 1939 indigen-

1093 1949 1159 1990 tiis,
1187 1951 1235 1983 vel
1268 1950 1307 1982 ad
1340 1949 1480 1993 privatas
1518 1949 1688 1983 felicitates
1724 1954 1836 1993 postu-

1093 2003 1205 2037 landas
1232 2003 1329 2046 (eum
1366 2013 1382 2036 e
1417 2008 1530 2036 contra
1567 2003 1630 2036 hoc
1661 2003 1767 2047 ipsum
1797 2013 1835 2036 ex

1093 2056 1208 2089 eodem
1235 2056 1465 2100 antiquissimo
1483 2056 1545 2089 ritu
1564 2056 1596 2089 in
1613 2056 1835 2090 oblationibus

1093 2109 1192 2143 etiam
1228 2110 1432 2143 solemnibus
1467 2109 1632 2143 ordinarie
1659 2109 1834 2144 offerendis

1092 2163 1304 2197 interdictum
1317 2163 1492 2207 videatur);
1509 2163 1726 2198 nihilominus
1739 2164 1836 2198 etiam

1093 2217 1132 2250 ad
1157 2217 1298 2260 privatas
1336 2217 1505 2250 felicitates
1542 2218 1581 2251 ab
1612 2217 1734 2251 eisdem
1760 2228 1835 2261 pro-

1092 2271 1296 2313 genitoribus
1322 2271 1465 2304 defuncti
1491 2271 1659 2314 petendas‚
1683 2271 1836 2314 depreca-

1094 2325 1207 2365 tiones,
1234 2325 1427 2368 praesertim
1445 2335 1531 2357 nunc
1557 2325 1723 2368 temporis,
1749 2336 1766 2358 a
1790 2325 1835 2359 Si-

1092 2379 1250 2412 nensibus
1274 2379 1471 2423 quandoque
1496 2378 1567 2412 fieri
1592 2379 1780 2412 referuntur
1804 2385 1835 2412 et

1092 2432 1273 2475 probantur
1297 2443 1334 2466 ex
1360 2432 1423 2465 alio
1448 2432 1559 2466 rituali
1579 2432 1681 2466 sinico
1703 2433 1734 2466 in
1760 2444 1835 2476 qua-

1093 2491 1169 2519 tuor
1201 2491 1306 2520 tomos
1345 2487 1449 2520 diviso
1475 2491 1508 2520 et
1542 2487 1610 2520 Kia
1635 2487 1683 2529 Ly
1713 2487 1834 2530 pariter

1092 2539 1192 2580 dicto,
1228 2551 1292 2583 quo
1319 2540 1458 2583 gentiles
1493 2540 1614 2584 passim
1637 2545 1775 2572 utuntur
1799 2540 1831 2572 in

1092 2593 1204 2633 Sinis,
1242 2594 1320 2627 licet
1357 2594 1544 2627 huiusmodi
1581 2593 1830 2637 deprecationes

1091 2658 1157 2681 non
1184 2648 1305 2682 fuerint
1326 2648 1516 2682 auctoritate
1537 2647 1681 2691 publiea,
1701 2648 1759 2682 sed
1778 2659 1831 2692 po·

1727 233 1791 267 213
1836 241 1888 269 An.
1905 241 1935 269 c.
1959 241 2026 269 1704

1887 1588 1916 1609 ne
1931 1588 2029 1614 previbus

1846 1615 1949 1636 defunctis
1958 1615 2028 1636 afferri

1091 1629 1123 1662 in
1147 1629 1233 1662 libro
1259 1639 1314 1662 sen
1341 1629 1449 1662 rituali
1464 1629 1511 1672 Ly
1529 1629 1593 1672 Ky,
1610 1628 1919 1663 tantummodosoims.
