2269 3203
486 185 550 219 962
1029 198 1206 222 numanum
1238 199 1391 224 Romanu

439 248 633 282 Bibliotheca
658 248 882 282 Casanatensis.
900 269 943 274 —
961 250 994 282 In
1015 252 1052 283 ea
1076 251 1174 284 libros
1199 263 1414 296 quoscumque
1440 254 1550 287 vetitos
1568 255 1722 288 retinendi
1741 255 1823 288 facta
1847 256 1977 289 facultas

527 302 667 344 generali
692 303 966 338 Praedicatorum.
996 303 1033 336 13
1059 315 1078 336 a
1104 310 1134 336 et
1159 305 1187 336 b.

439 355 635 388 Bibliotheca
653 355 878 388 Urbinatensis.
896 375 938 380 -—
952 356 1177 389 Bibliothecam
1197 358 1354 400 publicam
1374 361 1614 393 Urbinatensem
1637 361 1779 394 Clemens
1798 361 1837 394 xl
1855 362 1977 405 pontiti-

528 408 575 439 cia
594 407 744 440 charitate
770 419 844 450 erga
871 408 1002 451 patriam
1023 419 1112 441 suam
1129 409 1272 448 instituit,
1291 416 1324 443 ut
1349 412 1429 446 idem
1449 419 1565 453 narrat,
1583 413 1646 446 843
1663 425 1680 446 ιι
1699 418 1727 447 et
1745 415 1761 446 b
1777 425 1784 453 ⁴,
1812 425 1847 447 ex
1866 414 1976 448 biblio-

526 461 614 493 theca
642 461 798 503 praedicta
825 471 862 493 ne
888 461 960 493 libri
987 462 1189 494 extrahantur
1215 464 1272 495 sub
1298 465 1391 497 certis
1415 467 1526 510 poenis
1559 466 1740 509 prohibuit,
1769 465 1834 499 844
1858 479 1902 506 a;
1930 467 1976 500 lii-

526 514 701 547 bliothecae
727 515 884 557 praefatae
910 515 1087 547 facultatem
1113 516 1266 548 retinendi
1293 517 1390 550 libros
1415 518 1579 551 damnatos
1606 518 1742 560 indulsit,
1762 517 1826 552 844
1850 532 1869 552 a
1895 526 1925 552 et
1949 521 1975 552 b.

438 568 569 610 Birgitta
594 567 664 609 (8.).
691 587 732 591 -
758 568 790 600 ln
816 567 882 600 eius
907 568 956 600 dic
982 569 1059 602 sesto
1091 568 1283 611 indulgentia
1308 571 1449 613 plenaria
1482 577 1632 615 perpetua
1669 582 1726 615 pro
1751 572 1891 606 ecclesiis
1919 573 1975 606 Or-

525 620 607 654 dinis
632 620 773 654 eiusdem
799 621 940 661 Sanctae,
966 621 1030 655 948
1056 633 1086 661 α,
1112 623 1181 655 vide
1205 622 1327 656 Corona
1352 623 1380 656 S.
1405 623 1564 666 Bit-gittae.

1202 776 1221 806 C

441 878 666 913 Caeremoniae
691 880 737 912 vel
763 880 842 912 ritus
867 880 1020 921 Sinenses,
1046 881 1116 913 vide
1141 880 1238 913 Ritus.

435 932 582 966 canonici
607 933 770 976 regulares
794 933 920 966 Ordinis
946 934 1266 967 Praemonstratensis
1291 935 1551 977 Congregationis
1570 935 1745 979 Hispaniae.
1763 937 1880 971 —Pro
1900 938 1976 981 ipsis

524 987 706 1020 constitutio
724 987 896 1021 Innocentii
912 987 963 1020 Xll
978 987 1059 1020 edita
1081 987 1130 1020 die
1148 997 1179 1020 v1
1198 988 1376 1021 decembris
1390 998 1552 1021 iincxcvm
1570 989 1608 1020 de
1623 989 1835 1023 uniformitate
1854 1001 1976 1023 eorum-

523 1039 594 1072 dem
616 1045 677 1072 tam
705 1040 735 1072 in
761 1041 871 1073 habitu
896 1052 989 1084 quam
1016 1042 1046 1073 in
1072 1042 1185 1074 ceteris
1211 1054 1284 1075 cum
1310 1043 1456 1075 universo
1482 1042 1597 1075 Ordine
1623 1043 1851 1083 confirmatur,
1888 1044 1975 1083 6815

522 1098 555 1125 ut
572 1092 715 1126 canonici
730 1093 883 1136 praedicti
902 1101 1134 1128 reassumerent
1152 1095 1307 1136 habitum,
1324 1096 1515 1129 breviarium
1539 1102 1568 1128 et
1588 1096 1712 1128 missale
1736 1095 1860 1130 Ordinis
1886 1098 1977 1130 Prae-

522 1145 762 1178 monstratensis
788 1146 944 1188 statuitur,
972 1146 1012 1179 78
1034 1148 1066 1187 b,
1097 1148 1171 1182 item
1198 1160 1256 1192 pro
1283 1149 1359 1192 ipsis
1384 1148 1545 1182 decretum
1568 1148 1829 1192 Congregationis
1854 1151 1975 1193 episco-

521 1209 636 1241 porum
667 1204 696 1231 et
725 1199 920 1241 regularium
958 1199 995 1233 de
1030 1211 1093 1233 non
1127 1202 1323 1235 immutando
1350 1201 1457 1234 habitu
1483 1207 1514 1234 et.
1545 1201 1705 1235 breviario
1733 1201 1873 1235 eiusdem
1898 1204 1976 1236 Con-

522 1252 717 1295 gregationis
752 1253 979 1294 confirmatur,
1009 1254 1067 1288 0231
1094 1254 1128 1293 b;
1161 1264 1218 1298 pro
1248 1254 1367 1288 eisdem
1403 1254 1768 1287 praemonstratensibus
1796 1252 1976 1298 Congrega-

521 1305 615 1338 tionis
640 1306 807 1349 Hispaniae
831 1306 993 1339 decretum
1019 1307 1280 1350 Congregationis
1306 1307 1433 1340 Rituum
1466 1318 1560 1351 super
1586 1307 1770 1341 recitatione
1796 1308 1975 1342 officiorum

520 1359 706 1392 Sanctorum
732 1359 936 1403 propriorum
964 1360 1047 1393 iuxta
1073 1361 1167 1393 ritum
1187 1359 1338 1393 Breviarii
1366 1361 1498 1393 Romani
1525 1360 1741 1400 confirmatur,
1759 1361 1823 1395 955
1842 1362 1897 1394 bet
1913 1373 1974 1405 seq.

432 1411 580 1445 canonici
611 1412 775 1454 regulares
806 1413 1064 1455 Congregationis
1092 1414 1330 1446 Wildesinensis
1358 1413 1482 1445 Ordinis
1508 1413 1605 1445 sancti
1630 1413 1804 1455 Augustini.
1829 1433 1873 1438 ——
1900 1415 1976 1458 lpsis

520 1465 683 1499 decretum
709 1465 868 1509 quoddam
894 1466 1155 1509 Congregationis
1181 1465 1462 1509 liululgentiarum‚
1491 1465 1528 1498 de
1554 1466 1840 1499 communicatione
1866 1466 1974 1500 indul-

519 1514 699 1560 lgentiarum
725 1519 985 1562 Congregationis
1004 1519 1221 1554 Lateranensis
1239 1520 1417 1564 praedictae
1444 1521 1729 1563 Congregagationi
1753 1520 1975 1554 Wildesinensi

520 1572 551 1604 in
577 1574 710 1615 utraque
737 1572 917 1613 Germania,
943 1572 1161 1614 confirmatur,
1183 1572 1246 1608 805
1272 1586 1291 1606 α
1316 1579 1343 1606 et
1370 1574 1406 1613 b,
1434 1573 1602 1606 canonicos
1628 1573 1790 1615 regulares
1815 1573 1843 1606 S.
1869 1574 1975 1616 Augu-

521 1625 591 1658 stini
618 1626 791 1669 superioris
816 1626 1000 1660 Germaniae
1026 1627 1165 1670 gaudere
1190 1627 1392 1668 indulgentiis
1419 1626 1577 1669 plenariis,
1596 1626 1753 1660 canonicis
1784 1627 1974 1660 Latet-anen-

519 1678 606 1711 sibus
640 1680 810 1720 concessis,
844 1679 1038 1722 declaratur,
1072 1680 1137 1713 004
1162 1681 1178 1712 b
1204 1686 1233 1713 et
1258 1691 1318 1723 seq.

430 1732 577 1765 Canoruci
603 1733 766 1775 regulares
799 1733 1058 1775 Congregationis
1084 1733 1282 1766 Resormatae
1315 1732 1440 1765 Ordims
1472 1731 1569 1766 sancti
1597 1732 1721 1766 Antonii
1752 1732 1896 1766 Viennae.
1933 1753 1974 1757 »-

519 1786 638 1818 Statuta
664 1785 817 1827 (piaedam
845 1796 903 1829 pro
930 1786 1004 1829 ipsis
1030 1792 1182 1826 recenset,
1204 1785 1245 1818 84
1268 1787 1294 1826 b,
1319 1792 1348 1819 et
1374 1786 1550 1827 confirmat,
1572 1785 1612 1820 88
1636 1787 1660 1819 b.

430 1838 579 1871 Canonici
606 1839 768 1880 regulares
793 1838 821 1871 S.
848 1839 1013 1881 Augustini
1040 1839 1299 1882 Congregationis
1325 1839 1353 1872 S.
1384 1840 1463 1872 Rufi.
1500 1860 1543 1863 —r—
1579 1840 1638 1873 Pro
1665 1839 1805 1883 ipsorum
1833 1841 1972 1874 ecclesiis

520 1891 653 1924 infestis
679 1892 707 1923 S.
726 1892 902 1934 Augustini,
924 1892 992 1925 Rufi
1019 1898 1048 1925 et
1073 1893 1213 1926 Monicae
1238 1892 1432 1934 indulgentia
1459 1893 1599 1935 plenaria
1620 1898 1649 1925 et
1670 1899 1831 1936 perpetua,
1851 1892 1915 1926 0246
1937 1905 1967 1927 a.

429 1944 574 1978 Canonici
601 1945 763 1987 regulares
780 1945 809 1978 S.
829 1945 998 1978 Salvatoris
1016 1946 1141 1979 Ordinis
1158 1946 1186 1979 S.
1206 1945 1381 1988 Augustini.
1399 1965 1442 1968 —
1463 1946 1522 1978 Pro
1549 1945 1625 1989 ipsis
1647 1946 1827 1979 constitutio
1844 1946 1929 1979 Pauli
1950 1948 1971 1979 V

519 2002 628 2030 contra
654 1997 827 2030 ambientes
852 1998 954 2031 officia
983 2005 1013 2031 et
1037 1998 1205 2042 dignitates
1231 1998 1524 2042 incongregatione
1554 1999 1738 2032 eorumdem
1764 1998 1970 2032 confirmatur

519 2054 549 2084 et
573 2050 751 2091 innovatur,
774 2050 838 2083 3-20
864 2052 879 2083 b
898 2057 927 2084 et
950 2063 1028 2095 seq.;
1055 2052 1214 2085 canonicis
1238 2052 1356 2086 eisdem
1380 2052 1533 2085 indultum
1549 2053 1586 2086 de
1604 2053 1825 2096 assequutione
1849 2054 1969 2096 pracla-

517 2107 669 2145 turarum,
685 2104 723 2136 ab
739 2103 865 2137 Urbano
886 2104 949 2137 Vlll
965 2115 1149 2139 concessum
1167 2105 1339 2138 lectoribus
1357 2110 1385 2138 et
1400 2105 1557 2149 magistris
1573 2105 1730 2145 iuvenum,
1749 2106 1786 2138 ad
1805 2106 1969 2149 religiosos

519 2167 627 2190 curam
656 2156 834 2190 animarum
860 2156 1014 2191 habentes
1039 2158 1227 2198 extenditur,
1252 2158 1316 2190 342
1342 2170 1360 2191 a
1385 2163 1415 2192 et
1439 2170 1502 2202 seq.

427 2209 627 2244 Canonizatio
652 2209 851 2244 Sanctorum.
877 2229 920 2234 —-
943 2210 1143 2245 Canonizatio
1169 2211 1196 2244 S.
1224 2211 1267 2244 Pii
1293 2212 1326 2251 V,
1352 2212 1475 2245 Ordinis
1502 2212 1780 2253 Praedicatorum,
1806 2214 1866 2246 una
1897 2224 1967 2246 cum

517 2262 712 2306 indulgentia
735 2262 765 2295 in
790 2262 856 2296 eius
880 2263 969 2304 festo,
994 2264 1230 2308 promulgatur,
1257 2263 1319 2297 500·
1346 2265 1360 2298 b
1386 2271 1413 2298 ct
1440 2277 1521 2309 &VI-3
1551 2266 1623 2299 item
1655 2266 1685 2299 S.
1714 2266 1855 2299 Andreae
1881 2268 1969 2300 Arel-

517 2316 590 2356 lini,
615 2314 678 2348 518
704 2328 724 2349 a
749 2321 778 2349 et
803 2327 866 2359 seq.

425 2369 597 2413 Capellanis
622 2369 844 2402 communibus
869 2370 1045 2404 Sanctitatis
1075 2371 1153 2404 Suae
1190 2370 1356 2414 privilegia
1383 2371 1418 2404 de
1446 2382 1533 2405 more
1560 2373 1715 2406 concessit
1738 2372 1881 2406 Clemens
1906 2374 1964 2411 xt,

515 2422 579 2457 550
604 2434 643 2463 a,
670 2423 743 2456 item
769 2424 969 2457 Innocentius
996 2425 1057 2465 Xll,
1085 2423 1143 2457 881
1174 2436 1203 2458 a.

426 2476 625 2520 Captivorum
643 2477 843 2510 necessitates
865 2483 895 2510 ut
913 2478 1024 2510 saltem
1043 2477 1090 2510 bis
1109 2478 1139 2510 in
1157 2488 1238 2511 anno
1256 2479 1374 2522 populo
1393 2480 1608 2512 commendari
1627 2486 1783 2521 curarent,
1795 2480 1968 2514 Ordinariis

513 2530 619 2562 ltaliae
644 2535 673 2562 et
697 2530 900 2572 generalibus
925 2531 1148 2573 religiosorum
1175 2531 1334 2564 mandavit
1357 2532 1500 2566 Clemens
1526 2533 1574 2573 XI,
1593 2532 1656 2566 347
1682 2545 1701 2566 α
1726 2539 1756 2567 et
1781 2545 1863 2578 ¹0‹2q.;
1886 2533 1967 2567 iden]

514 2582 687 2617 Ordinariis
705 2583 939 2628 quamplurium
965 2584 1127 2619 nationum
1154 2590 1181 2620 et
1208 2584 1409 2629 generalibus
1428 2586 1660 2629 religiosorum,
1680 2586 1741 2620 577
1769 2599 1786 2620 α
1813 2593 1840 2620 et
1868 2587 1893 2620 b.
