2269 3203
249 224 300 250 An.
318 223 345 250 c.
369 223 435 250 1718
483 215 547 248 81⁶2

300 973 327 994 Ut
351 972 432 995 sciant,

248 1004 383 1021 contumaces
393 1004 432 1018 non

277 1029 336 1052 iplius
387 1031 433 1045 ezse

248 1035 274 1047 an

247 1055 356 1075 Ecclesiae
368 1052 433 1075 filios,
463 1066 468 1071 .

443 284 535 315 quam
562 273 736 316 dignitate*
763 275 892 318 praeire
918 279 1060 318 oportet,
1087 280 1122 307 ut
1139 276 1184 308 in-

442 327 626 368 gruentium
654 332 700 360 tot
724 328 883 360 malorum
903 327 1062 370 gravitati,
1084 338 1185 370 quan-

443 385 508 412 tum
535 390 643 412 rerum
669 386 701 413 et
727 386 911 423 temporum
937 391 1094 423 praesens
1112 390 1185 413 con-

443 432 522 465 ditio
549 433 695 475 patitur,
731 438 914 476 opportune
952 444 1184 473 occurramus,

442 485 633 527 praesertim
661 496 700 518 ne
728 492 896 528 pastores,
924 493 1071 519 errantes
1097 492 1130 519 et
1155 487 1185 519 in

444 548 588 570 errorem
616 538 780 571 mittentes
800 565 807 578 ,
833 539 1022 582 disperdere
1048 545 1080 572 et
1106 540 1187 573 dila-

444 602 554 624 cerare
573 603 714 634 gregem
742 593 893 632 Domini,
925 593 1054 626 nemine
1089 595 1182 626 cohi—

442 644 553 684 bente,
580 650 842 687 prosequantur;
864 656 943 678 neve
965 656 1042 679 oves
1057 645 1185 686 Christi,

442 696 538 729 nobis
563 697 756 738 tacentibus,
783 698 853 741 rapi
880 698 911 730 in
942 699 1135 742 praecipitia
1150 710 1186 732 se

443 748 569 782 sinant:
597 750 757 783 universis
783 750 1052 784 christifidelibus
1070 779 1077 792 ,
1109 752 1185 795 quid

441 801 571 834 interim
597 803 786 845 gravissima
812 804 872 836 hac
898 804 931 836 in
955 815 989 837 re
1009 816 1066 838 nos
1089 815 1185 848 agere

443 854 626 887 duxerimus
645 883 652 895 ,
678 857 784 898 palam
811 856 939 890 edicere
962 868 998 890 ac
1019 857 1186 891 declarare

443 907 625 940 statuimus.

488 961 502 1003 ἓ
527 960 558 993 4.
586 961 740 994 Novcrint
764 973 841 1005 ergo
867 974 997 1003 omnes,
1032 964 1086 1007 qui
1115 964 1187 997 ubi-

445 1024 583 1057 cumque
611 1020 769 1047 terrarum
788 1016 949 1049 catholico
968 1017 1099 1049 nomine
1118 1019 1187 1060 glo-

247 1087 286 1101 nec
303 1072 588 1105 communio-riantur,
615 1078 683 1107 nos,
710 1069 763 1112 qui
791 1069 950 1111 unigeniti
976 1069 1048 1102 Filii
1074 1070 1130 1103 Dei
1156 1076 1188 1104 et

247 1108 380 1127 neuin-ahere
388 1111 434 1124 cum

246 1134 344 1154 Romam
361 1132 433 1152 Eeeie-
445 1120 613 1153 salvatoris
639 1122 739 1154 nostri
757 1121 826 1154 Iesu
843 1122 962 1155 Christi
980 1122 1075 1163 vices,
1094 1125 1185 1157 nullo

247 1161 286 1181 sia.

443 1172 522 1205 licet
546 1174 735 1207 meritorum
761 1180 949 1208 nostrorum
972 1176 1136 1219 suffragio,
1154 1177 1186 1210 in

445 1226 538 1258 terris
557 1227 711 1269 gerimus,
732 1238 789 1260 eos
807 1239 932 1269 omneS‚
950 1230 1186 1273 cuiuscumque

443 1283 563 1318 status,
590 1281 736 1323 gradus,
762 1281 887 1314 ordinis
922 1288 954 1315 et
987 1282 1186 1316 conditionis

442 1331 489 1364 illi
515 1332 600 1372 sint,
616 1333 743 1366 etiamsi
759 1334 950 1377 episcopali,
966 1335 1187 1378 archiepisco-

442 1385 519 1427 pali,
538 1390 592 1418 aut
617 1387 680 1418 alia
705 1387 854 1430 qualibet
880 1388 977 1420 etiam
1003 1389 1186 1422 cardinala-

443 1445 491 1470 tus
518 1439 674 1482 dignitate
701 1441 929 1483 praesulgcant
948 1468 955 1482 ,
983 1442 1037 1485 qui
1063 1453 1185 1475 memo-

442 1496 531 1525 ratae
557 1493 780 1526 constitutioni
806 1499 939 1527 nostrae
974 1495 1116 1528 debitam
1155 1502 1185 1529 et

442 1545 664 1578 omnimodam
690 1546 911 1580 obedientiam
936 1553 1104 1591 praestare
1128 1549 1186 1582 ha-

442 1603 554 1631 ctenus
580 1604 783 1640 recusarunt,
811 1606 865 1632 aut
889 1599 921 1632 in
943 1605 1112 1644 posterum
1137 1612 1186 1635 re-

442 1662 555 1685 cusare
581 1653 649 1685 ausi
683 1653 827 1694 suerint,
859 1658 894 1685 ut
924 1665 1018 1687 veros
1053 1661 1184 1688 sanctae

441 1704 608 1738 Romanae
623 1705 787 1739 Ecclesiae
805 1705 888 1739 tilios
908 1717 972 1739 non
991 1717 1183 1750 agnoscere,

442 1768 550 1801 neque
575 1763 609 1790 ut
634 1759 729 1792 nobis
748 1765 779 1792 et
793 1760 879 1792 beati
898 1760 984 1793 Petri
999 1762 1183 1803 cathedrae,

443 1812 530 1854 quod
557 1812 637 1845 salso
671 1817 864 1853 autumant,
902 1814 1117 1848 adhaerentes
1154 1821 1186 1849 et

443 1865 714 1906 consentientes,
754 1867 808 1898 scd
850 1872 963 1900 eontra
991 1869 1101 1910 potius
1138 1868 1184 1901 uti

442 1923 552 1961 aperte
577 1918 806 1952 inobedientes
832 1930 869 1952 ac
901 1920 1028 1953 notorie
1064 1927 1181 1954 contu-

441 1980 547 2003 maces
569 1977 601 2004 ct
624 1972 833 2005 refractarios
860 1973 995 2014 habere,
1021 1979 1130 2007 tenere
1149 1985 1185 2007 ac

442 2029 607 2065 reputare.
636 2024 681 2063 Et,
697 2025 853 2067 quoniam
878 2025 984 2068 primo
1010 2026 1073 2069 ipsi
1091 2038 1109 2059 a
1126 2038 1185 2060 no-

442 2075 492 2107 bis
517 2082 548 2109 et
573 2079 683 2109 sancta
701 2077 847 2110 Romana
862 2078 1018 2119 Ecclesia,
1038 2079 1184 2112 siminus

443 2129 604 2171 expressis
630 2130 761 2171 verbis,
794 2131 885 2164 sactis
918 2137 1006 2164 certe
1041 2133 1186 2175 pertina-

443 2181 555 2224 cisque
589 2188 620 2214 et
652 2183 831 2216 obduratae
857 2185 975 2217 mentis
1013 2185 1184 2228 multiplici

443 2235 681 2277 significatione
708 2243 926 2278 recesserunt,
945 2237 1018 2271 illos
1035 2238 1185 2272 similiter

444 2298 461 2320 a
493 2288 586 2321 nobis
622 2295 786 2333 tamquam
831 2301 848 2322 a
882 2293 995 2323 nostra
1027 2297 1058 2324 et
1093 2292 1182 2324 eius—

444 2341 516 2373 dem
542 2347 671 2374 sanctae
697 2342 860 2375 Romanae
885 2342 1047 2376 Ecclesiae
1080 2345 1186 2376 chari-

443 2399 508 2426 tate
534 2405 669 2437 prorsus
690 2401 879 2438 segregatos
898 2396 1033 2437 haberi;
1050 2398 1186 2429 nullam-

444 2457 506 2489 que
528 2447 664 2489 proinde
687 2448 780 2480 nobis
804 2448 911 2491 etipsi
926 2454 1055 2481 sanctae
1070 2449 1185 2482 Roma-

442 2510 504 2533 nae
528 2500 693 2534 Ecclesiae
714 2501 867 2544 deinceps
881 2502 1033 2534 cumillis
1047 2512 1186 2534 commu-

442 2553 576 2586 nionem
601 2553 856 2586 ecclesiasticam
871 2554 1059 2594 extituram,
1082 2555 1185 2588 donec

480 2618 490 2642 1
512 2614 579 2643 Male
599 2615 664 2642 edit.
685 2615 769 2642 Main.
790 2615 858 2651 legit
876 2616 1032 2650 diynitates
1051 2618 1093 2653 (a.
1116 2618 1166 2652 Τ.).

1020 227 1200 251 BFLLAMUM
1224 226 1380 250 RoitANUit

1978 228 2028 256 An.
2046 229 2074 257 C.
2096 230 2164 263 ¹718

1230 275 1344 317 (quod
1371 275 1446 308 faxit
1471 275 1580 318 Deus)
1607 275 1731 318 integre
1757 275 1970 320 resipiscant,

1227 329 1412 372 reiectaque
1423 329 1552 372 penitus
1564 329 1695 362 audacia
1706 330 1898 373 refragandi,
1912 341 1970 373 per

1228 381 1463 414 exhibitionem
1488 392 1583 415 verae
1614 382 1838 422 obedientiae,
1873 393 1967 426 quam

1228 436 1415 478 complures
1435 447 1545 468 eorum
1565 436 1711 468 Romano
1731 435 1876 468 Pontifici
1895 436 1970 468 bea-

1230 488 1249 520 ti
1276 489 1361 521 Petri
1388 489 1571 521 successori
1598 499 1634 521 ac
1666 489 1735 521 lesu
1769 488 1889 522 Christi
1925 489 1970 520 vi-

1228 542 1314 574 cario
1351 543 1383 574 in
1420 543 1557 585 ipsamet
1593 541 1731 574 solemni
1762 542 1968 585 professione

1228 595 1410 628 catholicae
1441 594 1524 634 fidei,
1545 595 1738 638 interposita
1756 594 1969 627 iurisiurandi

1230 648 1399 690 religione,
1425 648 1462 680 ad
1490 654 1601 680 sancta
1626 648 1680 680 Dei
1712 647 1880 690 evangelia
1901 658 1970 680 sae-

1228 701 1300 744 pius
1325 701 1602 744 spoponderunt,
1631 700 1787 744 pristinae
1817 700 1970 732 charitati

1229 760 1259 787 et
1285 755 1399 787 unitati
1426 755 1465 788 ab
1486 756 1600 789 eadem
1616 755 1802 798 Apostolica
1821 754 1903 787 Sede
1921 764 1971 787 re-

1230 808 1319 842 stitui
1345 814 1542 842 mereantur.

1272 861 1331 904 35.
1347 861 1392 894 Ad
1413 871 1468 894 vos
1487 866 1663 904 postremo,
1683 861 1888 894 venerabiles
1906 860 1969 893 sra-
2006 871 2042 902 Ut»
2056 873 2164 899 praesum

1230 920 1316 954 tres,
1342 914 1568 957 patriarchae,
1593 914 1750 957 primates
1768 941 1774 954 ,
1799 913 1965 956 archiepi-
1980 899 2108 956 ἓξὲξάἐξὲἑῗ
2119 905 2165 956 gif-{2

1229 968 1330 1011 scopi,
1360 968 1518 1010 episcopi,
1544 967 1711 1010 ceterique
1736 977 1849 1000 omnes
1869 955 2164 1009 encta-1:535;t{?³⁸⁶3¹t

1228 1021 1346 1053 siarum
1372 1021 1556 1063 praesules,
1584 1020 1737 1062 gaudium
1763 1025 1906 1052 nostrum
1939 1008 2166 1062 θῑῗῖιᾞτῖἷὲἶῗζιιᾷῗ

1230 1084 1351 1106 corona
1365 1078 1484 1112 nostra,
1496 1072 1693 1116 apostolicae
1712 1072 1897 1105 dilectionis
1914 1083 1968 1105 no·
1980 1059 2166 1117 {ffiqii'eflssiiessii‘el

1229 1132 1314 1159 strae
1339 1136 1523 1159 sermonem
1550 1126 1779 1167 convertimus,
1799 1126 1969 1158 hortantes
1980 1114 2081 1161 ssssffi'f'm
2104 1117 2165 1132 ‘m'

1230 1189 1284 1212 vos
1310 1184 1340 1211 et
1366 1179 1577 1211 obsecrantes
1604 1178 1636 1210 in
1662 1178 1813 1218 Domino,
1839 1183 1884 1219 ut,
1909 1189 1969 1222 pro

1230 1243 1268 1265 eo
1301 1243 1365 1275 qno
1391 1232 1523 1275 polletis
1563 1231 1717 1274 pastorali
1759 1232 1846 1272 zelo,
1883 1243 1971 1265 com-

1230 1284 1343 1317 missas
1371 1284 1461 1317 vobis
1486 1284 1604 1317 Christi
1638 1294 1713 1317 oves
1749 1295 1767 1317 a
1802 1284 1968 1317 venenatis

1227 1337 1365 1380 pascuis,
1392 1337 1477 1369 idest
1501 1337 1714 1380 profanarum
1738 1347 1852 1370 vocum
1869 1337 1971 1370 etdo-

1227 1391 1405 1424 ctrinarum
1431 1389 1646 1430 novitatibus,
1672 1390 1788 1423 sedulo
1815 1390 1969 1429 arceatis,

1228 1443 1391 1487 simulque
1417 1449 1588 1487 paternam
1621 1442 1881 1476 sollicitudinem
1916 1453 1971 1476 no·

1227 1502 1327 1530 stram
1352 1497 1384 1529 in
1412 1497 1604 1530 revocandis
1626 1496 1664 1529 ad
1683 1496 1814 1528 saniora
1832 1495 1970 1529 consilia

1228 1550 1490 1593 quibuscumque
1531 1549 1768 1581 dissidentibus
1808 1548 1970 1593 efficacius

1228 1603 1409 1643 adiuvetis,
1437 1603 1481 1635 ita
1505 1607 1540 1634 ut
1563 1602 1653 1635 vobis
1678 1601 1873 1634 indivulsam
1898 1611 1969 1634 cum

1227 1659 1337 1689 sancta
1351 1656 1497 1689 Romana
1510 1654 1655 1688 Ecclesia
1671 1655 1704 1687 in
1727 1654 1877 1687 doctrina
1893 1654 1969 1687 fidei

1227 1710 1403 1749 unitatem,
1429 1709 1517 1752 quod
1543 1708 1604 1741 iam
1639 1708 1791 1751 plerique
1827 1708 1969 1740 vestrum

1229 1762 1359 1805 egregie
1375 1761 1595 1805 praestitistis,
1613 1759 1799 1793 firmissime
1818 1760 1971 1803 profiten-

1229 1815 1326 1855 tibus,
1355 1815 1525 1848 ehristiani
1555 1824 1667 1847 omnes
1695 1819 1894 1856 agnoscant,
1914 1823 1970 1846 vos

1227 1869 1325 1911 longe
1351 1868 1389 1900 ab
1414 1867 1454 1899 iis
1480 1877 1549 1900 esse
1580 1867 1636 1910 qui
1667 1867 1903 1908 elongaverunt
1934 1875 1970 1898 se

1228 1932 1245 1954 a
1270 1920 1365 1954 nobis
1385 1947 1393 1961 ,
1420 1931 1456 1953 ac
1482 1920 1613 1953 illorum
1640 1918 1861 1952 damnabilem
1897 1919 1969 1952 ino-

1227 1973 1426 2006 bedientiam
1463 1975 1525 2005 una
1561 1971 1729 2005 nobiscum
1767 1971 1906 2004 aversari
1939 1976 1971 2005 et

1227 2026 1424 2070 improbare,
1452 2037 1589 2069 eosque,
1617 2025 1676 2058 nisi
1703 2025 1925 2068 resipuerint,
1952 2037 1970 2058 a

1227 2080 1407 2112 communis
1442 2069 1607 2112 societatis
1644 2078 1802 2111 charitate
1838 2088 1969 2121 prorsus

1228 2133 1353 2165 alienos
1392 2132 1526 2165 habere.
1566 2131 1694 2164 Utinam
1729 2130 1783 2174 qui
1821 2131 1968 2175 paternis

1229 2186 1387 2218 hactenus
1414 2184 1590 2218 humilitati
1615 2189 1746 2217 nostrae
1762 2184 1896 2217 vocibus
1918 2195 1970 2217 re-

1229 2239 1340 2272 luctati
1366 2244 1465 2278 sunt,
1490 2237 1580 2270 vobis
1605 2237 1755 2270 omnibus
1781 2247 1847 2270 non
1871 2237 1968 2271 modo

1227 2292 1451 2335 arguentibus,
1477 2290 1723 2324 obsecrantibus
1749 2295 1780 2323 et
1796 2290 1968 2334 increpan-

1228 2344 1334 2384 tibus,
1359 2344 1415 2377 sed
1441 2349 1474 2376 et
1497 2344 1536 2376 ab
1563 2353 1677 2376 eorum
1707 2343 1874 2376 consortio
1905 2354 1965 2387 pe-

1226 2397 1314 2429 nitus
1339 2397 1589 2436 abstinentibus,
1614 2397 1815 2437 erubescant,
1837 2397 1968 2430 consun-

1228 2449 1346 2482 dantur
1364 2455 1396 2482 et
1409 2454 1647 2489 convertantur,
1667 2449 1786 2492 detque
1803 2449 1867 2483 illis
1881 2450 1966 2483 Deus

1226 2503 1463 2546 poenitentiam
1488 2503 1526 2535 ad
1552 2503 1816 2545 cognoscendam
1852 2503 1967 2536 verita-

1227 2561 1301 2598 tem,
1325 2562 1379 2596 ut,
1404 2556 1583 2588 secundum
1608 2556 1820 2599 apostolicam
1845 2556 1965 2590 doctri÷

1227 2619 1311 2650 nam,
1321 2609 1406 2642 idem
1417 2609 1523 2651 ipsum
1540 2609 1669 2643 tandem
1683 2609 1965 2655 dicamus-omnes,
