2269 3203
277 184 326 210 An.
346 184 372 210 e.
396 184 461 212 1714
507 175 572 209 6⁵2⁶)

320 1038 454 1059 Confirmatio

280 1066 447 1086 excommunica-

272 1093 333 1112 tionis·
349 1100 358 1112 υ

271 1119 322 1139 ‹tt->u
347 1125 393 1138 cum
419 1119 456 1138 Ἰν-

271 1148 329 1165 cleto
345 1151 381 1170 pro
400 1144 454 1165 illius

271 1172 405 1191 observantia
435 1174 454 1191 rt

271 1204 343 1223 poenis
365 1199 385 1218 in
407 1204 454 1219 ceu*

271 1226 420 1245 traveriientes.

393 1095 454 1112 inter-

471 234 721 277 praemissorum
759 238 929 271 occasione
961 249 1015 271 seu
1041 239 1071 271 in
1096 250 1208 273 eorum

470 288 635 330 sequelam
661 299 718 331 per
739 290 938 332 praedictum
957 292 1143 324 canonicum
1161 292 1209 324 lo-

470 340 607 382 seplium
634 341 770 375 Marotta
800 348 854 375 aut
874 354 1098 387 quaecumque
1116 354 1208 387 prae-

470 392 522 424 snti
549 394 640 435 regni
667 394 795 427 Siciliae
824 395 993 428 tribunalia
1017 406 1071 429 seu
1094 407 1205 430 eorum

469 444 635 488 delegatos
669 448 716 479 vel
751 448 994 481 commissarios
1021 449 1136 482 bacin
1171 460 1206 482 re

469 497 509 530 de
534 504 644 531 cetero
669 498 732 541 agi,
761 500 827 541 geri
851 505 881 532 et
902 501 1046 533 ordinari
1073 513 1206 545 quomo-

469 551 592 584 dolibet
616 552 800 595 contigerit,
829 553 943 586 barum
970 554 1054 587 serie
1081 555 1207 588 damna-

468 613 548 645 mus,
568 605 793 647 reprobamus,
814 616 1010 648 revocamus,
1033 618 1204 647 cassamus,

468 656 639 696 irritamus,
674 660 890 698 annullamus,
926 661 1101 701 abolemus,
1132 662 1206 694 viri-

468 710 593 753 busque
627 715 658 743 et
689 710 801 744 effectu
839 713 968 755 penitus
1004 719 1036 747 et
1072 715 1204 749 omnino

467 772 648 803 vacuamus,
674 774 710 796 ac
736 774 795 807 pro
822 765 989 806 damnatis,
1011 768 1203 810 reprobatis,

467 816 634 855 revocatis⁷
662 818 803 856 cassatis,
830 818 939 859 irritis,
975 821 1082 858 nullis,
1119 820 1206 854 inva-

467 867 540 901 lidis
566 873 598 901 et
628 869 768 905 abolitis.
801 871 985 915 viribusque
1024 878 1055 905 et
1090 872 1203 906 etl'ectu

466 921 597 964 penitus
615 927 646 954 et
664 922 799 955 omnino
816 925 923 957 vacuis
943 935 1073 968 semper
1090 926 1203 959 haberi

467 975 614 1008 volumus
641 980 672 1008 et
697 977 901 1010 mandamus.

511 1027 525 1070 ξ
550 1027 581 1060 4.
608 1028 788 1070 Praeterea,
814 1031 940 1063 tametsi
968 1031 1006 1064 de
1033 1036 1205 1076 perspecta

467 1081 578 1124 populi
604 1087 636 1114 et
661 1081 841 1116 incolarum
866 1083 1003 1117 civitatis
1026 1091 1057 1118 et
1082 1086 1205 1120 dioece-

467 1133 508 1165 sis
534 1133 717 1177 Liparensis
743 1137 960 1179 praefatarum
982 1139 1102 1182 pietate
1135 1140 1205 1174 illo-

466 1197 605 1230 rumque
629 1189 728 1221 veteri
756 1189 787 1221 in
806 1189 981 1224 Ecclesiam
1000 1197 1096 1236 atque
1122 1194 1206 1227 hane

467 1240 685 1283 Apostolicam
710 1241 826 1275 Sedent
842 1243 1013 1278 devotione
1034 1250 1095 1278 tam
1114 1257 1206 1290 prae-

466 1293 550 1326 clare
575 1294 763 1335 sentiamus,
790 1301 824 1328 ut
855 1296 987 1330 minime
1021 1298 1204 1332 dubitemus

467 1345 564 1389 ipsos,
602 1347 696 1380 etiam
735 1348 895 1382 eiusmodi
929 1354 1037 1383 nostra
1063 1352 1205 1386 declara-

466 1398 554 1432 tione
581 1399 713 1433 minime
748 1404 926 1445 expectata,
966 1404 1202 1447 praeinsertum

465 1451 605 1484 edictum
631 1453 756 1496 aliaque
784 1465 842 1498 per
867 1457 986 1490 dictum
1012 1457 1202 1490 canonicum

465 1504 638 1547 losepbum
664 1506 799 1540 Marotta
834 1515 923 1551 gesta
955 1521 1013 1552 pro
1049 1511 1147 1543 irritis
1173 1517 1204 1545 et

465 1558 626 1600 invalidis,
653 1561 837 1605 nulliusque
862 1573 997 1606 prorsus
1022 1565 1150 1597 roboris
1167 1576 1203 1597 ac

464 1612 582 1644 valoris
607 1613 668 1645 iam
690 1613 842 1648 babuisse
864 1620 892 1649 et
913 1616 1128 1659 imposterum
1148 1619 1203 1651 ha-

465 1664 588 1698 bituros
614 1676 696 1705 esse,
715 1667 862 1710 adeoque
885 1670 992 1702 omnia
1010 1680 1025 1701 e
1047 1680 1202 1704 converso

464 1728 523 1761 per
547 1719 766 1762 supradictum
792 1720 949 1754 Dictaeum
973 1722 1126 1756 vicarium
1154 1734 1202 1767 ge-

463 1773 609 1805 neralem
635 1778 704 1806 acta
738 1779 768 1806 et
793 1775 943 1808 ordinata
975 1776 1129 1819 religiose
1166 1787 1202 1810 ac

464 1829 573 1858 exacte
598 1826 787 1860 observasse
814 1833 846 1860 et
861 1828 1094 1862 observaturos
1114 1840 1200 1871 esse,

463 1877 687 1919 nihilominus,
706 1880 743 1912 ad
769 1880 924 1914 maiorem
951 1881 1103 1916 similiter
1128 1894 1201 1916 cau-

463 1931 568 1970 telam,
595 1933 747 1974 generale
775 1933 996 1975 interdictum,
1025 1936 1075 1968 cui
1108 1946 1201 1979 prae-

464 1983 545 2016 fatus
570 1984 707 2017 Didacus
732 1986 870 2019 vicarius
903 1989 1064 2029 generalis
1091 1989 1202 2022 civita-

464 2041 528 2068 tem
565 2042 596 2069 et
634 2037 811 2071 dioecesim
856 2041 1077 2083 supradictas,
1116 2042 1200 2075 sicut

463 2089 701 2131 praemittitur,
728 2092 888 2133 subiecit,
923 2104 1051 2127 necnon
1085 2105 1201 2128 censu-

464 2151 514 2173 ras
539 2152 593 2175 seu
629 2143 864 2178 declarationes
891 2148 1201 2182 excommunicatio-

463 2195 523 2234 nis,
550 2195 589 2227 ab
615 2206 653 2228 eo
679 2203 792 2230 contra
818 2201 1085 2241 praenominatos
1112 2201 1201 2234 loan-

463 2257 537 2280 nem
564 2248 738 2291 Baptistam
771 2250 955 2285 Gastaldum
988 2259 1019 2286 et
1050 2254 1199 2287 Carolum

463 2301 652 2334 Aleonanda
693 2305 881 2346 expulsores
917 2316 1011 2346 suos,
1050 2307 1198 2350 aliosque

462 2364 575 2387 omnes
601 2355 653 2398 qui
681 2357 828 2390 eamdem
860 2360 1085 2402 expulsionem
1111 2371 1199 2393 man-

463 2407 591 2448 darunt,
628 2419 684 2442 seu
722 2410 766 2442 illi
805 2421 921 2454 opem,
962 2412 1104 2445 savorem
1146 2418 1200 2446 aut

463 2461 633 2494 consilium
670 2463 783 2505 quovis
819 2463 915 2497 modo
952 2466 1196 2508 praestiterunt,

463 2514 690 2557 promulgatas,
717 2526 777 2558 pro
810 2517 924 2549 validis
957 2523 988 2550 et
1019 2518 1110 2550 iustis
1145 2519 1200 2551 lia-

463 2567 587 2607 bentes,
614 2567 783 2611 ipsumque
810 2569 1030 2610 interdictum,
1064 2581 1099 2604 ac
1124 2580 1198 2604 cen-

1050 189 1229 214 minantum
1253 189 1271 213 ss
1277 189 1320 214 OM
1323 189 1409 216 ANUM

1252 250 1343 272 suras
1369 251 1425 274 seu
1452 241 1688 275 declarationes
1713 242 1910 284 huiusmodi,
1934 253 1992 276 au-

1251 292 1401 326 ctoritate
1438 295 1676 338 omnipotentis
1701 296 1778 338 Dei,
1804 301 1989 330 sanctorum

1251 347 1473 387 apostolorum
1501 348 1585 381 Petri
1612 354 1643 381 et
1668 349 1778 390 Pauli,
1804 360 1841 382 ac
1866 353 1986 389 nostra,

1250 399 1471 442 approbantes
1498 407 1530 434 et
1554 401 1798 442 confirmantes,
1825 413 1861 435 ac
1877 403 1990 436 adver-

1250 461 1304 484 sus
1331 454 1520 495 praemissa,
1554 460 1713 498 quatenus
1743 466 1825 498 opus
1851 455 1902 495 sit,
1934 456 1986 488 in-

1250 511 1420 543 novantes,
1447 512 1544 545 motu,
1579 507 1723 547 scientia,
1750 508 1989 542 deliberatione

1250 562 1283 589 et
1300 559 1470 600 potestatis
1489 560 1695 602 plenitudine
1714 561 1858 604 paribuS‚
1874 572 1988 595 omnes

1250 616 1282 643 et
1306 611 1450 653 singulas
1474 623 1632 656 personas
1657 614 1904 654 ecclesiasticas,
1924 620 1988 647 tam

1249 664 1440 703 saeculares,
1467 665 1605 698 cuiusvis
1632 666 1762 708 gradus,
1782 667 1990 710 praeminen-

1250 716 1311 748 tiae
1336 727 1372 749 ac
1397 717 1562 759 dignitatis
1589 719 1717 758 tuerint,
1737 730 1832 763 quam
1850 719 1989 753 cuiusvis

1249 768 1393 809 Ordinis,
1420 771 1698 813 congregationis,
1723 772 1862 805 instituti
1889 778 1920 806 et
1942 783 1989 806 so-

1250 821 1385 862 cietatis,
1412 823 1508 855 etiam
1535 824 1614 864 lesu,
1641 826 1824 867 regulares,
1855 827 1894 859 ad
1917 837 1989 860 exa-

1249 878 1331 906 ctam
1368 875 1514 908 eiusdem
1549 875 1710 909 interdicti
1748 878 1987 913 observantiam

1249 926 1335 958 iuxta
1360 926 1494 960 sormam
1522 938 1539 961 a
1564 929 1661 961 sacris
1686 930 1865 963 canonibus
1895 941 1989 974 prae-

1249 978 1402 1022 scriptam
1444 980 1579 1013 omnino
1617 982 1718 1015 teneri
1755 988 1788 1016 et
1827 983 1986 1026 obligatas

1250 1031 1387 1065 existere
1413 1037 1445 1065 et
1471 1033 1551 1073 sore,
1580 1034 1662 1067 itaut
1692 1034 1724 1068 in
1750 1035 1916 1079 quibusvis
1939 1047 1989 1070 ec-

1250 1085 1366 1125 clesiis,
1395 1087 1474 1119 loeis
1509 1087 1584 1130 piis,
1611 1088 1763 1122 oratoriis
1796 1089 1892 1122 etiam
1923 1090 1989 1133 pri-

1250 1137 1330 1170 vatis
1357 1149 1393 1171 ae
1418 1139 1554 1183 capellis
1586 1141 1771 1174 domesticis
1796 1142 1933 1175 civitatis
1958 1149 1988 1176 et

1250 1191 1410 1224 dioecesis
1440 1193 1693 1235 praedictarum,
1727 1194 1987 1239 quibuscumque

1250 1245 1380 1278 tandem
1416 1246 1614 1289 privilegiis,
1653 1248 1915 1292 exemptionibus
1956 1255 1988 1282 et

1249 1297 1392 1337 indultis,
1419 1299 1515 1332 etiam
1540 1306 1735 1343 praetensae
1772 1303 1987 1344 protectionis

1249 1351 1374 1393 regiae,
1414 1362 1469 1384 seu
1510 1353 1673 1396 praetensi
1714 1355 1985 1399 iurispatronatus

1247 1404 1342 1447 regii,
1370 1406 1495 1438 tametsi
1520 1406 1643 1449 pluries
1661 1418 1696 1440 ac
1717 1408 1986 1452 quantiscumque

1247 1457 1370 1491 vicibus
1395 1458 1433 1490 ab
1460 1458 1520 1492 hac
1550 1459 1667 1493 Sancta
1692 1460 1773 1494 Sede
1799 1462 1984 1505 approbati,

1248 1511 1400 1551 munitis,
1430 1522 1491 1545 nee
1527 1512 1666 1553 missae,
1694 1523 1752 1546 nee
1778 1514 1841 1547 alia
1878 1514 1985 1548 divina

1247 1564 1351 1595 officia
1392 1564 1564 1604 celebrari,
1606 1576 1714 1609 neque
1750 1567 1986 1601 sanctissimum

1246 1617 1470 1651 Eucharistiae
1496 1624 1730 1652 sacramentum
1757 1620 1985 1660 administrari,

1247 1670 1417 1714 minusque
1452 1671 1596 1705 fidelium
1634 1673 1858 1707 defunctorum
1896 1675 1987 1708 cada-

1246 1734 1321 1756 vera
1347 1724 1493 1767 sepeliri,
1520 1725 1623 1759 aliave
1650 1732 1796 1770 tempore
1821 1727 1985 1761 interdicti

1246 1777 1414 1820 prohibita
1439 1779 1594 1819 exerceri,
1621 1779 1681 1812 nisi
1709 1781 1918 1824 temporibus,
1937 1791 1986 1814 ca-

1246 1830 1334 1863 sibus
1360 1836 1390 1864 et
1415 1832 1520 1865 modis
1553 1842 1610 1875 per
1634 1833 1836 1876 supradictos
1874 1844 1984 1867 sacros

1245 1894 1388 1917 canones
1414 1885 1589 1928 permissis,
1616 1887 1685 1919 ullo
1720 1887 1819 1920 modo
1846 1888 1984 1930 valeant,

1246 1938 1433 1970 earumdem
1449 1943 1563 1971 tenore
1584 1940 1803 1982 praesentium
1818 1941 1984 1973 statuimus

1245 1993 1277 2020 et
1302 1988 1503 2022 ordinamus.
1531 1990 1578 2023 Ad
1606 1990 1701 2031 haec,
1727 2001 1839 2024 omnes
1865 1997 1896 2024 et
1919 1991 1984 2024 sin-

1245 2042 1347 2083 gulos,
1374 2042 1583 2085 quantumvis
1609 2049 1776 2088 exemptos
1813 2050 1845 2078 et
1867 2045 1982 2088 quovis

1244 2095 1342 2127 modo
1367 2095 1599 2139 privilegiatos,
1616 2097 1669 2140 qui
1695 2102 1823 2137 statuto,
1840 2097 1981 2137 decreto,

1245 2153 1277 2180 et
1309 2148 1509 2181 ordinationi
1543 2150 1661 2183 nostris
1689 2150 1896 2191 huiusmodi,
1921 2151 1982 2183 sub

1244 2201 1358 2244 quovis
1379 2203 1527 2246 quaesito
1545 2204 1664 2242 colore,
1686 2204 1810 2236 ratione
1824 2209 1879 2236 aut
1895 2214 1984 2247 prae-

1245 2259 1341 2294 textu,
1356 2255 1605 2298 quomodolibet
1620 2257 1892 2296 contravenerint,
1904 2267 1983 2301 quo-

1244 2317 1382 2349 cumque
1408 2308 1540 2340 tandem
1566 2309 1670 2348 titulo,
1696 2319 1830 2342 munere
1856 2315 1910 2342 aut
1935 2310 1983 2343 di-

1243 2360 1366 2401 gnitate
1392 2361 1628 2403 praefulgeant,
1655 2372 1693 2394 eo
1718 2362 1789 2405 ipso
1811 2368 1842 2396 et
1860 2363 1981 2407 absque

1242 2413 1305 2445 alia
1330 2414 1552 2446 declaratione
1571 2414 1602 2446 in
1621 2425 1775 2448 censuras
1801 2421 1833 2449 et
1856 2427 1980 2459 poenas

1242 2466 1477 2499 ecclesiasticas
1504 2477 1563 2509 per
1587 2468 1717 2500 eosdem
1751 2479 1860 2502 sacros
1885 2480 1982 2502 cano-

1243 2529 1300 2551 nes
1326 2525 1355 2551 et
1382 2519 1632 2553 constitutiones
1664 2522 1859 2564 apostolicas
1891 2523 1980 2556 desu-

1242 2582 1299 2615 per
1325 2573 1403 2605 latas
1430 2578 1459 2605 et
1481 2573 1651 2616 impositas
1670 2574 1830 2615 incidisse,
1849 2575 1979 2619 illisque

1995 193 2046 221 An.
2067 194 2097 223 C.
2115 195 2183 225 1714
