2269 3203
893 232 1034 256 CLEMENS

267 294 365 327 posse
390 283 421 315 in
454 286 602 317 eventum
637 282 669 315 in
703 293 798 326 quem
832 280 884 314 alii
912 280 1006 314 dictis

267 336 491 380 praetextibus
518 342 548 368 et
574 335 783 377 subterfugiis
810 335 855 367 uti
886 335 1009 367 vellent

267 391 306 423 ad
334 391 396 422 hoc
422 395 457 421 ut
489 400 506 422 a
543 389 687 431 regulari
720 387 908 422 obedientia
934 395 965 422 et
991 398 1007 420 a

268 442 415 475 censuris
441 442 618 486 praedictis
643 452 712 474 sese
739 441 894 480 eximant)
914 452 1007 483 prae-

268 497 409 529 insertas
424 496 570 539 Gregorii
590 495 854 539 praedecessoris
874 495 1008 534 litteras,

267 561 328 593 pro
356 549 491 582 firmiori
519 550 644 581 illarum
671 548 884 581 subsistentia
911 558 945 580 ac
961 548 1008 580 in-

267 601 412 635 violabili
438 602 653 642 elisei-vanua,
673 601 873 645 apostolicae
892 600 1008 633 confir-

267 655 417 688 mationis
443 660 572 688 nostrae
598 654 779 698 patrocinio
811 654 1007 686 communiri

268 708 443 751 plurimum
482 708 669 741 desideret:
707 708 800 740 nobis
836 712 1007 750 propterea

270 762 436 794 humiliter
460 762 635 805 supplicari
675 761 749 794 fecit
784 766 816 793 ut
845 761 876 793 in
914 772 1009 804 prae-

268 814 376 846 missis
404 820 589 857 opportune
615 814 790 858 providere
816 819 846 847 et
869 819 903 846 ut
926 813 1008 846 infra

270 867 440 910 indulgere
467 867 506 899 de
532 867 734 910 benignitate
761 866 943 909 apostolica
969 866 1008 898 di-

271 931 459 963 gnaremur.

123 984 259 1013 confirmauo
315 973 374 1017 §3
398 973 460 1006 Nos
480 973 587 1016 igitur,
608 974 731 1006 similes
750 979 945 1017 praetextus,
965 973 1010 1005 ef-

94 1014 252 1068 Essss‘s't't't‘fffi‘njissis
272 1027 378 1070 sugia,
406 1027 566 1070 falsasque
594 1027 901 1070 interpretationes,
928 1036 1010 1070 quae

94 1064 189 1089 (ἥψω
205 1063 258 1084 ω’
271 1081 310 1113 ad
333 1080 527 1113 eludendam
546 1080 734 1113 earumdem
753 1080 934 1113 litterarum
955 1079 1010 1112 ob-

271 1133 462 1167 servantiam
481 1133 749 1173 obtenderentur,
762 1133 800 1165 de
815 1132 922 1165 medio
940 1133 1012 1165 sub-

271 1197 428 1226 movere,
463 1187 634 1229 ipsumque
671 1186 1013 1229 Micliaelemangeluin

271 1240 496 1284 praepositum
523 1241 709 1282 generalem
741 1239 939 1283 specialilius
973 1239 1014 1271 sa-

268 1293 400 1325 voribus
420 1298 451 1325 et
469 1292 582 1335 gratiis
599 1292 755 1335 prosequi
776 1292 937 1332 volentes,
951 1298 982 1324 et
999 1302 1015 1324 a

269 1345 434 1389 quibusvis
453 1345 812 1385 excommunicationis,
832 1345 1017 1388 suspensio·

269 1399 320 1431 nis
350 1403 382 1431 et
414 1398 591 1438 interdicti,
618 1398 755 1442 aliisque
783 1398 1017 1431 ecclesiasticis

268 1452 451 1492 sententiis,
474 1452 621 1485 censuris
647 1457 678 1485 et
703 1451 828 1495 poenis,
847 1462 864 1484 a
882 1451 950 1484 iure
967 1453 1016 1485 vel

269 1505 309 1538 ab
336 1506 485 1547 homine,
513 1505 624 1549 quavis
654 1505 827 1538 occasione
848 1506 896 1538 vel
922 1507 1018 1538 causa

269 1559 352 1599 latis,
382 1559 408 1591 si
438 1559 555 1602 quibus
573 1559 825 1602 quomodolibet
841 1558 1017 1591 innodatus

271 1610 391 1651 existit,
403 1611 442 1643 ad
454 1611 602 1644 effectum
615 1612 838 1654 praesentium
852 1612 1018 1645 dumtaxat

271 1664 558 1707 consequendum,
573 1664 690 1696 haruin
709 1664 794 1697 serie
811 1665 1017 1698 absolventes

272 1722 302 1750 et
323 1716 505 1750 absolutum
526 1717 595 1749 sore
621 1723 804 1758 censentes,
829 1718 1016 1751 huiusmodi

271 1769 569 1813 supplicationibus
596 1770 757 1809 inclinati,
783 1771 822 1803 de
847 1771 1017 1804 venerabi-

271 1823 351 1856 lium
379 1823 513 1855 fratrum
533 1829 718 1856 nostrorum
737 1823 853 1856 SRE.
872 1824 1018 1857 cardina-

272 1877 350 1910 lium
369 1877 509 1919 negotiis
531 1882 563 1909 et
578 1877 873 1910 consultationibus
892 1878 1018 1921 episco-

271 1940 387 1974 porum
406 1935 438 1963 et
455 1929 654 1972 regularium
674 1930 944 1973 praepositorum,
962 1931 1015 1974 qui

271 1993 370 2026 supra
385 1989 514 2016 narrata
533 1988 656 2016 mature
672 1983 929 2027 perpenderunt,
945 1994 1017 2017 con-

272 2036 369 2076 silio,
407 2036 628 2080 praeinsertas
653 2033 801 2079 Gregorii
830 2037 1017 2080 praedeces·

271 2090 353 2123 soris
379 2089 516 2130 litteras,
543 2100 612 2122 cum
641 2090 790 2122 omnibus
825 2096 855 2123 et
880 2090 1016 2133 singulis

271 2144 303 2176 in
330 2142 376 2176 eis
401 2142 573 2182 contentis,
600 2143 793 2176 auctoritate
822 2143 1014 2187 apostolica,

274 2201 387 2229 tenore
410 2196 644 2239 praesentium,
663 2195 893 2229 confirmamus
912 2202 943 2230 et
961 2208 1016 2240 ap-

273 2249 448 2292 probamus
467 2277 474 2290 ,
502 2249 630 2293 illisque
657 2249 890 2282 inviolabiliter
915 2250 1018 2283 robur

274 2301 459 2342 adiicimus;
481 2303 569 2335 salva
592 2308 699 2335 tamen
720 2313 851 2346 semper
870 2302 900 2335 in
925 2313 1017 2346 prae-

274 2354 381 2387 missis
394 2356 584 2389 auctoritate
600 2356 872 2399 Congregationis
892 2367 1017 2390 eorum-

275 2407 347 2439 dem
373 2407 598 2441 cardinalium.

319 2459 333 2502 §
358 2460 388 2492 4.
412 2459 642 2501 DecernenteS,
668 2462 799 2495 easdem
826 2468 1015 2505 praesentes

275 2522 310 2544 ac
336 2513 559 2555 praeinsertas
584 2514 707 2547 litteras
733 2514 858 2555 firmas,
892 2516 1014 2548 validas

276 2571 307 2599 ct
333 2564 479 2598 efficaces
505 2566 643 2599 existere
669 2573 700 2600 et
737 2568 806 2600 fore
827 2594 835 2607 ,
873 2578 1014 2611 suosque

275 2618 440 2663 plenarios
465 2625 495 2653 et
520 2618 661 2663 integros
686 2619 821 2654 effectus
850 2620 958 2655 sortiri
985 2627 1016 2655 et

71 236 119 264 An.
141 236 171 263 C.
191 236 258 263 1719

107 2467 226 2489 Clausulae.

1060 232 1092 255 xi
1117 232 1167 255 1³1¹.
1692 221 1756 256 8³23
1802 232 1839 258 An

1052 279 1213 319 obtinere,
1238 289 1274 312 ac
1299 279 1338 312 ab
1362 279 1436 318 illis,
1460 280 1498 312 ad
1525 290 1604 323 quos
1622 285 1747 322 spectat
1766 285 1797 313 et

1052 345 1112 377 pro
1139 338 1285 376 tempore
1311 333 1584 376 quandocumque
1610 332 1794 374 spectabit,

1052 387 1084 419 in
1111 386 1260 419 omnibus
1287 391 1318 419 et
1344 396 1401 429 per
1432 385 1540 418 omnia
1570 384 1797 418 inviolabiliter

1053 439 1228 479 observari,
1244 439 1354 482 sicque
1370 439 1401 471 in
1420 437 1608 482 praemissis
1623 448 1683 480 per
1700 448 1797 481 quos-

1054 504 1191 536 cumque
1212 493 1335 525 iudices
1355 491 1540 525 ordinarios
1562 496 1593 523 ct
1615 491 1796 533 delegatos,

1054 547 1150 579 etiam
1166 556 1334 578 causarum
1349 544 1460 588 palatii
1480 543 1651 587 apostolici
1672 544 1796 576 audito-

1054 610 1116 638 res,
1131 598 1264 631 iudicari
1280 603 1311 631 et
1325 597 1453 630 deliniri
1470 597 1604 637 debere,
1625 607 1660 629 ac
1672 596 1798 629 irritum

1053 659 1082 684 et
1110 652 1205 684 inane
1231 652 1257 683 si
1284 662 1378 684 secus
1397 661 1494 693 super
1513 650 1563 683 his
1587 660 1797 693 aquoquam,

1054 705 1166 749 quavis
1189 704 1391 741 auctoritate,
1418 703 1561 736 scienter
1578 703 1629 736 vel
1648 702 1799 745 ignoran-

1054 764 1125 797 ter,
1158 756 1335 800 contigerit
1360 756 1523 789 attentari.

1097 811 1112 855 ᾗ
1138 810 1169 844 5.
1189 810 1258 844 Νοη
1278 809 1485 843 obstantibus
1508 809 1658 842 omnibus
1686 814 1718 841 et
1735 808 1798 841 sin-
1880 820 1994 851 ommno

1054 864 1137 908 gulis
1162 864 1249 905 illis,
1277 875 1358 907 quae
1385 863 1416 895 in
1441 863 1559 897 litteris
1587 849 1971 906 praeinsertis⁰⁰''''‘“¹'‘''⁰¹¹¹·

1054 928 1210 951 concessa
1235 922 1309 949 sunt
1334 927 1398 950 non
1429 916 1581 956 obstare,
1614 915 1799 958 ceterisque

1054 971 1229 1004 contrariis
1254 970 1531 1014 quibuscumque.

1099 1026 1113 1069 ξ
1144 1025 1176 1058 6.
1208 1025 1364 1057 Volumus
1396 1028 1504 1056 autem
1538 1027 1573 1055 ut
1609 1022 1799 1056 earumdem

1056 1079 1278 1123 praesentium
1303 1077 1485 1110 litterarum
1507 1075 1725 1119 transumptis,
1745 1086 1798 1108 seu

1056 1131 1224 1175 exemplis,
1241 1131 1337 1163 etiam
1356 1129 1537 1173 impressis,
1550 1139 1646 1161 manu
1665 1128 1800 1161 alicuius

1058 1185 1178 1218 notarii
1204 1184 1327 1228 publici
1351 1184 1417 1216 sive
1436 1182 1604 1216 secretarii
1623 1182 1729 1215 dictae
1747 1181 1802 1215 So-

1059 1238 1183 1272 cietatis
1209 1237 1413 1281 subscriptis,
1440 1242 1472 1269 et
1492 1236 1602 1279 sigillo
1622 1234 1801 1279 praepositi

1060 1292 1222 1336 generalis
1248 1291 1396 1324 eiusdem
1423 1289 1593 1323 Societatis
1614 1316 1621 1328 ,
1647 1290 1695 1322 vel
1721 1290 1802 1322 alte-

1060 1346 1125 1378 rius
1151 1355 1309 1389 personae
1335 1343 1368 1376 in
1395 1342 1616 1376 ecclesiastica
1644 1342 1801 1385 dignitate

1060 1399 1258 1433 constitutae
1277 1398 1419 1439 munitis,
1436 1397 1548 1432 eadem
1569 1407 1705 1441 prorsus
1723 1395 1801 1430 fides

1062 1453 1182 1486 tamin
1215 1452 1335 1491 iudicio
1364 1462 1459 1495 quam
1497 1456 1584 1484 extra
1618 1450 1697 1484 illud
1731 1449 1802 1483 ubi-

1061 1518 1123 1551 que
1150 1507 1298 1540 locorum
1324 1505 1496 1545 habeatur,
1517 1514 1601 1548 quae
1625 1503 1803 1536 haberetur

1060 1560 1140 1604 ipsis
1172 1559 1405 1603 praesentibus
1437 1558 1462 1591 si
1495 1556 1802 1595 sorent'exliibitae

1059 1615 1110 1647 vel
1131 1618 1297 1647 ostensae.

1104 1666 1217 1699 Datum
1243 1666 1385 1705 Romae,
1411 1665 1495 1709 apud
1526 1665 1556 1699 S.
1585 1665 1714 1698 Mariam
1740 1664 1802 1698 Ma-

1060 1720 1176 1760 iorem,
1203 1720 1263 1752 sub
1289 1720 1410 1753 annulo
1436 1718 1618 1758 Piscatoris,
1645 1718 1696 1752 die
1724 1718 1801 1752 idi-

1060 1773 1198 1806 cembris
1238 1783 1377 1806 itinccxix
1404 1799 1410 1811 ‚
1452 1771 1657 1815 pontificatus
1697 1771 1801 1805 nostri

1061 1837 1146 1859 anno
1171 1837 1221 1859 xx.

1846 252 1850 257 .
1874 229 1989 257 C.17¹9

1851 1033 1911 1052 Fido<

1810 1062 1938 1085 inrupturum

1939 1033 1994 1052 tran.

1095 1889 1158 1916 Dat.
1179 1887 1223 1915 die
1241 1889 1251 1914 1
1271 1887 1426 1915 decembris
1446 1887 1523 1920 ¹719,
1541 1887 1638 1923 pontif.
1655 1895 1726 1915 auno
1743 1894 1788 1914 xx.

1355 2012 1493 2046 CCLXVI
1499 2039 1505 2046 .

1061 2085 1283 2127 Confirmatm·
1300 2084 1464 2118 decretum
1481 2083 1624 2129 capituli
1639 2084 1803 2129 qeneralis

1106 2138 1241 2173 Ordinis
1267 2138 1322 2173 SS.
1359 2139 1534 2172 Trinitatis
1559 2138 1802 2182 Redemptiom's

1106 2192 1317 2236 Captivorum
1350 2192 1628 2225 Discolceatorum
1657 2192 1799 2235 Conyre-

1103 2246 1251 2290 „clationis
1277 2246 1465 2290 Hispaniae
1487 2245 1524 2278 de
1541 2246 1725 2278 mutatione
1747 2255 1800 2278 ve-

1103 2302 1162 2334 stis
1185 2302 1330 2344 fratrum
1350 2297 1577 2333 donatorum¹.

1095 2407 1107 2433 1
1132 2406 1159 2433 ln
1180 2405 1332 2434 Innocentii
1349 2405 1393 2432 xli
1415 2408 1500 2432 const.
1518 2405 1560 2432 ed.
1578 2411 1703 2439 uncxcu,
1725 2403 1767 2432 die
1789 2405 1797 2430 1

1060 2452 1160 2485 martii,
1181 2451 1279 2486 pontif.
1300 2457 1323 2485 1,
1341 2454 1413 2477 extat
1431 2450 1583 2477 moderatio
1604 2449 1803 2476 constitutionis

1059 2497 1093 2523 de
1122 2496 1262 2523 nonnullis
1286 2495 1319 2522 ad
1349 2495 1471 2522 habitum
1493 2503 1544 2521 non
1575 2494 1755 2529 recipiendis;
1776 2498 1803 2520 et

1060 2540 1141 2566 liuius
1158 2540 1296 2567 Pontificis
1317 2544 1402 2566 const.
1420 2540 1463 2566 ed.
1481 2545 1596 2572 MDCCxx,
1613 2538 1655 2564 die
1671 2538 1686 2563 Ξ
1702 2537 1801 2571 martii,

1059 2584 1154 2619 pontif.
1176 2592 1218 2617 xx,
1239 2584 1327 2619 agitur
1350 2584 1382 2611 de
1403 2588 1524 2618 tempore
1544 2582 1623 2609 officii
1643 2581 1800 2608 commissa-

1058 2630 1160 2657 riorum
1180 2629 1361 2664 generalium.
