2269 3203
281 236 331 262 An.
351 235 379 261 C.
401 235 467 262 1715

303 877 413 896 ‹tramutat-
424 882 467 897 univ

283 904 396 929 plumulae.

514 224 577 257 674

475 281 689 316 commissarii
717 287 748 315 et
769 281 943 314 visitatoris
964 278 1136 324 apostolici
1153 287 1213 321 pro

476 341 623 379 tempore
665 335 834 369 existentis
878 335 943 366 sive
987 333 1215 376 episcoporum

476 394 530 422 aut
555 389 748 423 vicariorum
774 387 1027 431 apostolicorum
1054 384 1216 423 manibus,

475 442 566 474 iuxta
590 442 722 474 modum
755 440 1003 483 praescriptum,
1034 443 1214 481 praestare,

476 495 611 538 eiusque
637 494 794 526 formulae
817 491 1031 531 subscribere,
1050 490 1105 524 sed
1121 489 1220 524 etiam

477 549 564 581 illius
601 546 851 590 praestationem
885 555 902 578 a
935 545 1001 577 suis
1040 543 1217 587 respective

478 600 616 633 subditis
642 599 782 641 exigere,
801 610 836 631 ac
857 598 1045 630 authentica
1065 598 1101 629 ea
1119 606 1219 640 super

477 664 512 687 re
532 654 725 686 documenta
743 652 986 696 quamprimum
1001 650 1218 683 transmittere

479 707 519 740 ad
545 717 617 739 suos
639 706 819 749 respective
837 706 1021 748 superiores
1040 704 1219 747 generales,
1239 709 1241 748 3

479 760 533 803 qui
560 760 614 792 illa
639 764 838 792 memoratae
864 756 1132 800 Congregationis
1156 766 1241 789 car-¹

479 813 633 846 dinalium
660 813 766 845 statim
795 811 922 844 tradere
950 810 1128 844 debebunt.

521 867 536 910 g
561 865 591 899 8.
621 866 853 904 Decernentes,
873 865 1003 897 easdem
1028 868 1218 906 praesentes

477 920 602 953 litteras
632 919 712 952 etin
734 918 780 951 eis
806 922 959 951 contenta
983 926 1219 960 quaecumque,

479 974 576 1007 etiam
603 983 639 1006 ex
666 983 703 1005 eo
730 972 817 1014 quod
836 970 995 1013 praedicti
1022 976 1054 1003 et
1077 969 1130 1002 alii
1150 969 1218 1013 qui-

480 1037 620 1069 cumque
634 1025 665 1057 in
684 1024 870 1068 praemissis
885 1023 1047 1056 interesse
1059 1023 1220 1055 habentes

479 1091 533 1113 seu
553 1079 676 1111 babere
692 1077 940 1121 quomodolibet
953 1075 1219 1119 praetendentes,

479 1131 619 1165 cuiusvis
645 1136 760 1169 status,
795 1130 936 1172 gradus,
965 1128 1105 1169 ordinis,
1130 1138 1221 1170 prae-

480 1185 675 1218 eminentiae
689 1190 720 1216 et
731 1183 897 1225 dignitatis
913 1182 1061 1221 existant,
1073 1192 1128 1214 seu
1144 1181 1221 1213 alias

479 1238 629 1281 specifica
645 1243 675 1270 et
693 1236 858 1269 individua
872 1235 1036 1268 mentione
1053 1239 1221 1277 etexpres-

479 1293 569 1325 sione
591 1290 690 1333 digni,
716 1290 779 1323 illis
806 1300 871 1322 non
898 1288 1139 1327 consenserint,
1163 1297 1222 1320 nec
1242 1290 1243 1299 ¹

480 1345 520 1378 ad
545 1355 582 1377 ea
605 1344 718 1383 vocati,
741 1342 828 1375 citati
847 1347 878 1375 et
895 1342 1008 1382 auditi,
1028 1351 1219 1384 causaeque,

480 1403 619 1442 propter
643 1408 723 1440 quas
742 1401 932 1439 praesentes
946 1394 1139 1434 emanarint,
1159 1394 1222 1427 suf-

479 1452 627 1485 ficienter
645 1451 815 1490 adductae,
843 1449 1026 1482 verificatae
1053 1453 1083 1481 et
1108 1447 1220 1480 iustifi-

482 1511 570 1539 catae
597 1515 661 1538 non
688 1503 825 1543 fuerint,
852 1507 906 1535 aut
931 1512 968 1535 ex
994 1503 1056 1534 atta
1078 1501 1223 1544 qualibet

482 1559 580 1592 etiam
599 1556 804 1601 quantumvis
823 1556 914 1596 iusta,
935 1555 1071 1588 iuridica
1089 1554 1222 1597 ctprivi-

480 1612 600 1654 legiata
637 1609 740 1649 causa,
767 1611 896 1649 colore,
931 1613 1101 1652 praetextu
1124 1613 1154 1640 et
1172 1618 1223 1640 ca-

480 1665 560 1708 pite,
578 1664 673 1696 etiam
692 1664 723 1695 in
739 1673 874 1705 corpore
893 1662 971 1694 iuris
988 1662 1108 1701 clauso,
1127 1661 1222 1694 etiam
1244 1687 1245 1697 ,

482 1717 637 1756 enormis,
661 1715 903 1749 enormis-simae
922 1721 953 1747 et
975 1715 1082 1747 totalis
1108 1715 1224 1747 laesio-

482 1771 542 1809 nis,
557 1771 646 1803 nullo
661 1779 802 1812 unquam
823 1774 969 1811 tempore
989 1768 1027 1800 de
1047 1767 1224 1810 subreptio·

481 1824 531 1856 nis
557 1825 606 1856 vel
632 1822 835 1865 obreptionis
862 1827 915 1854 aut
941 1820 1098 1854 nullitatis
1125 1820 1223 1860 vitio,

482 1888 539 1910 seu
572 1875 764 1908 intentionis
797 1880 948 1915 nostrae,
982 1875 1029 1906 vel
1067 1873 1223 1906 interesse

482 1929 676 1962 habentium
713 1929 915 1968 consensus,
949 1926 1051 1959 aliove
1078 1925 1226 1969 quolibet

485 1983 580 2015 etiam
611 1981 817 2024 quantumvis
839 1991 956 2023 magno
976 1985 1007 2013 et
1021 1979 1225 2012 substantiali

484 2046 520 2068 ac
551 2034 770 2076 inexcogitato
804 2039 835 2066 ct
867 2032 1109 2075 inexcogitabili
1140 2031 1248 2064 indi-·

484 2089 680 2130 viduamque
705 2087 950 2130 expressionem
969 2086 1154 2129 requirente
1174 2086 1226 2118 dc-

484 2142 580 2181 fectu,
601 2141 717 2180 notari,
737 2140 933 2183 impugnari,
956 2139 1098 2181 infrfflgi,
1117 2138 1227 2171 invali—

486 2194 564 2235 dari,
583 2193 763 2233 retractari,
783 2193 816 2225 in
833 2192 1088 2226 controversiam
1107 2192 1226 2232 vocari,

486 2253 541 2280 aut
565 2248 603 2278 atl
628 2247 782 2279 terminos
808 2246 886 2278 iuris
904 2246 1024 2285 reduci,
1047 2256 1102 2278 seu
1120 2245 1226 2278 adver·
1248 2274 1249 2278 ,

487 2310 539 2333 sus
558 2300 628 2331 illas
649 2299 836 2342 aperitionis
850 2299 927 2338 oris,
952 2299 1168 2331 restitutionis
1196 2298 1227 2330 in

487 2353 659 2394 integrum,
672 2351 800 2384 aliudve
813 2352 1039 2394 quodcumque
1054 2352 1141 2390 iuris,
1153 2352 1226 2384 facti

487 2406 537 2438 vel
567 2404 686 2447 gratiae
713 2404 893 2436 remedium
919 2404 1073 2436 intentari
1100 2404 1146 2436 vel
1173 2404 1225 2436 im·
1248 2413 1249 2417 ¹

488 2458 621 2503 petrari,
647 2463 701 2489 aut
723 2456 901 2499 impetrato,
929 2467 984 2489 seu
1009 2457 1103 2489 etiam
1128 2462 1226 2495 motu,
1248 2450 1249 2469 ³

489 2511 623 2544 seientia
644 2514 673 2542 et
688 2509 858 2552 potestatis
876 2509 1080 2552 plenitudine
1096 2508 1226 2552 paribus
1248 2508 1249 2523 ³

490 2573 646 2596 concesso
686 2562 735 2595 vel
770 2567 935 2602 emanato,
969 2562 1155 2605 quempiam
1194 2562 1225 2594 in

490 2618 610 2653 iudicio
629 2617 678 2652 vel
694 2621 781 2651 extra
808 2615 888 2650 illud
915 2615 959 2650 uti
986 2625 1043 2650 seu
1065 2625 1098 2651 se
1118 2615 1225 2650 iuvare

1059 228 1239 255 BcLLAmUM
1264 228 1415 252 nomnen

1256 277 1324 310 ullo
1342 277 1439 310 modo
1465 287 1581 320 posse,
1611 277 1667 310 sed
1699 277 1784 319 ipsas
1809 281 1997 319 praesentes

1258 329 1381 363 litteras
1403 341 1536 374 semper
1553 329 1672 370 firmas,
1696 329 1818 362 validas
1840 334 1872 362 et
1893 328 1998 361 effica-

1260 392 1312 415 ces
1355 383 1490 416 existere
1516 388 1548 416 et
1571 382 1649 423 fore,
1676 392 1721 422 ac,
1740 381 1998 425 quibuscumque

1261 435 1337 468 iuris
1363 446 1420 468 sen
1447 436 1520 469 facti
1548 435 1739 475 defectibus,
1764 434 1818 478 qui
1844 434 1999 467 adversus

1260 488 1342 527 illas,
1370 488 1465 521 etiam
1492 488 1680 531 quorumvis
1706 499 1722 520 a
1746 487 1828 521 Sede
1854 487 1999 530 praefata

1262 552 1488 575 concessorum
1503 541 1745 584 privilegiorum
1763 543 1944 583 praetextu,
1960 540 1998 572 ad

1262 593 1408 627 effectum
1435 594 1636 637 impediendi
1662 604 1718 626 seu
1745 592 1930 626 retardandi
1951 603 2001 625 ea-

1262 657 1331 679 rum
1358 647 1591 686 executionem,
1619 646 1731 690 quovis
1759 646 1866 686 modo,
1887 655 1945 677 seu
1963 656 1998 678 ex

1263 699 1375 743 quavis
1400 702 1494 732 causa
1520 699 1641 743 opponi
1667 710 1722 732 seu
1740 698 1835 732 obiici
1855 703 1998 742 possent,

1263 752 1394 785 minime
1420 753 1667 796 refragantibus,
1685 762 1758 785 suos
1784 751 1950 795 plenarios
1972 757 2003 784 ct

1262 805 1408 849 integros
1434 805 1565 839 effectus
1583 806 1691 839 sortiri
1711 812 1742 839 et
1757 806 1918 846 obtinere,
1932 816 2002 838 eas-

1264 869 1327 902 que
1352 864 1541 902 propterea,
1558 859 1708 892 omnibus
1724 865 1756 892 et
1774 858 1909 902 singulis
1923 869 2001 902 quo·

1264 912 1443 945 modolibet
1469 912 1573 945 allatis
1605 922 1661 945 seu
1696 911 1868 945 afferendis
1900 913 2003 956 impe-

1265 964 1416 997 dimentis
1442 965 1572 1008 penitus
1598 970 1629 998 et
1653 965 1785 998 omnino
1812 966 1940 999 reiectis
1968 977 2003 999 ac

1265 1029 1469 1062 nequaquam
1504 1018 1645 1059 attentis,
1671 1020 1709 1052 ab
1736 1019 1817 1059 illis,
1849 1020 1888 1052 ad
1921 1030 2002 1063 quos

1264 1077 1392 1114 spectat
1416 1077 1447 1104 et
1471 1082 1530 1114 pro
1558 1077 1706 1115 tempore
1731 1072 2004 1116 quandocumque

1265 1125 1446 1167 spectabit,
1484 1124 1718 1159 inviolabiliter
1750 1130 1780 1158 et
1812 1125 2004 1159 inconcusse

1265 1177 1440 1218 observari,
1469 1178 1582 1221 sicque
1601 1184 1631 1211 et
1656 1188 1723 1211 non
1748 1178 1844 1211 aliter
1867 1178 1898 1210 in
1917 1188 2006 1221 prae-

1242 1230 1370 1262 ·missis
1397 1241 1454 1273 per
1479 1241 1701 1274 quoscumque
1731 1231 1855 1264 iudices
1879 1231 2007 1264 ordina-

1265 1283 1329 1315 rios
1347 1289 1379 1315 et
1403 1283 1584 1325 delegatos,
1604 1283 1701 1316 etiam
1725 1294 1896 1316 causarum
1921 1285 2006 1327 pala·

1266 1336 1298 1368 tii
1310 1336 1480 1378 apostolici
1491 1337 1671 1377 auditores,
1687 1347 1723 1370 ac
1735 1337 2002 1370 eiusdemsJOE.

1265 1389 1461 1428 cardinales,
1495 1390 1591 1422 etiam
1621 1391 1660 1423 de
1693 1391 1793 1424 latere
1826 1392 1951 1434 legatos
1975 1396 2006 1424 et

1266 1442 1428 1485 praefatae
1454 1443 1545 1475 Sedis
1574 1443 1729 1484 nuncios,
1761 1444 1881 1477 aliosve
1915 1454 2005 1488 quos-

1266 1495 1345 1528 libet
1370 1507 1576 1540 quacumque
1603 1497 1862 1540 praeeminentia
1893 1502 1925 1530 et
1949 1508 2007 1541 po-

1267 1552 1377 1582 testate
1393 1549 1565 1591 fuugentcs
1582 1553 1612 1583 et
1626 1550 1802 1590 functuros‚
1819 1550 1948 1584 sublata
1961 1550 2008 1584 eis

1266 1608 1297 1636 et
1322 1614 1434 1636 corum
1460 1603 1721 1647 cuilibetquavis
1736 1604 2007 1638 aliteriudicandi

1267 1663 1298 1689 et
1323 1657 1562 1700 interpretandi
1579 1658 1732 1691 facultate
1755 1663 1787 1690 et
1804 1657 2006 1698 auctoritate,

1244 1699 1402 1742 lindiam—i
1428 1716 1459 1742 et
1481 1710 1609 1743 definiri
1640 1711 1786 1750 debere,
1814 1721 1850 1743 ac
1879 1711 2006 1744 irritum

1268 1770 1297 1796 et
1316 1764 1412 1796 inane
1437 1763 1462 1795 si
1484 1773 1577 1796 secus
1602 1774 1702 1807 super
1727 1764 1778 1796 his
1797 1774 1813 1796 a
1830 1774 2006 1807 quoquam,

1245 1810 1379 1866 ssquavis
1412 1817 1621 1857 auctoritate,
1655 1817 1795 1851 scienter
1828 1818 1878 1850 vel
1917 1817 2010 1860 igno-

1245 1892 1247 1916 3
1268 1875 1385 1909 ranter,
1412 1871 1588 1913 contigerit
1613 1870 1781 1903 attentari.

1245 1949 1247 1962 ,
1314 1924 1328 1966 g
1352 1923 1383 1956 9.
1410 1922 1481 1956 Non
1507 1923 1712 1956 obstantibus
1736 1923 1942 1966 praemissis,
1967 1929 2008 1964 et,

1246 1973 1248 2037 >l
1271 1982 1429 2019 quatenus
1459 1986 1540 2019 opus
1566 1976 1618 2017 sit,
1650 1978 1762 2009 nostra
1787 1982 1819 2008 et
1844 1975 2010 2009 Cancella-

1271 2030 1336 2062 riae
1369 2029 1567 2073 apostolicae
1600 2031 1712 2071 regula
1742 2030 1780 2063 de
1815 2030 1885 2063 iure
1912 2040 2010 2073 quae-

1247 2105 1248 2130 t
1271 2082 1333 2115 sito
1360 2093 1423 2114 non
1452 2082 1607 2121 tollendo,
1644 2082 1780 2126 aliisque
1806 2083 2008 2126 apostolicis,

1247 2149 1249 2178 χ
1271 2146 1307 2168 ac
1333 2136 1365 2168 in
1387 2135 1624 2168 universalibus
1646 2131 1963 2179 provincialibusque
1981 2142 2013 2169 et

1272 2189 1482 2232 synodalibus
1503 2188 1648 2221 conciliis
1675 2188 1777 2228 editis,
1804 2189 2011 2230 generalibus

1274 2243 1322 2275 vel
1348 2241 1553 2285 specialibus,
1571 2241 1859 2275 constitutionibus
1877 2246 1909 2274 et
1925 2241 2013 2275 ordi-

1272 2296 1474 2336 nationibus,
1499 2306 1626 2328 necnon
1653 2305 1931 2338 quorumcumque
1956 2295 2012 2328 Or-

1248 2388 1249 2395 *
1273 2349 1403 2389 diuum,
1429 2349 1719 2391 congregationum
1739 2375 1746 2388 ‚
1772 2348 2008 2389 institutorum,

1273 2408 1304 2434 et
1329 2403 1532 2441 societatum,
1565 2402 1660 2435 etiam
1691 2402 1775 2443 Iesu,
1801 2413 1836 2435 ac
1861 2412 2013 2445 quarum-

1272 2454 1319 2486 vis
1357 2454 1583 2493 eeclesiarum,
1626 2460 1657 2486 et
1690 2454 1761 2487 aliis
1799 2454 2009 2498 quibuslibet,

1272 2506 1367 2539 ctiam
1411 2507 1606 2546 iuramento,
1645 2506 1893 2540 confirmatione
1934 2518 2013 2551 apo-

1247 2576 1249 2611 ,2
1270 2560 1394 2600 stolica,
1414 2561 1460 2593 vel
1488 2561 1599 2603 quavis
1624 2560 1774 2594 firmitate
1799 2560 1861 2594 alia
1881 2560 2013 2594 robora-

1247 2651 1250 2657 ,
1272 2615 1319 2656 tis,
1343 2615 1469 2648 statutis
1495 2620 1522 2648 et
1544 2614 1832 2649 consuetudinibus
1858 2621 1892 2648 ac
1918 2623 2011 2657 prae-

2005 226 2056 253 An.
2074 225 2102 252 C.
2121 225 2191 253 17¹5

2089 1932 2204 1961 Derogatto

2020 1961 2181 1980 contrariorum.
