2269 3203
469 198 532 231 030

430 255 489 285 rari
502 255 603 294 possit,
622 255 682 285 sive
699 259 811 285 veteres
826 255 962 294 inquilini
981 255 1011 286 in
1028 256 1172 286 conducta

430 305 515 334 domo
534 304 578 333 vel
597 304 736 343 apotheca
755 306 891 334 manere¹
908 304 1007 338 velint,
1022 304 1083 334 sive
1105 304 1172 334 novi

431 353 606 389 conducant,
623 352 676 382 sub
699 353 793 391 poena
815 352 845 382 in
867 352 1032 391 supradicto
1054 352 1172 382 decreto

431 402 581 430 contenta.
605 401 654 437 Et,
678 405 710 430 ut
734 400 890 439 praemissa
914 400 1009 429 onmia
1032 399 1068 429 ad
1102 409 1173 438 quo-

430 458 625 488 rumcumque
648 449 781 478 notitiam
806 448 1009 486 deducantur,
1038 447 1172 478 volumus

431 501 459 526 et
482 497 581 526 eadem
610 497 784 526 auctoritate
815 496 1000 525 deceruimus
1033 504 1173 534 praesens

432 549 564 575 nostrum
588 545 736 574 decretum
753 549 781 573 et
796 548 936 573 statutum
951 544 981 573 in
997 543 1081 573 libris
1096 544 1173 574 eius-

431 595 496 624 dem
519 593 654 624 Gamerae
676 592 840 630 registrari,
870 596 898 621 et
926 592 956 621 in
986 592 1057 622 locis
1079 592 1173 622 solitis

432 646 460 672 et
484 642 630 672 consuetis
653 641 783 671 eiusdem
806 640 892 670 Urbis
922 640 1000 678 affigi
1029 645 1057 670 et
1079 640 1174 679 publi-

432 690 503 727 cari,
518 690 655 728 illiusque
674 692 857 727 transumpto
872 688 1026 728 impresso,
1041 691 1069 718 et
1084 697 1173 719 manu

432 738 521 768 unius
545 748 579 767 ex
597 738 690 767 dictae
706 736 843 767 Gamerae
858 737 980 766 notariis
996 736 1172 776 subscripto,

431 790 544 817 tantam
568 786 654 815 sidem
676 785 705 814 in
729 785 837 815 iudicio
859 788 887 815 et
916 789 998 815 extra
1027 785 1172 822 adbiberi,

432 835 526 875 qualis
549 840 576 865 et
599 839 706 874 quanta
729 834 838 864 eisdem
861 833 1064 873 praesentibus
1087 834 1175 872 origi-

432 884 547 913 nalibus
576 883 681 913 litteris
704 883 903 919 adhiberetur,
934 883 957 912 si
986 882 1017 912 in
1046 881 1174 912 medium

432 932 630 962 exiberentur.
656 933 756 962 Datum
781 932 888 961 Romae
910 931 939 960 in
962 931 1082 961 (lamera
1099 930 1175 969 Apo-

432 979 548 1014 stolica,
582 979 628 1008 die
661 988 697 1007 xx
728 978 838 1007 mensis
869 977 1008 1007 februarii
1030 985 1173 1014 MDLxxnr,

433 1025 618 1063 pontificatus
641 1024 819 1054 sanctissimi
843 1025 871 1053 in
894 1023 1010 1053 Christo
1033 1023 1126 1062 patris
1148 1027 1175 1053 et

432 1071 542 1100 domini
576 1071 668 1100 nostri
702 1070 835 1108 Gregorii
864 1070 962 1099 divina
992 1069 1176 1108 providentia

433 1118 526 1156 Papae
549 1117 624 1155 Xlll,
644 1127 719 1146 anno
742 1126 760 1145 1.
784 1134 818 1137 —
841 1116 988 1146 Acorsrus
1010 1116 1175 1146 CORNELIUS

433 1164 591 1193 cardinalis
624 1163 814 1193 camerarius.
840 1180 875 1183 —
905 1163 1054 1193 Aurasius
1082 1162 1175 1193 GrinA

433 1210 558 1239 auditor.
585 1227 618 1231 —
642 1211 786 1239 Anausis
804 1208 942 1238 MART1N1.

239 1293 250 1312 d
289 1266 423 1306 mediorum
478 1259 492 1301 ξ
516 1258 547 1290 ⁶2.
571 1258 661 1296 Quod
688 1258 819 1301 quidem
841 1258 1019 1299 decretum,
1041 1263 1072 1291 et
1089 1258 1176 1291 illius

238 1295 422 1356 αἱὲωὲἷῖἷνιΪ-ἰῗιῗ
434 1312 608 1354 ampliatio,
626 1316 741 1355 postea
757 1321 815 1354 per
839 1316 969 1344 sanctae
997 1311 1175 1344 memoriae

238 1346 631 1398 ffiffrsuefflffls'Clementem
657 1364 732 1403 VIII,
762 1363 955 1405 Gregorium
982 1364 1042 1404 XV,
1079 1364 1176 1397 Inno-

433 1417 572 1450 centium
599 1417 635 1456 X,
663 1417 860 1450 Clementem
895 1417 992 1449 etiam
1017 1416 1042 1449 X
1067 1417 1175 1450 denuo

433 1469 618 1503 confirmari
641 1474 671 1501 et
689 1469 809 1502 servari
828 1469 1015 1502 mandatum
1040 1469 1099 1501 suit
1116 1479 1176 1512 per

433 1523 564 1566 publica
590 1523 696 1556 edicta
727 1522 925 1555 diversorum
962 1521 1175 1555 cardinalium

433 1576 539 1609 SRE.
551 1575 805 1609 camerariorum
817 1575 1106 1618 praedecessorum
1122 1585 1175 1608 no-

433 1634 584 1668 strorum,
596 1629 627 1660 in
641 1628 719 1660 actis
730 1627 867 1660 Bronori
882 1632 913 1660 et
928 1628 1081 1660 Gamerae
1093 1628 1174 1670 Apo-

432 1681 566 1714 stolicae
587 1680 836 1713 secretariorum
854 1679 1035 1722 respective
1059 1680 1175 1712 diebus

432 1743 495 1767 xxn
513 1733 587 1765 maii
610 1742 766 1772 mxcviii,
795 1742 827 1765 ix
845 1732 919 1764 maii
945 1741 1102 1773 itincxxni,
1123 1742 1174 1765 >nv

435 1786 571 1818 ianuarii
596 1795 776 1825 niocxrvin,
804 1795 812 1818 1
838 1785 977 1817 ianuarii
1009 1794 1174 1818 iunchxin

435 1843 465 1871 et
485 1849 495 1871 1
520 1837 658 1870 ianuarii
684 1847 851 1870 nncxcvui
869 1837 1051 1880 respective
1073 1837 1172 1870 edita.

239 1898 423 1945 mafft'ssssffiff'i'ss'
479 1890 493 1933 ξ
517 1890 548 1923 3.
576 1890 613 1922 Et
631 1891 742 1922 volens
761 1889 857 1922 modo
876 1889 1098 1922 sanctissimus
1120 1890 1177 1922 do-

240 1952 295 1997 mul
322 1934 540 1997 [rhoffi-'minus
552 1948 663 1975 noster
677 1943 827 1975 dominus
845 1942 1054 1975 Innocentius
1069 1942 1176 1975 diviua

240 1983 389 2003 mmmm
434 1996 639 2040 providentia
664 1995 749 2038 Papa
774 1995 854 2036 XIII,
880 2005 1013 2028 suorum
1040 1995 1176 2038 praede-

435 2059 601 2082 cessorum
621 2048 754 2091 vestigia
774 2048 991 2091 insequendo,
1013 2058 1072 2091 pro
1091 2052 1176 2080 tran-

435 2101 595 2145 quillitate
621 2101 790 2133 curialium
822 2105 855 2133 et
883 2100 1047 2133 dictorum
1070 2100 1177 2143 inqui-

434 2154 577 2188 linorum
605 2159 636 2187 et
660 2152 969 2196 subinquifinorum,
1004 2158 1039 2186 ut
1063 2152 1176 2186 decre-

436 2212 502 2239 tum
521 2207 636 2240 eteius
651 2206 816 2249 ampliatio
836 2206 1022 2239 huiusmodi
1044 2206 1177 2240 omnino

436 2265 601 2300 servetur,
628 2259 734 2298 nobis,
753 2265 788 2291 ut
808 2259 974 2291 decretum
994 2264 1025 2291 et
1045 2258 1176 2301 amplia-

436 2313 560 2345 tionem
587 2312 689 2354 ipsam
717 2311 982 2344 confirmaremus
1009 2316 1040 2344 et
1065 2311 1177 2344 obser-

436 2365 502 2397 vari
539 2363 778 2404 mandaremus,
806 2363 991 2407 specialiter
1024 2363 1173 2396 iniunxit.

436 2417 499 2450 Nos
524 2417 631 2460 itaque
668 2417 817 2449 mandata
849 2417 1035 2459 apostolica,
1061 2421 1097 2448 ut
1119 2427 1177 2459 par

438 2475 497 2510 est,
525 2469 641 2512 exequi
662 2470 817 2507 volentes,
832 2474 863 2501 et
887 2474 922 2501 ut
946 2468 1111 2511 proximus
1130 2469 1177 2501 su-

439 2528 529 2555 turus
571 2533 673 2555 annus
709 2527 836 2554 sanctus
873 2523 939 2555 sive
965 2522 1096 2555 iubilaei
1111 2549 1118 2562 ,
1145 2522 1176 2554 in

239 205 286 232 An.
304 205 331 233 C.
356 206 421 233 1723

475 2587 485 2613 1
504 2584 554 2612 Ed.
572 2585 655 2612 Μαίη.
673 2584 737 2620 legit
749 2591 861 2613 movere
873 2592 921 2620 pro
938 2592 1059 2613 manere
1074 2584 1111 2621 (u.
1127 2584 1175 2621 Τ.).

1000 208 1182 232 BULLARIUM
1207 207 1363 234 ROMANUM

1215 257 1445 290 remissionem
1469 261 1680 300 peccatorum
1706 263 1737 291 et
1762 257 1954 293 christifide-

1215 309 1293 342 lium
1325 309 1507 342 animarum
1533 310 1671 343 salutem
1695 310 1883 351 institutus,
1916 313 1954 345 ea

1216 373 1278 405 qua
1303 363 1396 395 decet
1431 362 1551 406 pietate
1585 368 1616 395 et
1647 363 1820 397 devotione
1856 370 1953 408 atque

1215 414 1348 453 laetitia,
1367 425 1431 447 non
1458 420 1564 448 autem
1582 415 1614 447 in
1635 416 1839 449 occasionem
1858 415 1952 457 lucri,

1216 467 1416 510 suscipiatur,
1436 473 1467 501 et
1491 468 1613 501 nemini
1640 478 1676 501 ex
1708 471 1805 502 causa
1828 469 1955 502 habita-

1217 518 1340 552 tionum
1365 526 1395 553 et
1419 531 1494 553 usus
1520 522 1689 554 domorum
1723 526 1754 554 et
1779 521 1955 564 apotheca-

1216 583 1287 604 rum
1312 573 1455 606 eiusdem
1482 574 1576 607 nobis
1601 574 1751 617 litigandi
1776 574 1953 616 materiam,

1216 626 1265 658 vel
1290 625 1421 669 aliquod
1448 626 1534 660 aliud
1559 626 1672 660 afferat
1696 627 1952 669 incommodum,

1217 683 1402 720 opportune
1417 679 1599 721 providere,
1614 690 1650 712 ac
1666 680 1955 723 praedecessorum

1217 737 1402 764 nostrorum
1426 732 1559 774 vestigia
1584 733 1615 765 in
1634 733 1684 766 his
1701 733 1828 776 insequi
1849 733 1956 767 volen-

1218 788 1283 824 tes,
1309 784 1347 818 de
1373 795 1525 828 expresso
1551 786 1665 819 ordine
1691 792 1722 819 et
1745 787 1897 819 mandato
1923 796 1957 819 e-

1218 835 1345 869 iusdem
1369 837 1561 870 sanctissimi
1580 839 1703 871 domini
1728 839 1832 872 nostri
1850 839 1956 882 Papae

1218 888 1398 922 Innocentii
1425 890 1491 922 XIII
1516 890 1605 924 vivae
1629 891 1716 924 vocis
1741 892 1873 925 oraculo
1897 901 1955 925 no-

1218 941 1266 973 bis
1292 942 1431 985 desuper
1455 942 1549 983 sacto,
1583 949 1614 976 et
1638 944 1826 976 auctoritate
1851 943 1957 977 nostri

1219 994 1448 1027 camerariatus
1470 995 1575 1035 officii,
1590 995 1828 1038 praeinsertum
1845 996 1958 1028 decre-

1182 1061 1186 1065 >
1221 1051 1286 1078 tum
1312 1048 1484 1088 camerale,
1511 1058 1638 1081 necnon
1670 1048 1756 1081 illius
1787 1048 1958 1081 confirma-

1220 1098 1327 1139 tionis,
1353 1099 1573 1133 innovationis
1606 1105 1637 1133 et
1661 1100 1882 1144 ampliationis
1908 1101 1958 1134 lit-

1220 1156 1319 1192 teras,
1347 1154 1522 1196 omniaque
1548 1158 1580 1187 et
1605 1154 1735 1197 singula
1758 1154 1792 1187 in
1816 1154 1863 1187 eis
1883 1164 1958 1187 con-

1221 1210 1309 1237 tenta
1334 1210 1365 1238 et
1390 1216 1547 1248 expressa
1570 1217 1815 1251 quaecumque,
1843 1212 1958 1240 tenore

1218 1258 1440 1300 praesentium
1470 1259 1714 1300 confirmamus,
1735 1259 1957 1303 approbamus

1219 1316 1251 1342 et
1271 1310 1471 1351 innovamus,
1498 1312 1630 1355 illisque
1654 1318 1834 1356 perpetuae
1859 1312 1960 1346 firmi-

1219 1363 1292 1396 tatis
1318 1364 1418 1396 robur
1439 1364 1620 1397 adiicimus.

1262 1417 1277 1459 ἓ
1302 1416 1332 1448 4.
1361 1418 1405 1449 Ac
1431 1417 1607 1460 praedictis
1631 1417 1802 1460 inquilinis
1827 1421 1858 1451 et
1881 1417 1958 1451 sub-

1218 1468 1386 1511 inquilinis
1401 1469 1564 1502 decretum
1580 1475 1612 1503 et
1626 1469 1749 1503 litteras
1761 1471 1960 1512 huiusmodi,

1220 1532 1255 1555 ac
1282 1521 1390 1554 omnia
1422 1527 1454 1554 et
1490 1522 1619 1564 singula
1653 1522 1686 1555 in
1719 1522 1765 1556 eis
1805 1528 1961 1556 contenta

1219 1585 1459 1617 quaecumque,
1486 1585 1503 1607 a
1528 1575 1699 1608 domorum
1725 1580 1757 1608 et
1787 1576 1961 1619 apotheca-

1219 1637 1290 1659 rum
1316 1627 1468 1667 dominis,
1495 1637 1530 1660 ac
1555 1628 1626 1660 aliis
1653 1628 1691 1660 ad
1713 1638 1794 1671 quos
1820 1633 1957 1671 spectat,

1218 1684 1379 1722 perpetuo
1406 1685 1437 1712 et
1467 1681 1636 1723 plenarie,
1663 1680 1897 1714 inviolabiliter
1929 1687 1961 1715 et

1219 1733 1257 1766 ad
1294 1743 1447 1775 unguem,
1474 1733 1570 1766 etiam
1605 1733 1663 1766 sub
1695 1734 1813 1777 poenis
1838 1734 1871 1767 in
1895 1734 1961 1768 illis

1197 1830 1198 1836 ἵ
1219 1785 1392 1826 contentis,
1412 1786 1581 1819 observari
1599 1792 1630 1819 et
1643 1787 1830 1830 adimpleri;
1849 1787 1960 1831 sicque

1218 1849 1278 1882 per
1303 1848 1526 1882 quoscumque
1563 1839 1684 1872 iudices
1710 1839 1896 1873 ordinarios
1930 1845 1963 1874 et

1219 1891 1449 1934 subdelegatos
1473 1891 1610 1924 iudicari
1632 1897 1664 1924 et
1681 1891 1806 1924 deliniri
1826 1892 1959 1933 debere,

1220 1943 1259 1976 de
1285 1944 1437 1977 mandato
1460 1949 1492 1976 et
1510 1944 1701 1977 auctoritate
1720 1944 1892 1984 similibus,
1911 1955 1963 1978 ea·

1219 1996 1367 2029 rumdem
1403 2001 1516 2028 tenore
1551 1996 1788 2039 praesentium,
1816 1997 1964 2030 decerni-

1220 2049 1342 2092 mus-et
1359 2049 1567 2089 mandamus3
1594 2048 1720 2081 irritum
1746 2048 1962 2083 nihilominus

1221 2102 1434 2135 decernentes
1473 2107 1504 2134 et
1540 2101 1636 2135 inane
1673 2102 1830 2146 quidquid
1867 2112 1961 2136 secus

1220 2153 1292 2195 fiet,
1320 2154 1493 2188 contrariis
1511 2165 1576 2188 non
1601 2148 1804 2188 obstantibus
1829 2155 1963 2199 quibus-

1220 2218 1370 2250 cumque.

1264 2261 1278 2304 g
1303 2259 1333 2292 5.
1362 2259 1518 2293 Volumus
1540 2260 1674 2303 insuper
1697 2259 1887 2303 pariterque
1906 2260 1960 2294 de-

1220 2313 1396 2354 cernimus,
1429 2314 1516 2355 quod
1541 2313 1763 2356 praesentium
1797 2318 1960 2346 transum-

1219 2365 1298 2408 ptis,
1323 2365 1421 2398 etiam
1446 2365 1625 2408 impressis,
1651 2365 1745 2397 unius
1766 2375 1803 2398 ex
1821 2372 1961 2409 quatuor

1221 2417 1324 2450 dictae
1357 2417 1508 2451 Gamerae
1538 2417 1743 2460 Apostolicae
1774 2419 1959 2453 secretariis

1220 2475 1252 2503 et
1278 2471 1481 2504 cancellariis
1507 2480 1604 2502 manu
1624 2470 1827 2514 subscriptis,
1846 2472 1961 2506 eadem

1221 2533 1355 2566 prorsus
1391 2523 1471 2555 fides
1497 2522 1529 2555 in
1554 2522 1674 2558 iudicio
1700 2528 1732 2556 et
1756 2529 1846 2556 extra
1871 2525 1962 2557 adhi-

1220 2577 1346 2618 beatur,
1373 2586 1457 2621 quae
1483 2576 1697 2620 originalibus
1722 2576 1802 2621 ipsis
1828 2576 1962 2612 adhibe-

1960 210 2011 238 An.
2033 210 2061 238 C.
2080 211 2146 239 1723

1994 1431 2115 1452 clausulae.

2009 2269 2072 2291 Fides
2098 2271 2156 2291 tran-

1970 2299 2108 2324 sumptorum.
