2269 3203
72 229 122 257 Αη.
143 228 173 256 C.
196 229 264 256 1715

885 226 1025 251 cnmrnns

265 288 348 318 rum,
374 279 567 319 scribarum,
598 278 828 317 ministrorum,
859 276 1008 309 aliorum-

267 342 329 374 que
357 331 543 365 officialium
569 330 787 375 (piorumlihet
812 329 924 372 quovis
950 339 1007 361 110-

267 383 352 417 1111110
371 391 634 428 nuncupatorum
653 382 873 426 diguitatihus,
894 381 1006 414 ossa-iis

268 440 298 470 et
323 437 514 470 ministeriis
554 437 824 480 quibuscumque,
852 434 1006 477 omnique

268 499 382 522 eorum
403 490 504 530 titulo,
524 490 661 523 essentia
680 499 715 521 ac
730 487 1006 527 11011011111111110110,

269 543 384 576 tradita
410 544 504 577 nobis
531 544 569 576 ah
605 542 820 585 omnipotenti
855 542 918 574 1100
953 552 1006 573 au-

269 596 432 636 ctoritate,
460 596 701 634 extinxeriums,
729 595 1007 638 suppresserinms

270 655 301 682 et
327 649 571 690 aboleverimus‚
598 660 658 682 uec
682 660 747 682 nou
768 649 876 682 omnia
897 654 928 681 ct
949 648 1007 680 sin-

270 703 355 744 gula,
382 702 515 746 siquae
550 708 667 741 essent,
709 702 772 735 illis
810 707 841 734 ct
879 701 1006 734 illorum

269 755 404 789 cuilibet
428 766 445 788 a
470 755 729 799 quibuscumque
749 755 903 788 Romanis
929 755 1008 787 Pon-

270 807 409 841 tificibus
441 809 750 852 praedecessoribus
784 808 903 840 nostris
930 818 1008 850 quo-

268 861 447 896 modolibet
473 873 626 895 concessa
660 872 696 894 ac
727 861 851 904 pluries
889 860 1007 894 contir-

269 921 354 948 mata
390 916 580 959 privilegia,
615 916 782 948 facultates
818 920 849 948 et
882 916 1008 948 indulta

269 968 399 1011 penitus
426 980 462 1002 ac
492 969 625 1002 omnino
659 969 902 1009 reseiderimus,
937 980 1007 1001 cas-

270 1022 469 1063 saverimus,
496 1022 752 1056 revocaverii'mts
778 1027 808 1055 ct
835 1023 1009 1065 abrogare-

270 1075 388 1116 rimus,
414 1076 533 1119 illaque
552 1087 612 1119 pro
636 1076 796 1115 extinctis,
823 1076 1008 1119 suppressis

272 1134 303 1161 et
327 1128 458 1161 abolitis
476 1156 483 1169 ‚
510 1139 570 1161 nec
596 1139 660 1162 non
686 1129 867 1172 respective
894 1128 1009 1161 rescis-

272 1182 325 1222 sis,
351 1183 494 1221 cassatis,
527 1182 684 1215 revocatis
713 1188 743 1215 ct
768 1182 944 1225 abrogatis,
971 1182 1009 1214 ab

271 1234 421 1267 omnibus
437 1234 704 1267 christifidelibus
722 1240 881 1278 perpetuo
895 1235 1009 1267 haberi

271 1297 307 1320 ac
331 1288 475 1330 reputari
503 1288 623 1320 debere
649 1288 850 1321 voluerimus
875 1298 910 1319 ac
928 1298 1010 1320 man-

272 1341 454 1383 daverimus
477 1353 483 1381 ;
525 1352 590 1375 uno
634 1342 815 1385 eodemque
863 1347 1010 1385 tempore

272 1393 516 1427 considerantes
548 1395 749 1438 apostolicae
784 1400 911 1428 nostrae
937 1406 1011 1438 pro-

272 1447 431 1480 videntiae
457 1458 530 1481 esse
555 1447 771 1481 incommodis
796 1459 832 1481 ac
857 1448 1011 1491 periculis

273 1501 386 1534 vestris
404 1506 529 1534 mature
549 1511 718 1535 occurrere
739 1512 774 1534 ae
792 1501 923 1536 interim
943 1513 1011 1535 mo-

275 1555 349 1587 dum
375 1554 514 1598 aliquem
538 1556 785 1599 praescribere,
813 1567 876 1599 quo
898 1566 1010 1588 causae

275 1608 313 1641 ad
356 1608 458 1641 sorum
493 1609 746 1642 ecclesiasticum
787 1609 1011 1652 pertinentes,

275 1661 398 1694 abolito
423 1661 485 1694 iam
512 1662 723 1695 monarchiae
754 1662 878 1695 Siculae
913 1662 1011 1694 tribu-

276 1715 359 1755 nali,
393 1721 478 1748 reete
504 1725 539 1747 ac
563 1715 699 1755 ordine,
725 1720 756 1748 ct
781 1715 1009 1756 nihilominus,

276 1773 430 1811 quantum
456 1768 524 1801 fieri
551 1774 670 1812 potest,
708 1768 777 1802 sine
802 1769 915 1801 maiori
943 1780 1012 1812 par-

277 1821 354 1854 tium
370 1822 565 1865 litigantium
582 1821 763 1865 dispendio,
779 1822 930 1864 cognosci
942 1833 1013 1865 pos-

275 1880 354 1915 sent,
369 1874 498 1919 fineque
517 1875 629 1908 debito
649 1874 830 1915 terminari,
852 1875 1010 1908 eiusmodi

276 1927 408 1962 modum
434 1939 499 1961 non
531 1928 661 1961 aliunde
688 1939 784 1971 quam
815 1939 850 1960 ex*
881 1927 1013 1961 canoni-

275 1991 382 2014 carum
408 1980 614 2014 sanctionum
652 1983 786 2014 censura
812 1981 987 2024 petendum
1003 2009 1011 2022 ,

276 2044 337 2067 nec
361 2034 485 2068 iudices
522 2045 581 2078 pro
618 2035 803 2068 earumdem
844 2045 1011 2067 causarum

276 2088 462 2130 cognitione
489 2098 524 2121 ac
549 2087 776 2121 terminatione
810 2088 886 2120 alibi
918 2099 1012 2131 (piam

276 2141 307 2173 in
324 2141 453 2174 istomet
473 2151 574 2183 regno
594 2141 839 2174 constituendos
854 2151 926 2174 esse
944 2152 1013 2174 cen-

277 2193 416 2227 suimus:
450 2195 590 2237 primum
617 2194 769 2238 quidem,
801 2199 836 2226 ut
862 2199 1012 2227 testatum

278 2247 426 2280 omnibus
451 2247 641 2288 faceremus,
676 2257 734 2280 nos
767 2247 806 2279 ad
839 2247 1015 2290 praemissa

280 2299 467 2341 devenisse,
493 2311 559 2334 non
586 2300 716 2344 quidem
742 2300 849 2333 animo
876 2301 1012 2343 augendi

280 2351 393 2385 Siculis
410 2354 512 2387 causis
538 2354 702 2387 Romanae
720 2353 834 2387 Curiae
849 2354 1015 2394 subsellia,

281 2404 337 2436 sed
356 2406 393 2436 ea
413 2411 536 2438 tantum
560 2412 679 2447 mente,
706 2412 750 2447 ut,
776 2406 962 2439 enormibus
984 2413 1017 2440 et

281 2457 477 2498 gravissimis
504 2460 663 2493 scandalis
681 2487 688 2500 ‚
722 2459 838 2502 quibus
872 2459 1014 2492 universi

281 2511 518 2553 propemodum
542 2512 770 2545 christifideles
804 2523 1014 2556 summopere

282 2563 541 2605 offendebantur,
566 2567 747 2609 apostolica
773 2567 852 2599 falce
870 2567 1014 2606 succisis,

281 2616 439 2650 Ecclesiae
458 2617 586 2658 honori,
607 2619 793 2661 pontificiae
812 2620 1015 2653 auctoritatis

1052 226 1086 250 xi
1109 226 1158 250 rr.
1681 218 1744 251 059
1792 227 1839 253 An.
1863 227 1892 254 0.
1913 226 1982 255 1115

1050 275 1274 315 vindicatioui,
1315 276 1559 319 animarumque
1597 276 1691 308 saluti
1730 287 1788 320 pro

1051 328 1224 361 commisso
1252 329 1346 362 nobis
1372 328 1508 362 caelitus
1539 329 1693 371 pastorali
1720 339 1789 361 mu-

1051 392 1126 414 nere
1164 383 1436 416 consuleremus:
1480 382 1598 415 ‹leiude
1638 392 1715 415 vero
1755 388 1790 414 ut

1050 435 1139 468 vobis
1166 436 1372 469 manifestum
1402 435 1492 468 ficret
1518 446 1577 468 nos
1612 437 1647 467 ea
1678 434 1710 467 in
1736 445 1789 473 re,

1050 499 1110 532 pro
1136 490 1268 532 paterna
1295 499 1356 532 qua
1382 499 1515 532 regnum
1549 489 1632 521 istud
1666 488 1697 519 in
1728 487 1791 520 Do-

1050 543 1139 575 mino
1166 542 1415 585 complectimur
1445 541 1613 581 cluu'itate,
1639 540 1788 573 utilitatis

1050 595 1275 638 connnodiquc
1302 595 1398 627 vestri
1430 605 1606 637 congruam
1634 593 1788 627 habuisse

1051 648 1220 682 rationem.
1255 649 1335 681 lline
1372 648 1471 690 igitur
1507 654 1555 680 cst
1592 647 1678 690 quod
1705 657 1786 687 nos,
1970 686 1972 688 Ι

1051 701 1205 734 diuturna
1244 707 1340 744 atque
1374 703 1517 741 matura,
1549 701 1631 733 sicut
1667 686 1985 743 1101101ῐίὖῗὲὲιξῗπῖἓιῖῧῖἶω

1051 755 1191 796 gravitas
1217 755 1396 797 flagitabat,
1430 754 1669 787 consultatione
1697 753 1790 786 adhi-

1051 809 1136 849 bita,
1176 809 1347 851 auditaque
1382 809 1521 851 desuper
1559 808 1790 841 nonnullorum

1052 862 1288 895 venerabilium
1308 862 1441 894 fratrum
1465 866 1651 894 nostrorum
1673 861 1787 894 S.R.E.

1052 916 1262 949 cardinalium
1283 925 1319 949 ac
1338 915 1529 948 dilectorum
1548 915 1687 948 liliorum
1706 915 1791 948 cius-

1053 970 1125 1002 dem
1152 970 1317 1002 Romanae
1347 969 1461 1002 Curiae
1494 970 1713 1012 praelatorum
1743 978 1792 1001 sa-

1053 1034 1181 1056 crarum
1208 1023 1317 1066 legum
1352 1022 1500 1055 doctrina
1525 1032 1699 1065 rerumque
1731 1032 1789 1053 usu

1052 1077 1285 1120 praestantium
1312 1076 1486 1116 sententia,
1505 1086 1563 1118 pro
1590 1075 1685 1115 sacili,
1706 1076 1793 1107 recta

1053 1141 1088 1163 ac
1103 1130 1252 1163 ordinata
1268 1129 1507 1173 praedictarum
1525 1139 1694 1161 causarum
1710 1128 1793 1161 dire-

1054 1183 1160 1216 ctione
1183 1188 1373 1227 sequentem
1396 1193 1542 1215 normam
1568 1182 1792 1225 praescribere

1054 1246 1089 1269 ac
1115 1236 1241 1269 sancire
1264 1236 1470 1276 decrevimus,
1498 1246 1591 1279 quam
1618 1235 1656 1267 de
1689 1240 1794 1267 cetero

1055 1289 1093 1321 ab
1120 1289 1156 1321 iis
1181 1289 1350 1329 omnibus,
1376 1289 1412 1321 ad
1441 1299 1522 1331 quos
1548 1293 1672 1331 spectat
1698 1293 1729 1319 et
1762 1286 1794 1319 in

1055 1342 1193 1375 Futurum
1221 1341 1390 1385 spectabit,
1417 1341 1607 1374 inconcusse
1634 1351 1669 1373 ac
1694 1340 1796 1373 invio-

1055 1395 1198 1428 labiliter
1224 1394 1388 1427 observari
1417 1395 1566 1427 volumus
1600 1398 1630 1426 et
1663 1393 1795 1425 manda-

1055 1458 1141 1487 mus,
1169 1447 1274 1480 donce
1299 1447 1360 1480 alia
1386 1447 1511 1480 ratione
1539 1458 1554 1479 a
1580 1446 1673 1479 nobis
1700 1451 1731 1478 et
1755 1446 1794 1478 ab

1056 1502 1116 1534 hac
1151 1501 1265 1534 Sancta
1301 1500 1384 1534 Sede
1426 1500 1630 1533 indemnitati
1668 1505 1793 1532 vestrae

1056 1555 1183 1599 plenius
1209 1566 1245 1588 ae
1271 1555 1402 1588 uberius
1427 1554 1657 1598 prospiciatur.

1098 1609 1112 1652 ἓ
1138 1609 1168 1641 1.
1197 1608 1317 1642 Causae
1345 1619 1457 1641 omues
1491 1608 1529 1641 ad
1557 1608 1663 1641 sorum
1691 1608 1792 1640 eccle·
1832 1618 1852 1638 1..
1872 1619 1938 1644 mima
1959 1619 1990 1638 me

1055 1662 1219 1695 siasticum
1238 1662 1487 1705 quomodolibet
1511 1661 1725 1704 pertinentes,
1747 1648 1990 1702 e11‹{'13³12i}2'221fc‚⁸c'i{i1i

1055 1716 1245 1759 iuscumque
1271 1715 1337 1748 sint
1371 1715 1518 1759 generis,
1546 1715 1577 1747 iu
1609 1714 1714 1757 prima
1746 1699 1990 1745 iii-³⁴¹⁰'d¹⁰‘¹‘'¹¹''¹'

1055 1769 1172 1801 stantia
1197 1779 1305 1801 coram
1331 1768 1508 1801 Ordiuariis
1534 1769 1676 1801 locorum
1705 1768 1796 1800 dum-

1057 1827 1139 1854 taxat
1164 1827 1414 1864 cognoscantur,
1440 1832 1499 1854 nec
1525 1822 1563 1853 ab
1596 1832 1706 1854 eorum
1741 1821 1795 1853 tri-

1056 1876 1168 1909 bunali
1194 1876 1320 1909 avocari
1346 1877 1490 1919 possint,
1516 1875 1577 1907 nisi
1607 1875 1699 1908 titulo
1726 1880 1796 1907 tan-

1057 1934 1122 1961 tum
1148 1928 1378 1972 appellationis
1404 1940 1420 1960 a
1446 1928 1604 1961 sententia
1623 1928 1796 1966 definitiva,

1056 1988 1109 2015 aut
1146 1983 1185 2015 ab
1223 1981 1471 2014 interlocutoria
1508 1980 1691 2013 definitivae
1731 1981 1795 2012 vim

1057 2035 1219 2075 habente,
1246 2035 1335 2067 cuius
1362 2045 1532 2077 gravamen
1566 2045 1626 2077 per
1652 2035 1798 2077 appella-

1057 2089 1178 2122 tionem
1212 2099 1229 2120 a
1262 2087 1424 2121 definitiva
1449 2088 1592 2131 reparari
1630 2092 1794 2131 nequeat,

1056 2143 1106 2175 vel
1139 2142 1200 2174 nisi
1235 2141 1362 2183 integro
1389 2141 1542 2181 biennio,
1568 2151 1584 2173 a
1612 2141 1661 2174 die
1688 2146 1796 2174 motae

1058 2195 1121 2228 litis
1144 2194 1374 2237 cumputando,
1393 2204 1500 2227 coram
1523 2193 1601 2237 ipsis
1619 2193 1797 2226 Ordinariis

1058 2247 1276 2291 pependerint
1308 2247 1488 2288 indecisae,
1521 2248 1796 2290 quemadmodum

1057 2300 1235 2334 Tridentini
1261 2300 1394 2334 Concilii
1414 2301 1545 2333 decreto
1567 2301 1598 2333 in
1617 2312 1688 2344 cap.
1715 2301 1798 2335 Cau-

1057 2364 1109 2386 sae
1134 2363 1250 2393 omnes,
1280 2363 1361 2386 sess.
1381 2363 1464 2394 xxiv,
1491 2353 1535 2386 De
1559 2354 1726 2396 reformat,
1749 2364 1798 2386 sa-

1058 2407 1197 2440 lubriter
1221 2412 1351 2439 cautum
1377 2411 1441 2440 est:
1463 2407 1547 2450 quod
1568 2407 1591 2439 si
1614 2418 1705 2439 secus
1732 2407 1796 2444 siat,

1058 2460 1190 2503 quaevis
1226 2460 1424 2503 appellatio,
1456 2460 1609 2492 inhibitio
1635 2466 1688 2492 aut
1724 2470 1798 2492 sen-

1060 2513 1167 2553 tentia,
1183 2513 1222 2546 ad
1240 2513 1382 2546 eiusdem
1400 2513 1534 2546 Concilii
1554 2512 1800 2556 praescriptum,

1060 2575 1097 2598 eo
1124 2565 1194 2608 ipso
1220 2566 1311 2598 irrita
1348 2566 1409 2605 sit,
1444 2576 1479 2598 ae
1511 2567 1630 2598 nullius
1663 2574 1797 2607 prorsus

1061 2619 1188 2652 roboris
1213 2620 1263 2652 vel
1291 2619 1460 2652 momenti.

1840 659 1914 679 1111111115
1943 664 1985 678 ser-
