2269 3203
192 179 241 208 Αη.
258 179 288 206 c.
308 178 374 206 17¹4
421 169 484 203 6⁶28

222 2189 341 2213 clausulae.

384 227 740 268 excommunicationis,
763 227 986 272 suspensionis
1019 233 1050 260 et
1077 227 1122 259 in-

386 281 523 321 terdicti,
539 281 676 324 aliisque
696 281 922 314 ecclesiasticis
941 280 1124 320 sententiis,

385 333 531 366 censuris
547 338 579 366 et
593 333 717 377 poenis,
735 344 751 366 a
766 333 835 366 iurc
855 334 901 366 vel
921 333 960 365 ab
978 332 1123 371 homine,

385 387 495 429 quavis
521 387 694 420 occasione
719 388 766 420 vel
794 388 889 420 causa
907 386 988 426 latis,
1008 386 1034 418 si
1056 386 1125 428 qui-

385 439 445 471 bus
470 440 720 482 quomodolibet
744 440 919 472 innodatae
957 439 1122 479 existunt,

385 493 423 525 ad
451 492 600 525 ellectum
627 493 846 535 praesentium
866 493 1030 525 dumtaxat
1047 503 1125 525 ron-

385 545 587 587 sequendum
608 572 614 584 ,
652 545 764 577 barum
801 544 882 577 serie
920 544 1124 577 absolventes

385 602 417 629 et
442 598 608 629 absolutas
634 598 704 630 sore
729 602 915 637 censentes,
938 597 1122 630 huiusmodi

385 650 676 692 supplicationibus
700 650 871 689 inclinati,
892 650 931 682 de
955 650 1123 683 venerabi-

386 703 462 735 lium
489 703 622 734 sratrum
648 708 836 735 nostrorum
858 702 889 735 S.
912 703 948 736 R.
968 702 1000 735 E.
1019 703 1123 735 cardi-

385 755 507 787 nalium
533 755 671 797 negotiis
691 760 722 787 et
747 755 1041 788 consultationibus
1057 756 1124 799 epi-

385 818 556 850 scoporum
574 814 605 839 ct
630 809 827 850 regularium
845 808 1122 852 praepositorum,

386 861 440 903 qui
467 861 619 893 dilectum
644 860 744 893 lilium
762 862 955 894 modernum
977 872 1125 904 procura-

387 919 488 946 torem
514 915 701 956 generalem
727 915 831 948 dictae
857 914 1124 957 Congregationis

385 963 583 997 Cassinensis
599 975 695 1007 snper
712 964 899 1008 praemissis
918 965 1122 1004 audiverunt,

387 1016 538 1058 consilio,
565 1022 760 1050 memoratae
785 1017 1038 1060 Congregationi
1064 1019 1125 1051 Bo-

387 1070 513 1102 hemIae
538 1070 773 1103 monachorum
795 1070 924 1103 Ordinis
950 1071 1050 1103 sancti
1070 1072 1123 1103 Be-

385 1121 517 1161 nedicti,
536 1122 672 1165 eiusque
686 1123 794 1156 abbati
812 1124 1019 1166 praesidenti,
1040 1124 1124 1156 aliis-

386 1186 448 1218 que
475 1175 658 1216 abbatibus,
683 1176 889 1209 monasteriis
906 1204 913 1216 ,
940 1177 1122 1218 monachis,

387 1228 572 1270 ceterisque
597 1228 748 1270 personis
773 1228 876 1261 dictae
893 1229 1123 1272 Congregatio-

386 1281 446 1321 nis,
474 1281 628 1325 illiusque
647 1282 802 1315 membris
819 1292 905 1315 nunc
922 1288 953 1315 et
968 1293 1026 1326 pro
1046 1288 1124 1316 tem-

385 1345 465 1377 pore
491 1335 713 1377 existentibus,
736 1342 769 1368 ut
787 1336 938 1369 omnibus
966 1342 998 1369 et
1014 1337 1123 1379 singu-

384 1387 423 1420 lis
439 1388 629 1431 privilegiis,
646 1389 887 1432 praerogativis,
905 1390 1122 1430 facultatibus,

385 1440 602 1481 libertatibus,
628 1442 904 1481 immunitatibus,
931 1442 1121 1485 privilegiis,

385 1493 532 1534 indultis,
557 1494 695 1538 aliisque
721 1495 844 1537 gratiis,
864 1500 928 1527 tam
948 1495 1123 1538 spirituali-

384 1545 445 1578 bus
469 1557 565 1589 quam
589 1547 834 1590 temporalibus,
853 1548 969 1590 quibus
995 1547 1123 1590 potiun-

385 1603 438 1631 tur
455 1604 486 1632 et
507 1600 649 1642 gaudent
662 1600 939 1643 Congregationes
954 1601 1123 1634 Cassinen-

386 1651 428 1684 sis
442 1656 473 1685 et
487 1652 568 1685 aliae
584 1653 661 1685 dicti
676 1653 803 1686 Ordinis
826 1654 928 1687 sancti
944 1654 1121 1693 Benedicti,

385 1705 480 1747 potiri
508 1710 539 1738 et
563 1707 704 1748 gaudere
730 1707 873 1750 possint,
900 1707 969 1746 sine
996 1707 1123 1750 praeiu-

386 1758 471 1790 dicio
497 1763 603 1792 tamen
639 1759 777 1792 aliorum
811 1759 1054 1803 privilegiorum
1080 1760 1124 1793 ei-

386 1809 460 1842 dem
497 1810 748 1854 Congregationi
786 1812 960 1845 Bohemiae
993 1823 1010 1844 a
1042 1812 1123 1846 Sede

385 1863 586 1905 Apostolica,
602 1864 685 1897 sicut
701 1865 932 1908 praemittitur,
952 1865 1029 1898 alias
1047 1876 1124 1898 con-

386 1926 562 1958 cessorum,
581 1918 775 1951 auctoritate
800 1918 992 1962 apostolica,
1009 1923 1123 1951 tenore

385 1970 626 2012 praesentium,
653 1971 739 2003 iuxta
769 1971 886 2014 petita,
915 1972 1122 2004 concedimus

388 2027 420 2054 et
443 2022 668 2066 indulgemus,
695 2025 781 2056 salva
806 2029 913 2056 tamen
939 2034 1071 2067 semper
1092 2024 1125 2056 in

386 2076 576 2117 praemissis
624 2077 815 2110 auctoritate
856 2077 1123 2120 Congregationis

387 2133 643 2161 memoratorum
676 2130 900 2163 cardinalium.

432 2180 446 2223 ᾗ
470 2180 500 2213 3.
529 2180 765 2222 Decernentes,
785 2182 914 2216 easdem
934 2189 1124 2225 praesentes

388 2233 514 2266 litteras
525 2244 653 2277 semper
665 2234 785 2275 sirmas,
802 2235 922 2268 validas
934 2240 966 2268 et
979 2236 1125 2268 efficaces

389 2286 528 2320 existere
565 2293 597 2320 et
627 2288 706 2328 sore,
734 2299 876 2331 suosque
902 2289 1069 2331 plenarios
1095 2294 1126 2320 ct

388 2342 534 2383 integros
560 2340 694 2374 effectus
719 2342 829 2373 sortiri
856 2347 887 2374 et
911 2341 1069 2381 obtinere,
1092 2352 1126 2373 ac

388 2394 463 2435 illis,
488 2395 527 2427 ad
564 2405 645 2437 quos
682 2400 805 2437 spectat
829 2400 861 2427 et
884 2405 945 2437 pro
977 2400 1126 2437 tempore

389 2447 660 2490 quandocumque
679 2447 847 2490 spectabit,
870 2447 903 2478 in
925 2447 1074 2479 omnibus
1096 2451 1127 2479 et

389 2510 448 2543 per
467 2500 575 2533 omnia
593 2500 780 2544 plenissime
804 2499 986 2542 suffragari,
1016 2500 1125 2543 sicque

389 2553 422 2586 in
443 2554 629 2596 praemissis
658 2564 716 2597 per
748 2564 969 2597 quoscumque
1002 2553 1125 2585 iudices

967 177 1148 202 BULLARIUM
1171 176 1327 201 ROMANUM

1916 174 1966 202 An.
1986 174 2014 203 C.
2031 175 2099 204 1714

1168 225 1351 258 ordinarios
1369 229 1399 258 et
1425 224 1603 268 delegatos,
1620 225 1715 258 etiam
1733 233 1902 257 causarum

1167 277 1279 320 palatii
1304 277 1475 321 apostolici
1501 278 1681 317 auditores,
1712 276 1849 309 iudicari
1875 280 1906 309 et

1169 330 1296 363 definiri
1323 331 1455 372 debere,
1482 341 1518 364 ac
1543 330 1669 363 irritum
1702 335 1733 363 et
1757 330 1855 362 inane
1880 329 1906 362 si

1168 393 1261 416 secus
1280 394 1379 427 super
1404 384 1455 416 his
1477 394 1494 416 a
1519 393 1693 427 quoquam,
1720 382 1833 426 quavis
1852 392 1908 415 au-

1168 437 1328 478 ctoritate,
1352 437 1493 470 scienter
1517 438 1565 470 vel
1591 437 1790 480 ignoranter,
1807 435 1908 469 conti-

1168 490 1254 532 gerit
1278 490 1441 523 attentari.

1211 544 1274 586 §la
1301 543 1372 576 Non
1401 544 1608 577 obstantibus
1629 543 1821 587 praemissis
1836 570 1843 583 ,
1871 552 1907 575 ac

1167 596 1452 630 constitutionibus
1485 603 1516 630 et
1540 596 1801 630 ordinationibus
1828 605 1907 638 apo-

1168 648 1302 689 stolicis,
1315 659 1453 689 necnon,
1471 655 1629 692 quatenus
1643 659 1723 692 opus
1737 648 1787 688 sit,
1804 648 1906 680 dictae

1167 701 1437 744 Congregationis
1468 702 1645 735 Bolicmiae
1662 729 1669 742 ,
1694 701 1791 734 etiam
1823 700 1908 733 iura-

1167 760 1285 795 mento,
1301 753 1548 787 confirmatione
1563 754 1753 797 apostolica,
1769 755 1818 786 vel
1834 763 1909 796 qua-

1166 807 1213 840 vis
1244 807 1395 840 tirmitate
1427 808 1489 840 alia
1513 807 1698 847 roboratis,
1724 807 1850 839 statutis
1876 811 1908 839 et

1168 860 1473 900 consuetudinibus,
1493 859 1674 902 privilegiis
1703 869 1842 902 quoque,
1860 859 1908 891 in-

1168 913 1266 946 dultis
1299 918 1331 945 et
1355 912 1472 946 litteris
1500 912 1689 956 apostolicis
1714 913 1747 944 in
1776 916 1908 944 contra-

1167 966 1250 998 rium
1274 966 1531 1008 praemissorum
1556 964 1806 1008 quomodolibet
1830 974 1907 997 con-

1168 1019 1278 1059 cessis,
1304 1019 1502 1052 confirmatis
1528 1023 1560 1051 et
1583 1018 1759 1058 innovatis;
1787 1017 1907 1060 quibus

1167 1072 1321 1105 omnibus
1358 1077 1390 1105 et
1420 1072 1580 1114 singulis,
1606 1072 1736 1104 illorum
1771 1075 1906 1104 tenores

1167 1125 1395 1168 praesentibus
1426 1135 1487 1168 pro
1520 1126 1618 1168 plene
1651 1129 1683 1157 et
1706 1123 1909 1157 sufficienter

1168 1177 1334 1220 expressis
1354 1188 1390 1210 ac
1407 1178 1446 1210 ad
1470 1177 1603 1210 verbum
1629 1176 1760 1210 insertis
1785 1175 1910 1209 haben-

1167 1235 1223 1271 tes,
1241 1231 1306 1263 illis
1331 1230 1411 1263 alias
1437 1230 1471 1262 in
1492 1240 1552 1263 suo
1573 1230 1692 1263 robore
1718 1239 1911 1273 permansu-

1167 1282 1219 1322 ris,
1242 1283 1281 1315 ad
1305 1283 1562 1326 praemissorum
1579 1281 1740 1322 effectum,
1760 1282 1821 1314 hac
1839 1281 1909 1314 vice

1167 1336 1341 1374 dumtaxat,
1367 1336 1557 1379 specialiter
1581 1340 1614 1368 et
1640 1345 1793 1378 expresse
1819 1335 1911 1367 dero-

1167 1399 1300 1431 gamus;
1317 1388 1502 1431 ceterisque
1519 1389 1690 1421 contrariis
1706 1388 1910 1431 quibuscum-

1167 1453 1242 1485 que.

1210 1496 1224 1538 g
1257 1496 1288 1528 5.
1320 1496 1476 1529 Volumus
1509 1501 1619 1529 autem
1653 1501 1687 1528 ut
1718 1495 1909 1528 earumdem
1961 1502 2022 1522 Fides
2049 1503 2104 1523 tran·

1165 1549 1385 1591 praesentium
1411 1549 1594 1581 litterarum
1614 1548 1834 1591 transumptis,
1852 1557 1910 1581 seu
1920 1532 2056 1555 ⁵⁰⁰¹¹'¹⁰‘⁰m'

1166 1601 1336 1643 exemplis,
1364 1601 1460 1633 etiam
1489 1601 1672 1645 impressis,
1692 1611 1790 1634 manu
1816 1600 1911 1634 alicu-

1166 1653 1214 1686 ius
1250 1654 1370 1686 notarii
1405 1653 1531 1697 publici
1567 1654 1772 1697 subscriptis,
1809 1657 1842 1686 et
1870 1652 1911 1685 si-

1166 1706 1244 1748 gillo
1262 1716 1423 1748 personae
1447 1706 1481 1738 in
1502 1707 1725 1739 ecclesiastica
1750 1706 1909 1749 dignitate

1167 1759 1362 1792 constitutae
1386 1759 1522 1792 munitis
1539 1786 1546 1799 ,
1573 1759 1686 1792 eadem
1716 1769 1854 1802 prorsus
1874 1758 1910 1790 fi-

1167 1813 1222 1845 des
1247 1816 1311 1844 tam
1341 1812 1374 1844 in
1400 1812 1521 1845 iudicio
1549 1822 1643 1855 quam
1670 1816 1760 1844 extra
1784 1811 1909 1854 ubique

1169 1864 1335 1903 habeatur,
1354 1874 1438 1907 quae
1458 1864 1535 1907 ipsis
1557 1864 1790 1906 praesentibus
1810 1863 1910 1896 habe-

1167 1922 1256 1949 retur
1276 1917 1302 1949 si
1328 1917 1436 1950 forent
1453 1916 1618 1949 exhibitae
1643 1917 1694 1949 vel
1719 1921 1884 1949 ostensae.

1210 1970 1323 2002 Datum
1358 1969 1488 2009 Romae,
1516 1970 1602 2013 apud
1635 1969 1666 2002 S.
1693 1968 1823 2002 Mariam
1848 1968 1909 2001 Ma-

1168 2023 1293 2063 iorem,
1320 2023 1378 2055 sub
1413 2024 1536 2056 annulo
1568 2022 1767 2061 piscatoris,
1796 2021 1849 2054 die
1875 2032 1907 2055 v1

1167 2075 1311 2108 octobris
1353 2084 1520 2115 unccxtv,
1556 2074 1767 2117 pontificatus
1802 2073 1909 2107 nostri

1168 2140 1255 2162 anno
1280 2139 1346 2162 xiv.

1202 2191 1262 2217 Dat.
1285 2190 1329 2217 die
1348 2191 1364 2217 6
1386 2191 1507 2217 octobris
1529 2191 1607 2224 1714,
1628 2190 1724 2225 pontif.
1747 2197 1819 2216 anno
1838 2195 1891 2217 xlv.

1942 552 2100 574 Contrariorum

1918 580 2034 605 derogatio.

1473 2357 1596 2392 CCVIII.

1170 2446 1387 2489 Confirmatio*
1433 2447 1591 2479 decretum
1641 2445 1907 2490 Conqreyationis

1212 2501 1432 2543 episcoporum
1466 2503 1493 2532 el
1529 2499 1735 2543 reyulccrimn
1770 2500 1808 2533 de
1829 2500 1904 2543 pri—

1212 2557 1302 2585 matu
1328 2554 1412 2585 inter
1430 2552 1559 2587 clericos
1583 2557 1611 2585 el
1638 2553 1747 2595 laicos,
1769 2553 1908 2586 horum-
