2269 3203
117 224 166 252 An.
183 222 212 251 e.
223 215 302 250 '1710

310 1389 390 1427 bus,
402 1398 588 1432 supremum
603 1386 780 1420 dominium
797 1392 823 1418 et
844 1385 1059 1429 superioritas

921 218 1065 243 ctAEttENs
1089 217 1122 240 Χῖ
1147 217 1194 240 Μ’.

314 281 358 311 ae,
377 275 537 314 quatenus
563 280 643 313 opus
668 269 717 310 sit,
732 267 974 307 confirmantes,
998 267 1052 299 de-

315 325 513 368 putationem
539 322 709 357 oeconomi
736 326 768 355 et
793 320 907 353 iudicis
923 320 1075 364 praedi-1

315 382 435 410 ntorum
462 382 493 410 et
519 376 581 409 alia
617 385 838 419 quaecumque
873 385 889 406 a
922 373 1076 406 Camera³

315 430 490 473 praedicta.
504 434 743 472 computorum,
767 438 802 460 ac
821 427 942 460 eisdem
963 436 1055 459 oeco—
1075 458 1076 471 ,

315 494 411 517 nomo
437 489 468 516 et
493 482 608 521 indire,
636 492 692 514 seu
720 481 789 513 aliis
816 480 973 512 ministris
1000 474 1077 516 ‹lu-'t

315 537 452 577 Calibus,
471 536 580 579 quoad
603 534 793 567 exercitium
821 533 1053 565 iurisdictionis

316 590 347 622 in
363 591 516 623 vassallos
536 593 568 621 et
589 587 748 627 subditos,
768 597 804 619 ae
831 587 1054 619 reductionem
1076 582 1077 604 ³

316 653 373 676 seu
393 642 656 676 recollectionem
681 642 843 673 fructuum
867 639 1054 672 monasterii

316 706 371 728 seu
397 695 545 728 abbatiae
561 694 748 727 huiusmodi
768 694 799 726 in
819 691 1054 737 praeiudicium

315 748 407 781 Sedis
433 753 465 781 et
494 747 648 781 Gamerae
676 746 936 791 Apostolicarum
964 744 1078 788 prae-j

315 801 473 834 dictarum
499 801 657 835 hactenus
684 805 853 840 attentata,
876 799 924 831 vel
950 799 1054 831 forsan

317 855 347 887 in
375 855 515 888 futurum
542 854 744 894 attentanda,
762 860 869 893 motu,
897 852 1054 892 scicntia,
1077 852 1079 856 ’

315 909 553 942 deliberatione
588 919 622 940 ae
654 908 823 952 potestatis
850 906 1055 950 plenitudine

315 963 484 1001 similibus,
504 963 616 995 barum
643 962 726 994 serie
754 962 978 1004 repiobamus,
1003 971 1057 992 an-

317 1017 497 1055 nullamus,
524 1025 685 1048 cassamus
711 1021 742 1047 et
767 1016 955 1052 abolenius,
984 1013 1080 1052 riri-2

317 1069 440 1112 busque
467 1075 496 1102 et
524 1068 636 1102 etl'eetu
663 1079 794 1111 prorsus
820 1077 1003 1104 vacuan'ms,
1029 1062 1080 1099 ets

318 1133 376 1165 pro
401 1122 594 1165 reprobatis,
620 1120 790 1160 revocatis,
818 1121 959 1158 russulis,
986 1118 1059 1151 irri-

320 1175 370 1213 tiS,
394 1175 504 1213 nullis,
531 1174 680 1207 invalidis
707 1180 734 1206 et
763 1172 902 1208 abolitis,
924 1171 1059 1203 viribus-

318 1238 381 1272 que
399 1233 430 1260 et
448 1227 562 1260 etl'ectu
585 1227 714 1270 penitus
733 1238 767 1259 ac
786 1225 918 1258 omuino
940 1225 1059 1264 vacuis,

317 1291 447 1324 semper
472 1286 502 1313 et
527 1285 687 1324 perpetuo
714 1279 827 1312 baberi
855 1279 1003 1310 volumus
1029 1283 1059 1310 et

318 1335 525 1373 mandamus;
551 1333 642 1373 itaut,
663 1334 726 1366 illis
748 1333 879 1365 minime
900 1331 1059 1364 obstanti-

319 1443 350 1475 in
376 1442 528 1475 vassallos
555 1446 587 1474 et
611 1440 766 1480 subditos,
793 1440 987 1484 oppidaque,
1010 1450 1059 1471 ca-
1080 1447 1081 1463 ³

319 1503 384 1530 stra
410 1508 466 1530 seu
502 1497 569 1530 loca
602 1496 745 1529 eiusdem
784 1494 972 1528 monasterii
1003 1504 1058 1526 seu

320 1549 489 1589 abbatiae,
516 1550 554 1583 ad
581 1560 639 1582 nos
665 1555 695 1582 ct
720 1549 834 1582 Sedem
861 1547 1059 1591 praedictam

320 1604 524 1638 solummodo
549 1608 675 1647 spectet
701 1609 732 1636 et
757 1602 937 1645 pertineat,
964 1606 1062 1645 prout

321 1669 432 1691 revera
465 1663 588 1701 spectat
620 1662 651 1689 et
676 1657 839 1700 pertinet,
867 1656 979 1698 iusque
1006 1655 1061 1687 de-

320 1712 454 1756 putandi
498 1711 638 1744 iudicem
682 1721 742 1753 pro
779 1709 1060 1742 administratione
1081 1734 1083 1746 ,

321 1765 464 1798 iustitiae
491 1765 522 1797 in
548 1764 663 1796 iisdem
690 1763 839 1806 oppidis,
866 1761 980 1794 eastris
1005 1772 1059 1793 seu

321 1818 410 1857 loeis,
438 1823 470 1850 et
495 1817 670 1859 colligendi
699 1817 820 1848 fruetus
848 1825 881 1845 ac
915 1814 1061 1846 redditus

321 1872 467 1905 eiusdem
494 1869 684 1904 monasterii
711 1879 767 1902 seu
795 1867 952 1906 abbatiae,
983 1878 1060 1910 quo·

322 1925 525 1968 tiescumque
552 1923 639 1956 illius
669 1923 793 1955 vacatio
830 1932 885 1953 seu
924 1921 1084 1961 cessatio,

322 1977 536 2011 commendae
573 1976 768 2019 contigerit,
810 1975 847 2007 ad
879 1974 994 2006 Seslem
1033 1963 1084 2006 et¹

322 2031 486 2065 Cameram
525 2020 727 2074 Apostolieas
764 2029 969 2072 pramlictas,
999 2024 1085 2060 non'

323 2091 431 2118 autem
450 2085 488 2118 ad
508 2084 627 2117 dictum
643 2083 765 2121 ducem,
784 2082 852 2126 pari
873 2082 969 2115 modo
991 2092 1065 2124 spe-

323 2144 386 2172 etet
411 2143 442 2171 et
463 2137 635 2182 pertineat,
654 2136 925 2180 quemadmodum
953 2146 1063 2169 revera

324 2196 450 2235 spectat
474 2197 505 2224 et
536 2190 690 2234 pertinet.
718 2189 962 2232 proptereaque
988 2188 1064 2221 sub-

325 2245 541 2283 collectores,
567 2242 808 2276 commissarios
845 2247 875 2274 et
901 2241 1065 2274 ministros

325 2306 386 2341 pro
411 2296 641 2339 recolligendis
674 2295 831 2329 fructibus
867 2294 1062 2337 praedietis,

327 2361 452 2384 necnon
477 2350 602 2383 iudices
628 2360 686 2392 pro
712 2347 993 2381 administratione
1020 2347 1065 2379 in-

328 2402 431 2436 stitiae
456 2413 474 2435 a
498 2403 615 2436 nostris
646 2407 678 2434 etv
702 2402 804 2434 dictae
830 2400 921 2433 Sedis
947 2399 1067 2433 officia·

329 2455 421 2495 libus,
439 2461 611 2499 postquam
630 2455 816 2488 monasterii
836 2465 891 2486 seu
918 2453 1065 2486 abbatiae

330 2507 512 2540 huiusmodi
530 2508 651 2540 vacatio
670 2518 725 2540 seu
747 2507 883 2540 cessatio
903 2517 1067 2539 commen-

330 2562 388 2594 dae
413 2561 567 2602 contigit,
592 2561 818 2604 deputat.os,et
843 2560 875 2592 in
901 2560 1066 2603 praedicto

330 2618 505 2660 praecepto
531 2623 585 2645 seu
608 2614 715 2647 edicto
740 2613 937 2654 nominatos,
958 2618 1067 2657 quate-

1097 276 1158 298 nus
1184 276 1265 309 opus
1291 265 1343 305 sit,
1371 269 1403 297 et
1428 264 1466 297 ad
1493 264 1648 297 maiorem
1666 265 1838 305 cautelam,

1097 319 1213 352 barum
1240 318 1323 352 serie
1357 318 1575 361 approbamus
1610 322 1641 349 et
1667 316 1839 350 confirma-

1098 383 1177 412 mus,
1198 372 1385 415 eisdemque
1411 370 1571 403 iudicibus
1593 375 1654 402 tam
1680 370 1838 402 hactenus

1099 425 1269 469 deputatis,
1297 436 1392 468 qnam
1420 425 1451 456 in
1479 424 1620 455 futurum
1647 423 1755 455 forsan
1781 432 1838 465 pro

1098 478 1378 511 administratione
1406 477 1546 510 institiae
1574 486 1633 519 per
1658 486 1715 508 nos
1742 480 1771 507 et
1794 475 1840 507 di-

1099 537 1168 564 rtae
1195 531 1286 564 Sedis
1320 537 1351 564 et
1381 531 1536 564 officiales
1572 529 1759 572 praedictos
1785 528 1841 560 de-

1099 585 1269 628 putandis,
1295 585 1334 617 ab
1367 584 1518 616 omnibns
1539 589 1571 616 et
1602 581 1738 624 singuli:
1764 591 1837 613 vas-

1099 638 1188 671 sallis
1221 643 1252 670 et
1278 637 1416 669 subditis
1451 636 1527 669 dicti
1562 635 1748 668 monasterii
1781 645 1840 667 seu

1100 691 1246 724 abbatiae
1274 690 1503 734 obtemperari,
1531 689 1736 732 debitamque
1764 688 1840 721 obe-

1100 744 1256 778 dientiam
1282 743 1453 788 praestari,
1483 755 1518 776 ac
1544 741 1841 775 subt-ollectoribus

1100 808 1156 831 seu
1176 798 1408 831 commissariis
1427 797 1536 830 itidem
1555 807 1614 840 per
1640 796 1769 829 eosdem
1788 805 1842 828 no-

1101 857 1185 885 stros
1212 857 1239 885 et
1268 851 1412 884 eiusdem
1442 850 1534 884 Sedis
1560 849 1714 883 officiales
1739 849 1841 892 depu-

1103 906 1195 946 tatis,
1223 911 1272 938 aut
1301 905 1331 938 in
1359 911 1525 949 posterum
1553 905 1661 937 t‘orsan
1689 903 1843 947 deputan-

1102 960 1162 1000 dis,
1189 959 1319 1000 fruetus,
1339 958 1484 991 redditus
1503 963 1530 990 et
1553 962 1726 1000 proventus
1745 966 1842 998 quos-

1102 1023 1251 1056 cumque,
1279 1017 1341 1044 tam
1368 1012 1526 1044 bactenus
1554 1010 1722 1050 decursos¹
1748 1019 1842 1051 quam

1101 1065 1203 1109 ipsius
1228 1064 1417 1098 monasterii
1436 1075 1491 1097 seu
1512 1063 1657 1096 abbatiae
1677 1061 1842 1095 vacatione

1103 1119 1240 1152 durante
1276 1129 1331 1151 seu
1372 1117 1566 1151 commenda
1602 1121 1750 1149 cessante
1789 1115 1844 1148 de-

1079 1200 1081 1220 ,
1103 1172 1301 1212 currendos,
1336 1171 1467 1204 realiter
1494 1170 1572 1203 tradi
1601 1175 1629 1201 et
1657 1168 1843 1211 consignari

1103 1226 1274 1264 volumus,
1314 1224 1531 1268 praecipimus
1572 1228 1601 1255 et
1640 1222 1841 1254 mandamus.

1103 1279 1275 1311 Praeterea
1309 1278 1423 1311 iisdem
1450 1277 1596 1310 vassallis
1622 1288 1657 1309 ac
1682 1275 1843 1315 subditis,

1103 1342 1229 1365 necnon
1245 1331 1396 1365 omnibus
1415 1336 1447 1364 et
1463 1330 1599 1373 singulis
1617 1329 1751 1369 colonis,
1769 1339 1845 1361 con-

1105 1385 1304 1424 ductoribus,
1321 1384 1483 1417 massariis
1499 1389 1526 1416 et
1546 1382 1617 1415 aliis
1635 1382 1845 1425 quibuscum-

1104 1449 1164 1482 que
1192 1439 1365 1479 fruetuum,
1383 1437 1569 1470 reddituum
1584 1442 1614 1469 et
1632 1441 1843 1480 proventuum

1104 1492 1290 1525 lmiusmodi
1319 1491 1519 1525 debitoribus
1545 1490 1690 1524 districte
1713 1489 1845 1522 interdi-

1105 1546 1205 1579 cimus
1242 1550 1269 1579 et
1307 1546 1544 1589 probibemus,
1580 1555 1618 1576 ne
1657 1543 1845 1586 cuicumque

1104 1610 1263 1643 personae
1289 1610 1342 1633 seu
1371 1598 1517 1642 personis
1552 1609 1567 1630 a
1593 1597 1760 1641 praedicta
1784 1595 1843 1628 Ca-

1104 1656 1192 1686 mera
1210 1658 1437 1696 computorum
1464 1651 1538 1685 dieti
1561 1651 1690 1684 Yietorii
1714 1649 1847 1682 Amedei

1105 1706 1196 1739 ducis
1225 1707 1273 1739 vel
1300 1706 1371 1739 aliis
1405 1706 1474 1738 eius
1509 1704 1702 1737 officialibus
1729 1703 1847 1735 hucus-

1105 1771 1168 1803 que
1195 1760 1369 1803 deputatae
1389 1770 1443 1792 seu
1464 1758 1638 1802 deputatis⁷
1657 1763 1688 1790 et
1705 1757 1735 1789 in
1757 1767 1847 1800 prae-

1106 1813 1192 1846 dicto
1227 1819 1405 1856 praecepto
1438 1823 1491 1846 seu
1526 1811 1634 1844 edicto
1659 1810 1844 1853 expressis,

1082 1892 1084 1907 ὲ
1106 1877 1161 1899 seu
1188 1867 1259 1899 aliis
1291 1868 1397 1900 forsan
1430 1867 1460 1898 in
1481 1867 1622 1898 l'uturum
1649 1863 1845 1907 deputandis

1106 1931 1166 1964 pro
1188 1920 1472 1953 administratione
1499 1919 1639 1952 iustitiae
1660 1928 1714 1950 seu
1741 1927 1848 1960 perce-

1107 1974 1217 2016 ptione
1243 1979 1274 2006 et
1298 1973 1446 2006 custodia
1474 1972 1642 2010 fructuum,
1663 1970 1847 2004 reddituum

1107 2032 1139 2059 et
1163 2031 1376 2069 proventuum
1410 2025 1674 2069 praedictorum,
1701 2024 1767 2057 ulla
1792 2034 1844 2056 ra-

1109 2079 1196 2112 tione
1235 2085 1289 2112 aut
1323 2089 1530 2122 quocumque
1562 2078 1711 2121 quaesito
1736 2077 1846 2110 colore

1108 2133 1155 2165 vel
1181 2134 1276 2164 causa
1299 2136 1436 2176 pareant
1459 2133 1508 2164 vel
1536 2131 1771 2174 obtemperent,
1797 2130 1848 2162 vel

1108 2184 1146 2217 iis
1172 2185 1351 2227 respective
1384 2185 1481 2217 ullam
1515 2183 1757 2227 praedictorum
1784 2183 1849 2215 sru-

1109 2245 1233 2278 etuum,
1261 2237 1447 2271 reddituum
1474 2243 1505 2270 et
1530 2242 1746 2280 proventuum
1772 2246 1849 2279 por-

1111 2293 1230 2325 tionem
1246 2292 1340 2325 etiam
1359 2291 1534 2329 minimam,
1549 2294 1600 2324 aut
1615 2290 1753 2333 pretium
1773 2289 1847 2321 inde

1110 2349 1281 2378 retractum
1292 2345 1340 2377 vel
1357 2344 1600 2382 retrahendum,
1619 2342 1847 2386 quoquomodo

1111 2399 1237 2431 tradant
1262 2404 1292 2430 et
1317 2397 1500 2440 assignent3
1528 2397 1616 2440 quod
1643 2396 1669 2428 si
1695 2406 1786 2428 secus
1806 2396 1849 2427 se-

1110 2452 1223 2490 cernit,
1249 2461 1403 2484 censuras
1430 2456 1459 2483 et
1487 2461 1608 2494 poenas
1633 2460 1649 2482 a
1674 2449 1773 2481 sacris
1800 2458 1850 2480 ea-

1109 2505 1247 2538 nonibus
1280 2510 1311 2536 et
1346 2502 1630 2537 constitutionibus
1665 2501 1850 2544 apostolicis

1110 2559 1264 2591 adversus
1291 2557 1364 2591 talia
1395 2561 1625 2600 perpetrantes
1651 2554 1788 2586 inflictas
1814 2563 1848 2585 sc

1111 2610 1259 2643 noverint
1286 2611 1488 2643 incursuros.
1523 2607 1602 2645 Quin
1628 2607 1722 2638 etiam
1750 2604 1847 2637 iudici

1734 206 1794 238 Mt
1845 214 1893 241 An.
1910 213 1939 240 C.
1963 211 2031 240 1710
