2269 3203
249 226 298 253 Ant
322 226 349 252 c.
370 226 436 253 τηρῇ
481 216 546 251 908

258 1784 271 1804 Α
284 1783 385 1809 Gregorio
394 1786 429 1806 XV

244 1811 270 1830 ob
283 1815 369 1832 mortem
384 1813 430 1833 t'ht·

245 1832 532 1875 immin«onem-lippo
558 1832 612 1873 ill,
646 1833 821 1877 Gregoriiis
847 1835 917 1877 XV,
950 1836 1186 1879 praedecessor

243 1870 288 1884 suin
299 1865 336 1885 fuit
353 1866 429 1892 l’lnlip-

244 1896 270 1915 po
299 1891 321 1911 li
356 1885 537 1918 namneti-'list
565 1892 692 1927 HOSlOl',

244 1918 310 1938 solinu
340 1922 360 1939 ct
384 1927 429 1940 (nin

245 1950 300 1973 ima
335 1952 420 1966 reserva
442 1938 645 1973 Hierusalem
671 1952 742 1974 cum
770 1943 837 1975 tota
864 1945 949 1976 terra
975 1944 1118 1986 praefata
1141 1944 1186 1977 ci-

362 1975 429 1993 leriae

263 2005 273 2017 υ
296 1986 316 2018 ss
334 1999 404 2020 euro.
443 1998 489 2024 tra
516 1993 655 2027 Pharum
682 2006 782 2038 usque
808 1996 847 2029 ad
866 1995 1007 2030 confinia
1026 2002 1185 2030 terrarum

447 276 564 309 tatibus
590 281 621 310 et
651 277 913 312 ordinationibus
946 280 978 313 in
1011 279 1128 314 litteris
1155 293 1187 314 u-

445 329 589 373 triusque
630 329 699 363 iulii
748 337 780 365 et
819 333 1034 367 concessione
1072 333 1189 367 Leonis

444 384 735 426 praedecessorum
779 386 965 420 huiusmodi
1006 387 1185 428 contentis,

446 438 599 480 quarum¹
628 440 852 473 remissionem
879 451 938 484 per
958 441 1074 475 Sedem
1096 451 1188 485 prae-

445 491 564 524 dictam
609 493 722 526 saetam
765 494 865 527 fuisse
909 505 973 528 non
1017 500 1188 538 appareret

446 545 624 588 (praestitis
649 552 754 580 tamen
782 548 870 590 prius
896 548 1002 581 eidem
1028 547 1187 582 Clementi

444 600 691 641 praedecessori
719 606 748 633 et
770 601 843 634 Sedi
863 606 894 635 et
914 601 1078 635 Ecclesiae
1099 613 1189 646 prae-

444 652 528 691 fatis,
554 654 687 687 nomine
722 655 822 698 ipsius
858 655 1000 699 Philippi
1027 655 1065 689 ΙΙΙ
1091 656 1187 699 regis,

444 716 504 748 per
529 706 636 740 bonae
662 708 838 741 memoriae
859 709 1034 742 Antonium
1061 710 1099 742 de
1120 709 1189 744 Car-

444 758 529 792 dona
554 766 584 793 et
608 760 757 794 Corduba
776 762 890 795 ducem
908 762 1045 803 Svissae,
1065 762 1188 797 Sornae

444 819 476 847 et
501 814 617 854 Venae,
644 815 794 848 comitem
819 815 941 849 Gabrae
968 822 999 849 et
1025 816 1185 858 Palamos,

443 867 666 901 vicecomitem
694 869 731 901 de
757 868 914 912 Ubregar,
941 875 972 903 et
998 869 1100 913 ipsius
1116 870 1189 903 Phi·

443 921 522 964 lippi
551 921 587 954 111
615 921 699 964 regis
724 923 1004 966 consanguineum
1032 929 1063 957 et
1087 924 1188 958 consi-

442 974 584 1015 liarium,
601 976 685 1018 apud
704 976 854 1009 eumdem
873 976 1074 1011 Clementem
1093 989 1188 1022 prae-

443 1027 651 1062 decessorem
682 1036 713 1062 et
744 1029 859 1063 Sedem
886 1031 1089 1074 praedictam
1115 1043 1187 1065 ora-

443 1085 548 1114 torem
566 1087 597 1114 et
617 1087 864 1125 procuratorem
890 1095 926 1116 ac
949 1085 1186 1118 mandatarium

442 1145 533 1168 suum
559 1136 745 1178 specialem,
779 1142 811 1170 et
839 1148 898 1181 per
933 1139 1081 1172 eumdem
1118 1138 1188 1172 Cle-

443 1195 585 1222 mentem
612 1190 761 1224 admissis
788 1191 976 1225 obedientia
1006 1198 1102 1236 atque
1129 1193 1187 1226 ho-

442 1243 548 1285 magio
565 1249 596 1276 et
614 1244 798 1278 iuramento
818 1244 1008 1289 fidelitatis),
1027 1247 1084 1279 sub
1099 1249 1186 1280 certa

444 1301 518 1330 tunc
537 1300 689 1341 expressa
715 1298 829 1337 forma,
855 1300 979 1342 pariter
1004 1301 1185 1341 concessit,

443 1355 474 1383 et
499 1351 653 1393 elargitus
673 1351 738 1391 fuit,
761 1362 797 1385 ac
815 1363 951 1396 regnum
970 1353 1074 1397 ipsum
1094 1365 1187 1399 prae-

442 1403 506 1436 fato
532 1403 686 1450 Philippo
712 1405 750 1438 Ill
775 1406 844 1449 regi
883 1407 979 1441 modo
1017 1415 1048 1441 et
1086 1408 1187 1442 forma

442 1458 627 1500 praemissis
652 1459 840 1499 infeudavit‚
858 1467 957 1504 prout
973 1461 1004 1494 in
1028 1462 1186 1505 praedicti

442 1510 618 1545 Clementis
656 1513 917 1555 praedecessoris
955 1515 1013 1546 sub
1050 1515 1186 1558 plumbo

442 1564 500 1597 sub
515 1565 624 1598 datum
643 1565 764 1599 Romae
787 1566 870 1609 apud
889 1566 919 1600 S.
939 1566 1079 1601 Marcum
1099 1578 1185 1602 anno

441 1616 676 1651 Incarnationis
697 1619 877 1653 dominicae
912 1629 1043 1662 MDxclx,
1070 1632 1088 1655 v
1114 1621 1185 1655 idus

443 1672 658 1714 septembris,
687 1673 894 1716 pontificatus
920 1675 967 1707 sui
994 1685 1081 1708 anno
1107 1685 1184 1717 vui,

418 1726 599 1768 expeditis
626 1727 742 1760 litteris
767 1729 896 1771 plenius
921 1729 1116 1762 continetur.

485 1778 500 1821 ,ξ
526 1778 556 1812 5.
590 1779 734 1813 Subinde
762 1787 889 1821 autem,
923 1783 1077 1816 defuncto
1104 1782 1181 1815 Phi-

721 1888 804 1921 idem
832 1900 966 1932 regnum
999 1889 1128 1923 Siciliae
1155 1896 1185 1923 et

439 2045 604 2081 Ecclesiae
632 2048 797 2082 Romanae
817 2050 965 2093 (excepta
987 2050 1114 2084 civitate
1131 2051 1185 2085 Be·

439 2104 578 2133 nerent-[1
604 2113 675 2135 cum
698 2103 765 2136 eius
785 2104 960 2145 territorio,
984 2104 1132 2138 districtu
1154 2111 1186 2139 et

439 2155 657 2197 pertinentiis,
683 2167 742 2200 per
767 2168 801 2190 se
827 2168 883 2191 seu
910 2158 979 2191 eius
1004 2164 1036 2191 et
1055 2165 1185 2192 nostros

439 2209 711 2249 praedecessores
737 2210 901 2244 Romanos
927 2211 1100 2245 Pontifices
1126 2213 1185 2245 dis-

441 2260 561 2301 tinctis,
580 2273 615 2294 ac
634 2262 727 2296 loca*²
748 2263 950 2297 Pontiscurvi
972 2265 1108 2309 eiusque
1128 2272 1185 2299 ter-

438 2314 577 2355 ritorio⁷
605 2326 685 2358 quae
724 2317 783 2350 sibi
822 2323 853 2350 et
888 2318 994 2352 eidem
1027 2319 1184 2352 ecclesiae

440 2367 625 2409 specialiter
639 2370 785 2413 retinuit)
801 2372 907 2405 clarae
925 2373 1101 2406 memoriae
1112 2372 1186 2405 Phi-

439 2420 530 2463 lippo
556 2421 592 2453 IV
619 2424 713 2455 etiam
733 2424 964 2467 Hispaniarum
984 2426 1050 2468 regi
1077 2426 1183 2458 catho-

438 2474 499 2506 lico
525 2486 584 2517 pro
611 2486 645 2508 se
671 2477 802 2519 suisque
828 2478 1071 2511 successoribus
1107 2479 1183 2511 Ara-

440 2528 556 2570 goniae
595 2530 752 2570 regibus,
790 2536 853 2563 tam
897 2532 1051 2565 masculis
1087 2543 1182 2575 quam

479 2601 485 2624 t
511 2598 580 2625 Edit.
603 2599 682 2626 Main.
705 2599 772 2636 legit
791 2609 918 2636 quorum
938 2603 978 2636 (R.
999 2603 1048 2636 Τ.).

474 2643 490 2669 ⁶2
510 2643 625 2671 Yidetur
644 2644 793 2680 legendum
809 2646 877 2680 Ioco,
900 2646 941 2673 vel
962 2648 1040 2675 terra
1061 2648 1099 2684 (R.
1118 2649 1166 2683 T.).
1203 2665 1205 2680 2

1029 232 1211 257 BULLARIUM
1235 233 1390 259 ROMANUM

1976 239 2030 267 An.
2052 240 2082 268 C.
2099 240 2166 269 ¹722

1233 282 1376 325 seminis,
1403 295 1438 317 ex
1467 295 1504 318 eo
1535 285 1622 318 recta
1654 286 1741 319 linea
1773 286 1974 321 descenden-

1233 337 1332 379 tibus,
1360 338 1442 371 natis
1468 344 1499 371 et
1525 340 1711 380 nascituris,
1742 351 1777 374 ac
1801 340 1873 374 aliis
1897 352 1973 386 per-

1231 390 1319 423 sonis
1344 391 1376 424 in
1402 393 1612 426 concessione
1647 394 1816 438 utriusque
1847 394 1917 428 Iulii
1943 400 1975 429 et

1232 443 1348 477 Leonis
1390 456 1425 478 ac
1469 445 1644 479 Clementis
1681 447 1972 491 praedecessorum

1233 497 1418 532 huiusmodi
1458 500 1729 543 comprehensis,
1755 506 1786 534 et
1822 512 1880 545 per
1918 512 1973 535 eos

1232 551 1361 592 vocatis,
1381 552 1413 585 in
1433 552 1561 586 seudum
1588 558 1782 597 perpetuum
1802 565 1861 598 pro
1879 554 1973 588 solito

1232 614 1339 638 annuo
1365 616 1462 639 censu
1498 612 1622 650 septem
1659 608 1747 641 mille
1786 607 1973 642 ducatorum

1232 657 1387 691 similium
1413 665 1443 692 et
1478 660 1574 693 unius
1609 661 1771 704 parafreni
1809 661 1873 695 albi
1910 662 1974 695 sol-

1232 711 1338 745 vendo
1369 717 1402 744 ut
1433 723 1540 756 supra,
1574 718 1607 746 et
1631 714 1688 746 sub
1714 714 1971 757 conditionibus,

1231 764 1334 798 modis
1362 771 1392 799 et
1418 766 1542 807 formis,
1561 767 1811 809 adiectionibus,
1838 769 1974 813 promis-

1231 818 1391 860 sionibus,
1408 820 1570 862 clausulis,
1588 822 1731 862 cautelis,
1751 823 1972 857 voluntatibus

1232 877 1263 904 et
1296 872 1557 906 ordinationibus
1593 874 1626 907 in
1662 875 1779 908 litteris
1812 875 1972 910 dictorum

1231 925 1300 959 Iulii
1326 926 1351 959 ΙΙ
1376 933 1408 960 et
1432 927 1471 961 ΙΙΙ
1496 938 1531 961 ac
1556 928 1736 970 Clementis,
1763 940 1898 973 quarum
1925 941 1975 964 re·

1231 980 1419 1013 missionem
1445 991 1504 1024 per
1529 981 1645 1015 Sedem
1672 982 1890 1026 Apostolicam
1927 984 1973 1017 f'a-

1232 1039 1314 1066 ctam
1341 1033 1439 1067 fuisse
1476 1045 1542 1068 non
1579 1041 1755 1079 appareret
1786 1036 1971 1080 (praestitis

1233 1092 1340 1121 tamen
1366 1088 1457 1131 prius
1480 1088 1584 1122 eidem
1603 1088 1759 1132 Gregorio
1779 1090 1975 1133 praedeces-

1230 1140 1295 1173 sori
1322 1146 1353 1174 et
1377 1140 1453 1174 Sedi
1479 1147 1510 1175 et
1531 1141 1695 1176 Ecclesiae
1716 1143 1890 1187 praedietis
1916 1154 1973 1177 no-

1231 1194 1316 1227 mine
1342 1194 1444 1238 ipsius
1470 1195 1611 1240 Philippi
1637 1195 1674 1229 IV
1691 1197 1777 1240 regis
1795 1207 1853 1241 per
1869 1208 1973 1242 quon-

1231 1247 1304 1281 dam
1328 1247 1536 1282 Franciscum
1564 1250 1603 1283 de
1620 1250 1651 1283 la
1671 1249 1775 1283 Cueva
1795 1251 1911 1284 ducem
1933 1252 1972 1285 de

1231 1301 1495 1346 Alburquerque,
1510 1303 1594 1346 apud
1613 1314 1686 1337 eum
1705 1309 1735 1337 et
1748 1303 1864 1338 Sedem
1882 1315 1974 1349 prae-

1231 1354 1326 1388 fatam
1369 1362 1532 1389 oratorem
1576 1363 1607 1390 et
1647 1363 1896 1400 procuratorem
1935 1369 1972 1391 ac

1230 1409 1467 1442 mandatarium
1503 1420 1595 1443 suum
1633 1411 1828 1454 specialem,
1856 1416 1888 1444 et
1913 1422 1973 1455 per

1230 1462 1379 1495 eumdem
1398 1462 1589 1505 Gregorium
1609 1463 1768 1497 admissa*
1785 1464 1972 1498 obedientia

1230 1520 1325 1558 atque
1351 1515 1505 1559 homagio
1524 1522 1555 1550 et
1577 1516 1758 1550 iuramento
1780 1516 1971 1561 fidelitatis),

1229 1568 1289 1601 sub
1315 1571 1405 1602 certa
1431 1576 1505 1602 tunc
1531 1572 1685 1613 expressa
1704 1570 1816 1610 forma,
1838 1581 1973 1604 conces-

1230 1621 1272 1654 sit
1296 1627 1327 1655 et
1358 1623 1513 1665 elargitus
1540 1622 1609 1663 fuit,
1636 1633 1672 1656 ac
1697 1633 1834 1666 regnum
1861 1623 1974 1657 huius-

1230 1675 1315 1708 modi
1343 1676 1490 1719 pracfato
1519 1675 1673 1721 Philippo
1698 1676 1735 1710 IV
1759 1677 1851 1721 regi,
1877 1678 1972 1712 modo

1231 1734 1262 1761 et
1280 1729 1384 1762 forma
1401 1729 1600 1773 praemissis,
1619 1730 1810 1771 infeudavit,
1829 1738 1923 1776 prout
1940 1732 1972 1765 in

1229 1783 1391 1825 praedicti
1432 1783 1578 1826 Gregorii
1620 1784 1670 1817 XV
1705 1785 1973 1829 praedecessoris

1229 1836 1287 1868 sub
1313 1835 1468 1879 plumbo,
1495 1838 1556 1870 sub
1582 1837 1691 1871 datum
1722 1838 1859 1880 Romae,
1886 1839 1973 1883 apud

1228 1889 1260 1922 S.
1273 1889 1415 1929 Petrum,
1434 1901 1453 1923 v
1470 1891 1624 1924 kalendas
1644 1892 1825 1926 decembris
1841 1903 1971 1934 nncxxi,

1228 1943 1276 1975 sui
1303 1943 1510 1987 pontificatus
1535 1955 1622 1978 anno
1641 1955 1661 1985 ι,
1680 1946 1838 1989 expeditis
1856 1947 1973 1980 litteris

1230 1997 1359 2040 plenius
1385 1998 1585 2031 continetur.
1624 1998 1709 2037 Quae
1744 1999 1853 2032 omnia
1886 1999 1972 2033 idem

1230 2049 1400 2094 Philippus
1421 2051 1458 2084 IV
1483 2062 1538 2085 rex
1560 2053 1740 2086 successive
1767 2063 1826 2096 per
1849 2054 1971 2086 bullam

1229 2114 1318 2137 suam
1343 2115 1474 2138 auream
1500 2106 1557 2138 sub
1584 2106 1694 2139 datum
1719 2106 1847 2146 Matriti,
1872 2118 1889 2138 v
1914 2117 1971 2140 no-

1229 2159 1368 2192 vembris
1388 2169 1532 2201 MDCXXII,
1553 2170 1649 2193 manu
1672 2162 1729 2193 sua
1747 2160 1971 2203 subscriptam,

1228 2213 1443 2255 approbando
1470 2219 1501 2246 ct
1521 2213 1707 2257 ampliando
1730 2215 1894 2246 confessus
1914 2213 1971 2246 fuit

1228 2271 1260 2297 et
1285 2267 1487 2309 recognovit.

1272 2319 1286 2362 ἓ
1307 2318 1338 2352 6.
1367 2319 1535 2354 Postremo
1552 2330 1638 2361 vero,
1659 2320 1745 2353 dicto
1763 2320 1916 2364 Philippo
1933 2320 1969 2354 lv
2020 2328 2113 2349 Tandem
2136 2329 2164 2349 ab

1979 2354 2097 2375 Alexandro
2115 2353 2150 2376 vn

1229 2382 1304 2414 rege
1326 2373 1366 2405 ab
1386 2373 1537 2406 humanis
1557 2379 1681 2417 erepto,
1700 2373 1772 2416 piae
1791 2374 1968 2407 memoriae
1980 2371 2165 2434 ihiiisshwffi'ssd

1228 2425 1412 2459 Alexander
1436 2426 1497 2467 VII,
1514 2427 1750 2470 praedecessor
1774 2427 1887 2461 itidem
1913 2439 2102 2481 ss0·{2¹‡{‘1³j⁵'}}¹‘
2120 2434 2165 2486 {3¹2³}

1227 2483 1303 2519 ster,
1330 2479 1510 2522 praefatum
1532 2490 1666 2522 regnum
1685 2479 1812 2514 Siciliae
1839 2487 1870 2515 et
1894 2481 2100 2515 Hie-ca¹¹¹⁰¹i⁶0=
2129 2493 2164 2507 ⁰⁰·

1979 2514 2026 2534 dam
2039 2514 2106 2536 modo.
2117 2519 2164 2534 cum

1227 2531 1366 2564 rusalem
1392 2543 1463 2564 cum
1501 2534 1565 2565 tota
1591 2535 1677 2565 terra
1711 2533 1791 2567 citra
1827 2534 2164 2567 phapnmeaaemreservu-

1265 2650 1271 2675 l
1298 2649 1390 2675 Potius
1411 2650 1471 2685 lege
1491 2649 1648 2685 admissis,
1671 2655 1698 2678 ut
1718 2658 1800 2686 supra
1820 2651 1859 2686 (n.
1878 2651 1928 2686 τ.).
