2269 3203
263 217 315 244 An.
337 216 451 243 G.17t3

287 1173 407 1197 Exordium.

287 1807 367 1826 (lausa-¹
384 1813 426 1833 prat
435 1818 444 1824 -

300 1837 303 1846 1
364 1840 368 1844 .
405 1840 409 1844 ,
419 1841 432 1846 Δ,

260 1865 305 1879 Ηυυ

497 206 560 240 573

456 276 526 298 rum
553 265 728 305 habeatur,
755 278 837 310 quae
864 266 942 310 ipsis
969 266 1192 309 praesentibus

456 318 633 351 haberetur
647 319 672 351 si
692 319 795 352 forent
813 318 975 351 exhibitae
990 318 1038 350 vcl
1056 323 1192 351 ostcsae.

498 371 611 403 Datum
637 371 769 411 Romae,
795 371 878 414 apud
897 370 928 403 S.
950 370 1080 403 Mariam
1098 370 1194 402 Maio-

454 434 534 464 rem,
554 424 612 456 sub
639 425 759 456 annulo
783 423 968 462 piscatoris,
995 422 1046 455 die
1071 431 1123 455 x1v
1144 432 1194 455 se-

454 476 612 519 ptembris
644 486 787 509 tintzcxtu
806 502 813 515 ‚
845 475 1056 519 pontificatus
1089 475 1192 508 nostri

455 541 540 564 anno
566 540 636 563 xut.

491 592 547 618 Dat.
562 592 605 619 die
620 593 646 619 14
660 592 826 627 septembris
841 592 918 625 1713,
936 592 1032 627 pontit.
1051 600 1122 619 anno
1134 599 1191 619 xm.

780 732 865 765 CXC.

455 812 646 845 Conceditur
677 812 928 855 Conyrcgyalifflti
960 814 1194 846 monachorum

504 864 777 897 Vallisumbrosue
799 866 1049 898 communicatio
1061 865 1195 907 priuile-

497 917 627 958 syrorum
651 917 870 959 quorumdam
894 917 1057 950 Ordinum
1071 922 1099 950 ct
1118 917 1193 951 Con-

498 970 728 1011 qreyationum
752 968 772 1002 ¹.

670 1047 804 1074 Clemens
827 1047 905 1081 Papa
925 1048 975 1080 XI,

577 1091 614 1118 ad
633 1094 810 1125 perpetuam
829 1091 873 1119 rei
893 1092 1075 1120 memoriam.

499 1162 707 1205 Apostolatus
734 1162 899 1202 osticium,
927 1163 1014 1206 quod
1040 1162 1195 1196 inscruta-

454 1214 527 1248 bilis
552 1214 678 1247 divinae
704 1215 882 1257 sapientiae
915 1221 1011 1258 atque
1040 1216 1194 1248 bonitatis

454 1267 591 1301 altitudo
618 1268 794 1300 humilitati
821 1273 953 1300 nostrae
991 1268 1194 1301 committere

455 1321 584 1363 dignata
605 1326 663 1359 est,
681 1321 858 1354 salubriter
875 1321 1002 1364 exequi,
1023 1321 1193 1354 adiuvante

454 1374 610 1413 Domino,
643 1374 763 1416 iugiter
787 1378 972 1416 satagentes
990 1400 997 1413 ‚
1022 1374 1193 1421 religiosos

456 1427 541 1460 viros
567 1427 624 1459 sub
651 1426 738 1459 suavi
765 1426 882 1459 Christi
918 1427 993 1469 iugo
1030 1433 1103 1460 vota
1139 1438 1194 1460 sua

456 1481 595 1513 reddere
632 1481 815 1523 uberesque
855 1481 1019 1513 bonorum
1058 1491 1193 1524 operum

456 1534 578 1567 fructus
604 1532 790 1576 adspirante
822 1533 955 1576 superni
993 1533 1109 1566 favoris
1143 1544 1194 1566 au-

456 1587 532 1619 xilio
558 1586 705 1629 proferre
731 1586 850 1627 iugiter
875 1591 1071 1629 satagentes,
1097 1592 1129 1618 ut
1156 1597 1193 1620 eo

455 1639 592 1672 alacrius
619 1639 747 1682 pietatis
780 1639 942 1671 exercitiis
979 1639 1192 1679 incumbant,

456 1692 620 1725 favoribus
650 1698 681 1724 et
709 1692 821 1733 gratiis
851 1692 990 1724 libenter
1023 1692 1195 1735 prosequi-

456 1755 526 1777 mur
551 1745 759 1787 opportunis.

499 1798 570 1840 §l
601 1797 725 1840 Exponi
764 1797 923 1840 sirpiidem
958 1798 1051 1830 nobis
1089 1808 1196 1840 nuper

371 1841 529 1883 ⁰¹'''”''t‘ecit
564 1850 701 1883 dilectus
739 1849 823 1882 silius
855 1849 1069 1883 Columbinus
1105 1851 1194 1883 Bassi

455 1902 552 1935 abbas
577 1902 739 1944 generalis
761 1903 996 1935 monachorum
1013 1903 1196 1945 Congrega—

457 1955 552 1988 tionis
577 1955 851 1988 Vallisumhrosae
877 1955 1006 1988 Ordinis
1037 1955 1068 1988 S.
1095 1956 1196 1989 Bene-

456 2008 548 2048 dicti,
575 2008 659 2051 quod
687 2008 775 2047 alias,
802 2013 973 2052 postquam
1000 2009 1195 2042 monasteria

455 2060 560 2093 dietae
590 2060 860 2103 Congregationis
897 2071 982 2094 anno
1016 2070 1194 2095 MCDLxxxlv

455 2112 582 2146 insimul
616 2113 705 2145 unita
731 2120 762 2146 ct
795 2113 826 2145 in
860 2113 1152 2156 Congregationem
1178 2125 1195 2147 a

456 2165 557 2197 felicis
582 2165 820 2198 recordationis
845 2165 1034 2199 Innocentio
1051 2166 1111 2199 PP.
1130 2166 1194 2199 VIII

455 2217 706 2259 praedecessore
729 2222 840 2251 nostro
859 2218 1048 2251 auctoritate
1067 2225 1194 2262 aposto-

455 2269 513 2302 lica
539 2275 648 2302 erecta
676 2270 813 2309 fuerant,
838 2270 910 2312 piae
937 2271 1113 2303 memoriae
1143 2271 1193 2303 Iu-

455 2323 516 2356 lius
534 2322 592 2354 PP.
628 2322 651 2354 ll
682 2323 802 2364 pariter
831 2322 1064 2365 praedecessor
1084 2330 1194 2356 noster

456 2375 563 2408 eidem
589 2374 841 2416 congregationi
868 2374 976 2407 omnia
1001 2381 1033 2407 et
1067 2374 1193 2417 singula

455 2427 624 2471 privilegia
642 2433 672 2459 et
697 2427 833 2468 indulta,
853 2426 1105 2470 Congregationi
1121 2427 1193 2460 Cas-

491 2508 500 2532 'i
522 2505 666 2539 Privilegia
677 2505 884 2539 Congregationi
900 2505 1051 2532 Cassinensi
1066 2491 1193 2533 concessa

456 2550 532 2576 fuere
552 2557 567 2576 a
586 2548 653 2575 Iulio
670 2547 708 2581 113
724 2552 751 2575 et
766 2549 898 2584 quaedam
914 2549 966 2576 alia
981 2557 996 2576 a
1008 2550 1146 2577 Clemente
1158 2551 1191 2584 X,

456 2597 538 2621 coust,
562 2593 604 2621 ed.
625 2599 757 2627 uacent,
778 2593 820 2621 die
839 2593 855 2621 Ξ
875 2593 1010 2629 octobris,
1031 2593 1127 2629 pontif.
1150 2601 1178 2623 n.

1036 219 1213 242 lJt'LtAmt'u
1239 217 1394 241 HOMAXUM

1237 265 1356 297 sinensi
1382 266 1460 298 alias
1484 268 1513 299 S.
1537 265 1675 300 Iustinae
1697 266 1736 299 de
1763 266 1870 299 Padua
1895 267 1969 300 dicti

1235 316 1362 351 Ordinis
1377 328 1393 350 a
1406 318 1487 352 Sede
1503 318 1686 361 Apostolica
1705 329 1868 360 concessa,
1887 330 1971 353 com-

1237 370 1418 404 municavit.
1439 370 1561 404 Deinde
1575 381 1652 403 vero
1666 370 1779 404 similis
1795 371 1971 405 memoriae

1236 422 1308 456 Pius
1316 422 1411 464 PRV,
1426 423 1522 457 etiam
1536 424 1768 467 praedecessor
1780 429 1902 466 noster,
1914 435 1973 468 per

1236 476 1388 519 quasdam
1409 476 1532 511 litteras
1550 477 1744 520 apostolicas
1757 488 1842 511 anno
1860 487 1972 512 untvtt

1237 529 1377 572 desuper
1408 529 1595 573 expeditas,
1623 529 1794 573 privilegia
1816 530 1972 564 Ordinum

1236 582 1434 623 regularium
1460 582 1713 615 mendicantium
1746 583 1784 615 ad
1821 582 1973 616 undecim

1236 633 1513 676 Congregationes
1538 634 1758 675 extendendo,
1787 634 1883 668 etiam
1907 635 1974 678 pri-

1236 686 1408 719 modictam
1445 686 1738 730 Congregationem
1773 687 1859 720 inter
1893 688 1972 720 alias

1237 740 1449 773 enumeravit.
1481 740 1543 774 Sed
1568 740 1746 773 successive
1764 768 1771 781 ‚
1799 740 1974 784 praedictis

1236 793 1281 825 Pii
1307 793 1569 836 praedecessoris
1594 792 1709 826 litteris
1734 804 1751 826 a
1782 793 1974 826 recolendae

1237 847 1413 879 memoriae
1438 845 1583 889 Gregorii
1599 846 1657 878 [³1³.
1674 846 1739 879 Xlll
1753 846 1866 879 itidem
1883 857 1974 890 prae-

1238 899 1409 932 decessore
1435 906 1545 932 nostro
1572 900 1730 933 revocatis
1750 927 1757 940 ,
1786 900 1971 943 Congrega-

1238 952 1344 985 tiones
1371 953 1569 986 monasticae
1594 953 1660 986 sere
1678 963 1799 993 omneS,
1821 963 1893 986 cum
1916 964 1975 997 pro

1237 1005 1414 1038 obtinenda
1438 1005 1684 1048 privilegiorum
1708 1005 1864 1039 Ordinum
1883 1016 1976 1049 regu-

1238 1058 1352 1090 larium
1386 1057 1640 1091 mendicantium
1673 1057 1859 1091 huiusmodi
1891 1069 1977 1092 com-

1238 1110 1468 1144 munic-atione¹
1483 1111 1522 1144 ad
1537 1111 1711 1144 nonnullos
1726 1111 1888 1144 Romanos
1898 1112 1976 1145 Pon-

1239 1163 1339 1196 tifices
1364 1164 1637 1206 praedecessores
1662 1169 1791 1197 nostros
1807 1174 1974 1198 recursum

1239 1217 1439 1256 habuissent,
1449 1217 1557 1259 vigore
1573 1216 1771 1250 indultorum
1785 1217 1976 1260 specialium

1238 1268 1283 1301 eis
1309 1279 1537 1302 concessorum
1567 1269 1684 1301 dictam
1705 1280 1741 1301 ac
1761 1269 1976 1303 universalem

1238 1321 1428 1354 eorumdem
1455 1321 1702 1364 privilegiorum
1728 1332 1763 1354 ac
1788 1321 1975 1364 gratiarum,

1238 1374 1355 1417 quibus
1380 1374 1515 1408 Ordines
1546 1375 1716 1417 regulares
1747 1380 1809 1408 tam
1845 1375 1977 1408 mendi-

1238 1432 1346 1460 cantes
1366 1438 1461 1471 quam
1481 1438 1546 1461 non
1564 1428 1785 1461 mendicantes
1812 1428 1975 1469 fruuntur,

1238 1480 1567 1513 communicationem
1593 1481 1653 1513 sibi
1674 1481 1807 1514 concedi
1826 1481 1976 1514 obtinue-

1238 1538 1322 1566 runt.
1350 1533 1427 1566 Cum
1449 1539 1576 1573 autem,
1602 1534 1684 1566 sicut
1712 1534 1823 1567 eadem
1848 1534 1974 1578 exposi-

1239 1586 1283 1619 tio
1302 1585 1531 1628 subiungebat,
1551 1585 1664 1618 eadem
1683 1585 1876 1629 primodicta
1894 1587 1976 1620 Con-

1239 1638 1384 1680 gregatio
1409 1638 1678 1671 Vallisnmbrosae
1713 1639 1774 1672 hac
1801 1639 1977 1673 universali

1239 1691 1532 1724 communicatione
1569 1691 1607 1724 de
1633 1691 1797 1734 praesenti
1824 1692 1978 1726 destituta

1239 1743 1433 1786 reperiatur,
1461 1754 1497 1776 ac
1522 1744 1661 1786 proinde
1686 1744 1790 1777 dictus
1814 1744 1978 1778 Columbi-

1239 1806 1300 1828 nus
1316 1796 1414 1829 abbas
1425 1796 1597 1839 generalis,
1613 1797 1797 1840 praedictae
1812 1808 1887 1831 suae
1897 1798 1978 1832 Con-

1239 1849 1417 1891 gregationi
1445 1850 1553 1882 omnia
1578 1856 1609 1882 et
1634 1849 1762 1892 singula
1787 1850 1976 1893 privilegia,

1239 1902 1357 1944 gratias
1376 1908 1407 1935 et
1423 1901 1548 1935 indulta
1567 1912 1788 1945 quaecumque
1807 1912 1824 1934 a
1841 1902 1929 1936 Sixto
1943 1904 1975 1943 V,

1239 1955 1402 1988 Clemente
1428 1955 1510 1995 Vttt,
1536 1955 1692 1998 Gregorio
1718 1955 1794 1996 XIV,
1822 1956 1918 1990 Paulo
1942 1957 1977 1997 V,

1239 2008 1396 2051 Gregorio
1433 2007 1519 2049 33³⁹,
1546 2008 1676 2042 Urbano
1713 2009 1776 2042 vlit
1808 2020 1843 2042 ac
1883 2010 1977 2044 Inno-

1239 2061 1346 2095 centio
1371 2062 1423 2094 ΧΠ
1453 2062 1605 2094 Romanis
1635 2061 1847 2095 Pontificibus
1878 2063 1976 2096 etiam

1239 2114 1544 2157 praedecessoribus
1564 2114 1692 2154 nostris,
1710 2115 1976 2157 Congregationi-

1238 2167 1297 2199 bus
1323 2166 1353 2199 S.
1388 2166 1574 2210 Hieronymi
1600 2166 1773 2209 Hispaniae
1790 2193 1797 2206 ‚
1831 2166 1972 2201 clerico·

1239 2230 1307 2252 rum
1330 2219 1525 2262 regularium
1544 2219 1794 2252 Ministrantium
1826 2219 1973 2260 Infirmis,

1237 2281 1363 2304 necnon
1395 2273 1631 2304 monachorum
1663 2271 1973 2314 Camaldulensium,

1237 2323 1512 2363 Cisterciensium,
1531 2323 1787 2356 Caelestinorum
1817 2330 1849 2358 et
1872 2325 1975 2359 sancti

1237 2375 1334 2408 Mauri
1356 2376 1386 2408 in
1413 2375 1524 2415 Gallia,
1546 2386 1672 2409 necnon
1697 2376 1974 2411 Cartliusiensium

1238 2433 1267 2460 et
1300 2428 1352 2460 SS.
1379 2428 1543 2460 Trinitatis
1579 2428 1823 2472 Redemptionis
1860 2430 1971 2472 Capti-

1237 2491 1346 2512 vorum
1377 2480 1549 2513 Ordinibus
1583 2482 1759 2524 respective
1795 2492 1972 2523 concessa,

1273 2551 1282 2577 1
1307 2549 1376 2577 Edit.
1397 2530 1476 2577 lllain.
1498 2550 1562 2586 legit
1580 2552 1800 2579 communicatio
1821 2553 1860 2587 (n.
1876 2552 1924 2587 T).

1270 2594 1285 2621 ‘2
1308 2593 1378 2622 Edit.
1399 2594 1478 2622 Μαίη.
1500 2594 1564 2631 legit
1583 2595 1651 2624 XIV
1669 2596 1706 2631 (R.
1722 2597 1772 2631 T.).

1983 220 2032 247 An.
2053 220 2166 248 (1.1713

2012 1543 2089 1563 Preces
2103 1542 2172 1563 abba-

1985 1569 2011 1591 tis
2020 1570 2131 1595 generatis.
