2269 3203
263 240 312 270 An.
329 239 358 268 c.
382 238 448 266 1717
495 231 559 265 774

293 2216 411 2238 Chius-ntae.

292 2324 448 2344 [lantrat-uuum

265 2350 382 2375 derogatio.

455 289 692 330 manicationis,
719 289 946 333 suspensionis
970 294 1001 321 et
1018 287 1195 324 interdicti,

456 342 594 386 aliisque
621 342 850 376 ecclesiasticis
877 342 1059 381 sententiis,
1085 350 1197 374 censu-

456 395 500 428 ris
526 401 557 428 et
581 395 719 438 poenis,
747 407 763 428 a
790 395 858 428 iure
886 396 933 427 vel
961 394 999 427 ab
1035 393 1167 427 homine
1187 419 1194 431 ,

456 449 568 492 (piaris
594 449 764 482 occasione
791 449 839 481 vel
866 450 961 481 eausa
987 447 1068 486 latis,
1088 447 1112 478 si
1132 446 1197 490 qui-

456 502 516 535 bus
543 502 789 546 quomodolibet
813 502 988 534 innodatus
1014 499 1132 540 existit,
1158 499 1195 532 ad

457 555 607 589 effectum
634 555 853 598 praesentium
887 555 1050 587 dumtaxat
1082 563 1197 586 conse-

457 609 648 651 quendum,
675 608 788 640 barum
815 608 899 640 serie
925 607 1130 640 absolventes
1166 610 1198 638 et

457 661 637 694 absolutum
672 661 738 694 sore
775 665 971 700 censentes,
1010 659 1196 692 huiusmodi

457 715 754 758 supplicationibus
780 714 936 753 inclinati,
964 714 1003 746 de
1029 711 1198 746 venerabi-

457 768 535 801 lium
563 769 696 800 fratrum
723 773 908 801 nostrorum
935 767 965 800 S.
985 767 1023 799 R.
1043 766 1076 798 E.
1095 765 1199 799 cardi-

457 821 578 854 nalium
605 821 744 864 negotiis
770 827 798 854 et
826 820 1118 854 consultationibus
1136 818 1198 862 epi-

457 885 630 919 scoporum
657 880 689 908 et
714 874 909 917 regularium
925 873 1197 917 praeposuerim,

458 928 513 971 qui
551 927 727 961 relationes
764 927 826 960 iam
865 927 1006 960 defuncti
1041 936 1198 970 procura-

457 982 537 1014 toris
569 981 731 1024 generalis
759 987 790 1014 et
823 981 932 1013 dilecti
967 980 1022 1013 filii
1049 980 1198 1013 moderni

457 1034 661 1077 viee-prioris
687 1035 849 1077 generalis
875 1034 948 1066 dieti
981 1033 1109 1067 Ordinis
1134 1034 1201 1066 Dis-

458 1089 676 1121 calceatorum
696 1093 727 1120 et
748 1088 1005 1121 Ilecollectorum
1027 1098 1126 1131 super
1140 1088 1199 1120 eis-

458 1141 530 1174 dem
564 1141 751 1184 praemissis
779 1141 871 1174 dictis
905 1142 1125 1174 cardinalibus
1159 1142 1200 1174 sa-

458 1200 524 1227 etas
549 1195 768 1233 audiverunt,
794 1195 944 1235 consilio,
975 1195 1124 1227 fratribus
1148 1196 1201 1228 de—

457 1247 591 1280 finitorii
618 1248 831 1291 primodictae
857 1249 1042 1292 provinciae
1069 1249 1200 1282 faculta-

458 1307 522 1334 tem
550 1302 693 1344 eligendi
722 1301 751 1334 in
772 1313 884 1335 eorum
905 1302 1054 1345 capitulis
1074 1302 1201 1345 provin-

458 1354 592 1387 cialibus
617 1360 681 1387 tres
709 1355 877 1398 religiosos
902 1355 1141 1396 benemeritos,
1170 1360 1200 1388 et.

459 1418 540 1450 quos
565 1408 666 1450 magis
684 1409 818 1441 idoneos
833 1408 1059 1448 iudicaverint,
1077 1419 1198 1452 eosque

459 1461 617 1494 ministris
643 1463 692 1495 vel
726 1462 957 1494 commissariis
989 1463 1198 1505 generalibus

458 1524 517 1557 pro
538 1520 685 1558 tempore
704 1515 913 1548 existentibus
929 1515 1142 1558 proponendi,
1159 1515 1198 1548 ad

458 1567 523 1600 hoc
549 1573 583 1600 ut
607 1579 644 1601 ex
671 1567 709 1601 iis
744 1568 846 1601 tribus
880 1579 979 1601 unum
1014 1569 1200 1602 commissa-

460 1620 542 1653 rium
555 1621 750 1654 visitatorem
767 1622 912 1654 eiusdem
931 1621 1115 1665 provinciae
1130 1632 1200 1655 con-

460 1675 596 1707 stituant
617 1680 648 1707 et
670 1675 838 1718 deputent,
856 1681 896 1715 et,
912 1675 943 1707 in
960 1675 1117 1708 desectum
1136 1676 1201 1719 pri-

459 1727 511 1767 mi,
531 1729 667 1760 alterum
695 1729 883 1770 subrogent,
904 1739 939 1760 ae
957 1728 1200 1771 deputationem

460 1781 499 1813 ad
538 1782 684 1814 eamdem
727 1781 927 1825 provinciam
961 1782 1200 1825 quamprimum

460 1834 626 1867 remittere
653 1835 795 1868 debeant
826 1840 860 1867 ut
885 1835 1125 1868 commissarius
1157 1836 1201 1868 vi-

460 1886 574 1919 sitator
599 1887 683 1920 intra
714 1893 841 1931 tempus
867 1899 884 1920 a
910 1888 1201 1935 constitutionibus

461 1946 699 1984 praescriptum
726 1941 943 1974 visitationem
970 1952 1135 1974 assumere
1170 1947 1201 1975 et

460 1995 625 2037 complere
652 1995 765 2038 possit,
792 1995 984 2028 auctoritate
1008 1996 1199 2038 apostolica,

460 2051 571 2080 tenore
600 2048 821 2092 praesentium
840 2076 846 2089 ,
873 2049 1098 2091 concedimus,
1117 2050 1201 2082 salva

461 2107 568 2134 tamen
593 2113 727 2146 semper
752 2103 782 2135 in
803 2103 990 2146 praemissis
1008 2103 1200 2136 auctoritate

461 2153 565 2186 dictae
587 2153 855 2198 Congregationis
885 2156 1115 2189 cardinalium.

503 2208 517 2250 ἓ
541 2207 572 2240 3.
600 2207 834 2249 Decernentes,
858 2209 985 2241 easdem
1007 2215 1201 2253 praesentes

459 2259 585 2292 litteras
610 2271 738 2304 semper
763 2262 881 2301 firmas,
908 2262 1005 2294 ete.¹.

504 2313 518 2356 ἓ
543 2314 574 2346 4.
602 2313 668 2346 Non
696 2315 902 2348 obstantibus
934 2316 1138 2359 praemissis,
1165 2326 1200 2348 ac

460 2367 746 2400 constitutionibus
757 2373 788 2400 et
798 2368 1059 2401 ordinationibus
1073 2374 1201 2410 aposto-

459 2420 543 2460 licis,
560 2431 686 2453 uecnon
698 2421 937 2463 provinciarum
954 2426 984 2453 et
1002 2421 1201 2453 Ordinisliu-

462 2473 613 2512 iusmodi‚
629 2473 724 2506 etiam
743 2473 936 2512 iuramento,
955 2472 1048 2506 etc.⁹.

506 2527 618 2559 [tatum
645 2527 779 2567 Romae,
807 2528 891 2570 apud
918 2527 949 2559 S.
984 2527 1113 2560 Mariam
1139 2527 1201 2560 Ma-

500 2601 507 2625 1
532 2599 649 2634 Reliqua
671 2601 698 2625 ut
718 2607 799 2633 supra
819 2606 879 2633 pag.
903 2597 953 2625 703
972 2608 989 2624 α
1010 2603 1046 2632 (n.
1064 2598 1112 2634 T.).

496 2644 511 2670 ⁰),
532 2644 646 2679 Reliqua
667 2647 695 2670 ut
714 2643 779 2670 ibid.
801 2643 840 2677 (R.
856 2643 905 2677 Τ.).

1042 238 1222 264 BULLARIUM
1248 237 1403 261 ROMANUM

1993 238 2083 266 An.c.
2107 238 2175 266 ¹⁷17

1241 287 1355 328 iorem,
1383 286 1443 319 sub
1474 286 1595 319 annulo
1631 285 1814 326 Piscatoris,
1852 286 1903 320 die
1936 296 1980 320 vu

1240 340 1434 384 septembris
1460 349 1621 380 nnccxvn,
1645 339 1852 383 pontificatus
1878 340 1980 374 nostri

1241 404 1325 427 anno
1347 404 1424 427 xvn.

1276 456 1337 482 Dat.
1351 455 1394 482 die
1407 456 1421 481 7
1436 454 1604 491 septembris
1623 455 1700 488 1717,
1718 455 1814 490 pontis.
1832 464 1901 483 anno
1916 461 1981 484 xvll.

1558 599 1668 633 CCLll.

1243 678 1490 720 Confirmantur
1513 689 1595 711 nora
1626 678 1775 722 capitula
1809 678 1982 722 reqiminis

1285 733 1427 766 cirilalis
1453 732 1626 766 Recinetist

1459 813 1595 840 Clemens
1616 814 1695 847 Papa
1715 813 1763 845 XI,

1361 857 1397 884 ad
1417 860 1594 891 perpetuam
1613 858 1657 884 rei
1678 858 1861 885 memoriam.

1286 929 1422 962 Paterna
1434 939 1518 968 cura,
1533 939 1628 972 quam
1642 929 1680 961 de
1698 928 1813 961 nostris
1828 933 1858 961 et
1871 928 1980 962 S.R.E.
2021 937 2141 960 Exordium.

1243 981 1338 1015 etiam
1366 982 1475 1025 quoad
1510 982 1704 1025 temporalia
1734 982 1872 1015 subditis
1898 981 1983 1024 geri-

1243 1046 1325 1077 mus,
1353 1035 1437 1068 circa
1474 1046 1533 1068 nos
1566 1039 1660 1077 urget
1695 1040 1791 1078 atque
1832 1034 1982 1078 impellit,

1244 1093 1279 1120 ut
1305 1099 1352 1129 ea,
1380 1099 1461 1131 quae
1489 1098 1546 1131 pro
1573 1087 1658 1120 felici
1685 1087 1851 1120 civitatum
1871 1092 1902 1120 et
1920 1093 1982 1121 ter-

1244 1153 1352 1174 rarum
1380 1142 1510 1174 ditionis
1538 1142 1723 1184 temporalis
1760 1141 1906 1174 eiusdem
1932 1141 1986 1174 Se·

1245 1195 1293 1228 dis
1320 1195 1477 1238 regimine
1504 1200 1535 1227 et
1561 1195 1720 1237 gubernio
1747 1194 1880 1238 provide
1912 1205 1984 1228 eon-

1245 1249 1355 1281 stituta
1370 1258 1441 1281 esse
1460 1253 1650 1288 noscuntur,
1666 1258 1729 1291 quo
1748 1247 1839 1280 firma
1856 1257 1985 1291 semper

1244 1306 1275 1333 et
1300 1302 1422 1334 illibata
1457 1300 1646 1344 persistant,
1678 1300 1850 1343 apostolici
1876 1299 1982 1332 muni-

1244 1354 1338 1387 minis
1364 1353 1759 1397 praesidioroboremus,
1791 1359 1825 1385 ut
1857 1353 1889 1385 in
1922 1352 1983 1385 Do-

1243 1408 1330 1440 mino
1357 1407 1531 1440 salubriter
1557 1407 1710 1450 expedire
1736 1407 1942 1440 arbitramur.

1286 1461 1300 1501 ξ
1325 1461 1355 1494 l.
1394 1460 1518 1504 Exponi
1543 1461 1705 1503 siquidem
1741 1461 1836 1493 nobis
1876 1468 2179 1503 nuperivovacapnuia

1992 1501 2012 1515 in
2022 1495 2115 1520 generati
2130 1500 2179 1515 con-

1244 1514 1390 1547 fecerunt
1415 1514 1523 1547 dilecti
1543 1513 1598 1547 tilii
1625 1514 1839 1547 communitas
1865 1519 1896 1546 et
1921 1513 2040 1559 lio-{ilio
2056 1521 2178 1568 .³ff‚¹¹'‘⁰¹’s!¹³

1243 1567 1345 1600 mines
1370 1578 1407 1600 ae
1431 1567 1574 1609 regimen
1602 1567 1738 1600 civitatis
1763 1572 1894 1600 nostrae
1919 1565 1982 1599 Re·
1993 1554 2180 1621 23¹3¹=Jiqr1igr³uixil

1244 1621 1428 1661 cinetensis,
1447 1621 1550 1663 quod,
1573 1630 1644 1653 cum
1671 1620 1743 1663 ipsi,
1762 1621 1802 1653 ob
1820 1630 1928 1653 rerum
1947 1604 2015 1652 aeUl
2030 1608 2090 1622 'nra'

1246 1679 1427 1716 temporum
1454 1673 1656 1712 varietatem,
1676 1673 1807 1717 antiqua
1832 1673 1981 1717 capitula,

1244 1728 1283 1760 ad
1302 1728 1471 1760 bussolum
1489 1726 1590 1770 ipsius
1609 1726 1776 1769 regiminis
1793 1727 1982 1770 spectantia,

1245 1791 1327 1823 quae
1368 1780 1467 1820 alias,
1512 1790 1630 1823 nempe
1673 1790 1778 1823 usque
1818 1781 1856 1813 ab
1897 1790 1983 1813 anno

1244 1843 1363 1874 tinem,
1390 1844 1406 1866 a
1432 1834 1571 1866 consilio
1599 1839 1674 1866 tunc
1698 1833 1856 1867 existente
1881 1833 1985 1867 dietae

1245 1886 1385 1919 civitatis
1402 1887 1484 1918 sacta
1502 1887 1643 1926 suerunt,
1664 1886 1799 1929 provide
1819 1897 1985 1920 removere

1245 1940 1495 1981 existimassent,
1526 1951 1584 1984 per
1620 1946 1763 1984 quatuor
1800 1941 1982 1984 deputatos,

1245 2005 1316 2027 eum
1342 1994 1545 2027 facultatibus
1578 1993 1770 2027 necessariis
1799 2000 1831 2026 et
1864 2004 1985 2037 oppor-

1245 2046 1330 2079 tunis
1357 2047 1394 2079 ad
1421 2047 1452 2079 id
1479 2048 1612 2087 electo&
1640 2046 1798 2090 quaedam
1824 2057 1906 2079 nova
1933 2057 1985 2079 ea-

1245 2101 1346 2144 pitula
1383 2101 1421 2134 de
1457 2105 1567 2133 cetero
1601 2100 1760 2133 servanda
1795 2098 1928 2132 formari
1955 2104 1986 2132 et

1245 2154 1394 2195 stabiliri,
1421 2154 1541 2197 illaque
1575 2153 1712 2187 subinde
1738 2153 1770 2185 in
1795 2153 1927 2196 publico
1953 2163 1986 2186 e-

1244 2209 1370 2241 iusdem
1398 2207 1535 2240 civitatis
1562 2207 1698 2239 consilio
1724 2207 1774 2239 die
1805 2216 1869 2240 xxu
1904 2206 1985 2238 iunii

1280 2290 1289 2315 1
1315 2288 1431 2323 Antiqua
1451 2287 1569 2322 capitula
1585 2286 1657 2313 edita
1672 2286 1747 2313 fuere
1763 2294 1832 2313 auno
1843 2293 1939 2321 MDCHI,
1957 2290 1984 2314 et

1243 2334 1294 2360 hac
1314 2334 1347 2359 de
1364 2341 1393 2360 re
1410 2332 1469 2359 vide
1488 2331 1630 2358 Alexandri
1646 2331 1678 2357 Vl
1696 2334 1781 2357 const.
1795 2331 1838 2358 ed.
1857 2337 1984 2365 mcnxmn,

1243 2377 1287 2403 die
1306 2377 1340 2402 20
1360 2376 1434 2407 maii⁷
1456 2373 1800 2411 pontif.1;Innocentiinl
1819 2375 1925 2402 constit.
1942 2375 1985 2402 ed.

1243 2426 1390 2453 nincxcvni,
1412 2420 1455 2446 die
1475 2419 1492 2445 9
1511 2418 1626 2453 augusti,
1643 2419 1739 2454 pontif.
1756 2425 1812 2453 vlit,
1833 2419 1988 2446 reforman-

1244 2468 1286 2490 tur
1306 2463 1513 2490 constitutiones
1534 2471 1582 2498 pro
1602 2463 1733 2498 regimine
1753 2463 1867 2490 civitatis
1886 2463 1986 2491 Laure-

1243 2513 1339 2542 tanae;
1361 2512 1387 2536 et
1407 2508 1545 2535 Benedicti
1566 2508 1622 2535 Xlll
1650 2509 1757 2536 constit.
1779 2508 1822 2535 ed.
1848 2516 1985 2542 iimccxxv,

1243 2554 1285 2581 die
1309 2554 1339 2580 12
1364 2553 1529 2585 decembris,
1550 2553 1645 2589 pontis.
1667 2560 1701 2587 Η,
1723 2553 1877 2580 extenditur
1903 2561 1985 2589 quae-

1244 2600 1306 2626 dam
1327 2598 1483 2625 constitutio
1503 2598 1535 2626 ad
1556 2603 1678 2626 ornatum
1703 2599 1818 2627 civitatis
1847 2598 1985 2626 Beneven-

1243 2647 1322 2671 tanae
1343 2647 1478 2678 spectans.
