2269 3203
289 217 336 242 An.
357 216 385 242 c.
406 216 470 242 1712
516 208 580 242 470

479 266 682 299 oblationum
707 266 864 309 ipsarum·
889 266 1126 310 dispensationi
1163 269 1214 312 pie

479 317 650 361 providere
668 318 790 359 volens,
809 319 982 362 imaginem
1001 320 1211 363 praedictam,

479 381 605 404 necnon
632 372 739 404 omnia
765 378 797 405 et
821 372 963 415 singulas
980 374 1212 416 eleemosynas,

478 424 659 456 oblationes
679 452 686 464 ,
713 424 859 457 redditus
876 451 883 464 ,
911 430 1086 467 proventus
1104 451 1111 465 ,
1137 436 1187 458 res
1204 452 1211 465 ,

476 477 562 510 bona
587 483 619 509 et
643 478 749 520 legata
774 477 857 520 apud
885 488 954 511 earn
980 484 1011 510 et
1031 488 1089 521 pro
1107 480 1144 511 ea
1162 481 1213 511 ea-

479 535 572 563 tenus
599 535 675 562 tunc
701 530 843 570 donata,
868 531 973 573 legata
990 557 997 569 ‚
1034 531 1145 563 relicta
1182 536 1214 563 et

477 583 571 623 sacta,
599 594 635 615 ac
652 583 683 614 in
699 588 867 625 posterum
885 584 1046 624 donanda,
1061 583 1210 626 leganda,

476 635 690 678 relinquenda
714 641 746 668 et
771 636 936 676 facienda,
962 637 1069 669 eidem
1106 637 1212 669 archi-

475 688 727 721 consraternitati
752 695 913 732 perpetuo
940 689 1122 730 donaverat,
1141 699 1211 722 con-

474 746 617 774 cesserat
642 746 673 773 et
698 742 853 784 elargitus
884 742 1010 781 fuerat,
1043 742 1087 775 ita
1123 742 1210 785 quod

474 794 589 826 liceret
612 795 715 828 bonae
742 795 916 828 memoriae
932 795 1105 829 Gnillelmo
1124 797 1208 829 tituli

473 846 504 878 S.
532 847 698 880 Laurentii
735 848 765 880 in
802 848 886 881 Pane
917 854 947 881 et
976 848 1100 888 Perna,
1136 855 1209 881 tunc

473 899 549 932 dum
576 900 727 933 existeret
759 902 945 944 praedictae
982 907 1110 934 sanctae
1146 902 1209 934 Ro-

472 962 587 985 manae
623 952 782 986 Ecclesiae
819 955 1011 997 presbytero
1052 955 1207 988 cardinali

471 1004 587 1038 Sirleto
613 1012 816 1048 nuncupato,
843 1017 878 1038 ac
904 1007 998 1039 etiam
1025 1012 1100 1039 tunc
1133 1007 1208 1039 dum

471 1057 624 1091 existeret
659 1058 802 1091 eiusdem
839 1059 1208 1093 archiconsraternitatis

471 1112 676 1152 protectori,
703 1122 829 1145 necnon
855 1112 1000 1145 eiusdem
1037 1113 1207 1146 archicon-

471 1163 676 1197 fraternitatis
714 1170 789 1197 tunc
824 1165 1032 1198 existentibus
1072 1166 1208 1199 admini-

469 1216 672 1257 stratoribus,
693 1217 725 1250 in
750 1219 821 1251 loco
847 1218 996 1260 imaginis
1022 1218 1205 1252 huiusmodi

469 1279 565 1301 unam
583 1270 739 1312 capellam
757 1276 956 1311 construere,
972 1281 1017 1310 ac,
1032 1276 1206 1314 postquam

469 1321 524 1354 illa
547 1326 730 1356 constructa
754 1327 786 1355 et
810 1329 998 1356 consecrata
1023 1323 1145 1363 suisset,
1173 1324 1204 1356 in

468 1376 505 1407 ea
527 1375 641 1408 missas
666 1380 697 1408 et
723 1375 828 1409 divina
853 1375 958 1409 officia
983 1387 1041 1419 per
1074 1377 1206 1420 presby-

468 1432 570 1461 terum
588 1439 643 1461 seu
669 1428 874 1472 presbyteros
892 1429 1044 1462 idoneum
1062 1440 1117 1462 seu
1136 1430 1205 1462 ido-

468 1491 570 1522 ncos,
595 1481 634 1514 ad
660 1492 773 1514 eorum
808 1488 920 1514 nutum
954 1483 1141 1525 ponendum
1175 1488 1206 1516 et

468 1534 697 1573 amovendum,
724 1544 781 1567 seu
807 1535 977 1578 ponendos
1003 1541 1034 1567 et
1058 1545 1205 1568 amoven-

468 1587 527 1619 dos
543 1613 550 1627 ,
577 1598 594 1619 a
619 1587 737 1619 vicario
764 1594 869 1620 tamen
895 1588 998 1621 dictae
1024 1587 1117 1621 Urbis
1144 1599 1203 1631 pro

466 1645 612 1683 tempore
637 1640 794 1674 existente
812 1641 1060 1684 approbandum
1081 1652 1137 1674 seu
1154 1652 1204 1684 ap-

467 1693 664 1735 probandos,
691 1694 859 1733 celebrari,
878 1700 910 1727 et
930 1694 1008 1727 alias
1035 1694 1081 1727 illi
1107 1695 1139 1726 in
1158 1695 1202 1727 di-

466 1745 546 1778 vinis
574 1746 732 1778 deserviri
758 1746 874 1787 facere,
901 1747 1072 1789 ipsamque
1098 1748 1204 1790 capel-

466 1799 538 1839 lam,
558 1804 589 1832 et
610 1799 677 1832 eius
692 1810 744 1832 res
762 1801 900 1840 ethona‚
920 1810 1038 1843 perse,
1056 1801 1104 1833 vel
1123 1801 1203 1834 alios

466 1852 505 1884 ab
530 1852 575 1885 eis
598 1863 658 1896 pro
673 1858 818 1896 tempore
836 1853 1019 1897 deputatos,
1037 1864 1152 1896 regere
1171 1859 1203 1886 ct

466 1905 659 1948 gubernare,
686 1905 882 1950 illorumque
908 1907 1038 1947 fructus,
1058 1907 1202 1940 redditus

465 1963 496 1989 ct
520 1963 694 2000 proventus
712 1985 719 1998 ‚
746 1969 874 1992 necnon
902 1959 1003 1992 dictas
1029 1960 1203 2004 eleemosy-

465 2021 522 2043 nas
547 2016 578 2043 et
603 2011 788 2044 oblationes
811 2012 993 2055 percipere,
1020 2012 1147 2055 exigere
1171 2018 1203 2045 et

466 2060 571 2094 levare
590 2087 597 2101 ‚
622 2072 658 2094 ac
683 2062 715 2094 in
740 2063 884 2106 capellae
916 2068 947 2095 et
982 2063 1202 2096 archiconsra-

468 2113 625 2146 ternitatis
652 2114 838 2148 huiusmodi
863 2115 1010 2159 aliosque
1034 2115 1106 2158 pios
1127 2126 1202 2148 usus

466 2165 512 2198 eis
544 2166 713 2199 benevisos
751 2174 963 2207 convertere,
997 2168 1134 2200 cuiusvis
1168 2168 1203 2200 li-

467 2219 572 2251 centia
596 2219 738 2262 desuper
762 2220 894 2253 minime
930 2221 1108 2264 requisita,
1142 2226 1202 2253 sta-

467 2276 558 2304 tuens
583 2273 740 2315 capellam
772 2273 876 2315 ipsam
899 2299 906 2313 ‚
941 2279 1112 2316 postquam
1147 2273 1202 2307 illa

466 2329 572 2357 erecta
597 2324 737 2365 suisset,
764 2331 798 2357 ut
821 2326 1011 2368 praefertur,
1038 2327 1126 2359 nullo
1144 2337 1201 2358 un—

466 2389 561 2421 quam
579 2383 724 2420 tempore
743 2378 775 2411 in
793 2379 919 2411 titulum
936 2379 1086 2422 perpetui
1104 2379 1202 2412 bene-

465 2430 527 2463 ficii
546 2431 755 2464 ecclesiastici
774 2431 864 2473 erigi,
889 2437 942 2464 aut
968 2437 1128 2475 tamquam
1145 2432 1202 2464 be-

466 2483 617 2518 neficium
634 2483 902 2524 ecclesiasticum,
915 2484 964 2517 vel
977 2484 1067 2524 alias,
1084 2495 1100 2516 a
1118 2484 1200 2517 Sede

465 2536 651 2580 Apostoliczi
668 2564 675 2578 ,
703 2537 751 2570 vel
778 2536 866 2570 illius
893 2537 1029 2580 legatis,
1057 2543 1110 2570 aut
1135 2537 1201 2580 qui-

1054 219 1232 244 BULLARIUM
1257 219 1412 245 ROMANUM

1259 279 1364 312 neque
1392 269 1460 302 eius
1497 268 1719 312 eleemosynas
1737 295 1744 309 ,
1781 268 1963 302 oblationes
1983 296 1991 310 ,

1258 322 1373 364 legata,
1400 331 1452 354 res
1478 327 1509 354 et
1533 321 1619 354 bona
1643 332 1702 364 per
1719 321 1797 355 alios
1811 332 1907 365 quam
1921 333 1994 365 pro-

1259 380 1419 413 tectores,
1446 374 1723 407 administratores
1757 379 1787 407 et
1822 375 1994 417 deputatos

1257 427 1418 468 praefatos
1436 427 1512 469 regi,
1533 426 1705 469 gubernari
1725 431 1756 459 et
1774 426 1993 460 administrari

1257 488 1371 520 posse,
1396 485 1427 511 et
1456 479 1610 522 quicquid
1637 490 1728 512 secus
1763 490 1862 525 super
1899 479 1948 512 his
1976 490 1993 511 a

1257 541 1442 573 quoquam,
1468 532 1580 574 quavis
1605 533 1794 565 auctoritate
1814 559 1821 571 ‚
1853 533 1994 565 scienter

1256 584 1305 615 vel
1331 583 1528 625 ignoranter,
1554 584 1742 626 contigisset
1762 583 1926 624 attentari,
1953 585 1993 617 ir-

1256 635 1352 667 ritum
1378 647 1508 680 quoque
1535 637 1723 670 decreverat
1746 642 1779 670 et
1802 637 1899 670 inane
1919 649 1926 678 ;
1962 642 1993 670 et

1255 688 1344 728 alias,
1366 696 1460 732 prout
1484 689 1516 721 in
1542 690 1730 723 eorumdem
1756 689 1846 723 Pauli
1865 695 1896 723 et
1917 689 1993 723 Gre-

1255 740 1335 782 gorii
1350 741 1637 784 praedecessorum
1656 742 1772 776 litteris
1790 742 1990 786 apostolicis,

1254 792 1394 836 cuique¹
1426 794 1605 837 respective
1641 795 1821 838 exemptis,
1858 795 1989 839 plenius

1254 846 1462 889 continetur)
1500 848 1691 882 recolendae
1723 849 1899 882 memoriae
1931 848 1990 882 Ur-

1253 899 1337 931 bano
1355 899 1459 941 Papae
1479 899 1556 939 vlu,
1577 901 1727 934 similiter
1744 901 1989 944 praedecessori

1253 957 1375 991 nostro,
1394 962 1452 994 pro
1470 951 1583 994 parte²
1606 954 1713 986 bonae
1732 955 1906 987 memoriae
1928 956 1990 988 Λη-

1253 1004 1329 1036 tonii
1357 1004 1439 1037 tituli
1466 1004 1496 1037 S.
1524 1005 1708 1048 Honuphrii
1734 1011 1810 1039 tunc
1838 1007 1912 1040 dum
1944 1008 1989 1040 vi-

1252 1063 1340 1089 veret
1364 1057 1507 1090 eiusdem
1533 1057 1564 1090 S.
1592 1059 1626 1091 R.
1656 1059 1690 1091 E.
1717 1060 1898 1103 presbyteri
1923 1070 1990 1093 car-

1253 1111 1368 1143 dinalis
1386 1111 1554 1143 Barberini
1580 1113 1771 1156 nuncupati,
1798 1124 1834 1146 ac
1860 1114 1987 1155 domus,

1252 1173 1308 1196 seu
1327 1163 1511 1206 hospitalis,
1532 1173 1662 1197 necnon
1686 1165 1816 1208 collegii
1833 1166 1990 1208 praefato-

1252 1226 1322 1248 rum
1348 1222 1379 1249 et
1401 1216 1556 1249 ecclesiae
1582 1217 1617 1250 B.
1643 1217 1759 1251 Mariae
1785 1223 1988 1262 nuncupatae

1251 1269 1335 1312 apud
1354 1269 1502 1302 eumdem
1521 1269 1684 1302 Urbanum
1703 1271 1987 1313 praedecessorem

1251 1328 1278 1354 et
1304 1321 1420 1354 Sedem
1446 1322 1661 1364 Apostolicam
1688 1324 1881 1366 protectoris
1913 1329 1988 1357 tunc

1251 1374 1427 1413 existentis,
1454 1375 1600 1418 exposito
1626 1376 1711 1418 quod
1738 1376 1806 1419 ipse
1829 1377 1987 1410 Antonius

1250 1427 1422 1460 cardinalis
1455 1433 1487 1460 et
1517 1434 1592 1460 tunc
1617 1428 1791 1462 existentes
1824 1430 1987 1472 praelatus

1251 1486 1282 1513 et
1299 1480 1441 1523 deputati
1456 1480 1724 1523 Congregationis
1738 1482 1775 1514 ad
1793 1482 1988 1524 gubernium

1250 1534 1362 1566 domus
1383 1544 1438 1566 seu
1465 1533 1636 1577 hospitalis
1662 1544 1697 1566 ac
1722 1535 1851 1578 collegii
1880 1541 1910 1567 et
1935 1546 1988 1568 ec-

1249 1586 1346 1618 lesiae
1374 1586 1407 1618 B.
1435 1586 1550 1619 Mariae
1584 1586 1803 1629 praefatorum
1831 1588 1987 1620 canonice

1248 1638 1413 1671 institutae
1438 1649 1497 1682 per
1522 1639 1670 1671 eumdem
1687 1639 1864 1673 Antonium
1884 1640 1988 1674 cardi-

1248 1693 1354 1724 nalem
1382 1697 1413 1724 et
1436 1696 1653 1734 protectorem
1679 1693 1783 1732 electi,
1807 1698 1881 1726 tune
1912 1704 1988 1737 pro-

1248 1744 1319 1777 vide
1346 1744 1611 1785 considerantes,
1638 1745 1746 1787 quod,
1777 1755 1837 1788 pro
1870 1746 1985 1779 maiori

1247 1796 1348 1840 ipsius
1374 1797 1528 1830 ecclesiae
1555 1797 1589 1829 B.
1623 1797 1741 1830 Mariae
1767 1798 1800 1831 in
1825 1798 1985 1832 Montibus

1248 1849 1352 1891 (cuius
1377 1849 1463 1882 bona
1489 1855 1520 1882 ct
1544 1850 1690 1883 redditus
1715 1860 1773 1893 per
1800 1852 1982 1894 praelatum

1248 1908 1279 1934 et
1308 1902 1480 1945 deputatos
1517 1901 1705 1935 huiusmodi
1741 1913 1802 1946 pro
1839 1908 1983 1946 tempore

1248 1955 1422 1988 existentes
1441 1965 1477 1987 ex
1493 1955 1705 1988 concessione
1720 1955 1899 1998 apostolica
1915 1956 1984 1998 regi

1247 2014 1278 2040 et
1309 2008 1527 2041 administrari
1561 2013 1655 2051 atque
1688 2009 1720 2041 in
1753 2009 1900 2042 eiusdem
1931 2019 1984 2042 ec-

1246 2060 1361 2094 clesiae
1388 2061 1422 2092 B.
1451 2059 1567 2093 Mariae
1600 2061 1633 2093 in
1668 2060 1828 2093 Montibus
1855 2071 1983 2094 necnon

1247 2113 1361 2146 domus
1387 2124 1443 2146 seu
1473 2113 1642 2156 hospitalis
1673 2118 1705 2146 et
1735 2113 1867 2156 collegii
1891 2124 1984 2157 prae-

1247 2167 1382 2199 fatorum
1403 2176 1479 2199 usus
1505 2171 1537 2199 et
1560 2166 1793 2206 necessitates,
1818 2166 1982 2199 ministro-

1245 2230 1314 2253 rum
1351 2230 1480 2263 quoquc
1516 2219 1774 2253 necessariorum
1811 2225 1983 2253 manuten-

1246 2273 1367 2305 tionem
1399 2272 1544 2305 converti
1582 2274 1832 2316 consueverunt)
1862 2273 1980 2306 decore

1245 2330 1277 2357 et
1300 2330 1513 2365 ornamento,
1541 2325 1640 2358 divini
1672 2326 1775 2358 cultus
1811 2326 1843 2358 in
1868 2325 1981 2358 eadem

1245 2377 1380 2409 ecclesia
1412 2377 1445 2409 ΒΔ
1479 2377 1593 2410 Mariae
1626 2377 1658 2409 in
1692 2377 1852 2410 Montibus
1886 2387 1983 2420 augu-

1244 2435 1364 2469 mento,
1390 2440 1425 2462 ac
1452 2430 1563 2463 domus
1589 2440 1644 2463 seu
1672 2430 1841 2474 hospitalis
1866 2436 1897 2463 et
1918 2431 1983 2464 col-

1280 2511 1291 2536 1
1309 2509 1420 2537 Comma
1437 2510 1506 2537 istud
1522 2509 1683 2537 mendosum
1698 2518 1758 2537 esse
1775 2510 1880 2537 videtur
1891 2510 1981 2543 (nm).

1278 2554 1294 2580 2
1314 2553 1399 2581 Etiam
1419 2555 1562 2590 sequentis
1592 2555 1745 2582 narrativae
1770 2554 1870 2582 bullam
1895 2553 1981 2581 Urba-

465 2589 571 2623 busvis
597 2589 667 2623 aliis
694 2600 751 2632 per
776 2601 995 2634 quoscumque
1022 2589 1198 2633 impetrari,
1243 2598 1336 2625 njt'm
1358 2599 1477 2634 reperire
1493 2607 1545 2625 non
1564 2600 1637 2633 potui
1653 2600 1692 2635 (a.
1708 2601 1755 2633 T.).

2000 222 2047 248 An.
2069 222 2098 249 C.
2116 224 2182 251 1712

2027 859 2138 880 Praedicta
2150 859 2186 880 ho-

2000 887 2075 913 spitale
2086 889 2107 907 et
2121 886 2187 907 cotte-

2001 919 2055 939 guim
2075 913 2101 934 ab
2118 911 2186 933 Urba-

2000 947 2026 960 no
2052 939 2096 960 vm
2120 942 2186 959 trans·

2000 967 2042 987 lata
2052 967 2110 986 [nore
2118 966 2144 986 ad
2157 966 2186 985 vi-

1999 994 2058 1013 cinas
2068 993 2141 1013 domos
2152 997 2185 1012 ec·

1999 1020 2079 1039 etesiae
2101 1018 2126 1038 Β.
2140 1018 2186 1039 Ma-

1999 1047 2044 1066 riae
2067 1046 2087 1066 in
2109 1044 2185 1065 Monti-

1999 1072 2038 1092 bus
2064 1073 2090 1091 ob
2113 1071 2184 1096 plures

1999 1103 2074 1118 causas
2107 1097 2183 1117 effectu

1998 1127 2074 1150 pastea
2088 1128 2183 1150 compro·

2000 1152 2068 1171 balas.
