2269 3203
285 213 336 242 An.
354 214 383 242 C.
407 213 472 241 1707
522 205 584 238 29ss

304 1498 385 1519 Causae
408 1499 461 1519 inse·

277 1528 359 1552 quentiz
392 1525 461 1546 decta·

277 1553 372 1573 rationis.

477 275 598 307 poenas
629 265 774 308 irrogent
812 265 988 299 canonicae
1030 266 1212 299 sanctiones

477 317 593 361 spiritu
614 318 670 351 Dei
693 319 854 359 conditae,
873 330 1020 363 quaeque
1040 319 1211 353 deterrima

476 371 693 415 ingeminatae
727 373 902 416 quotannis
928 373 1090 406 Ecclesiae
1117 383 1212 405 voees

476 424 697 468 imprecemur
727 426 764 458 iis
798 426 851 469 qui
885 425 1105 458 ecclesiastica
1141 425 1212 457 iura

476 478 606 520 violant,
632 484 685 510 aut
710 479 796 511 bona
814 478 982 521 diripiunt,
1000 479 1050 511 vel
1071 477 1136 511 illis
1158 478 1212 510 da-

475 542 548 564 mna
574 536 605 564 et
629 542 728 564 onera
751 531 866 564 divinis
891 531 1107 574 humanisque
1133 531 1212 574 legi-

474 585 534 617 bus
571 585 668 617 vetita
703 585 824 618 inferre
861 595 927 617 non
954 590 1128 625 verentur,
1153 595 1212 628 per

474 638 628 681 quasdam
663 644 788 671 nostras
821 638 860 671 ad
887 637 1036 670 eumdem
1065 637 1210 670 Francis-

473 701 543 723 cum
582 691 697 723 ducem
742 690 793 723 die
831 701 847 723 v
886 690 1024 723 ianuarii
1064 690 1210 733 proxime

472 743 639 787 praeteriti
665 755 762 777 manu
796 746 904 776 nostra
928 744 1128 787 conscriptas
1161 743 1212 776 lit-

472 801 567 837 teras,
588 806 642 829 eos
663 807 776 829 omnes
802 797 855 840 qui
883 797 953 829 loca
979 797 1156 840 praedicta,
1176 797 1212 829 si-

471 854 524 881 cut
559 849 794 892 praemittitur,
828 849 1004 889 invadere,
1030 849 1150 893 illaque
1177 860 1212 882 ac

473 912 657 945 supremam
692 902 950 935 iurisdictionem
987 903 1019 934 in
1045 902 1091 934 eis
1117 902 1211 935 nobis

471 960 502 988 et
528 955 633 988 eidem
665 956 696 989 S.
725 956 761 988 R.
796 956 830 988 E.
867 959 1105 998 competentem
1139 966 1211 998 per-

472 1009 601 1042 turbare
629 1014 658 1042 et
683 1020 796 1043 vexare
835 1013 957 1043 temere
993 1015 1023 1042 et
1060 1010 1099 1043 de
1126 1010 1210 1043 sacto

470 1068 771 1106 praesumpserunt,
786 1073 939 1095 censuras
966 1069 997 1095 et
1015 1073 1137 1106 poenas
1160 1074 1211 1095 su-

469 1116 635 1159 pradictas
662 1116 852 1156 incurrisse,
878 1127 937 1149 nec
963 1116 1008 1150 eis
1027 1117 1100 1149 illas
1118 1127 1134 1149 a
1154 1127 1211 1149 110-
1231 1148 1233 1156 ,

472 1169 521 1201 bis
547 1168 659 1212 quovis
685 1170 782 1202 modo
802 1170 955 1202 remissas
973 1171 1021 1203 vel
1044 1170 1209 1203 condona-

470 1227 516 1255 tas
541 1222 679 1265 intelligi
707 1222 838 1262 debere,
865 1223 983 1256 diserte
1009 1223 1207 1266 significavi-

470 1286 553 1315 mus,
579 1281 766 1319 sperantes,
791 1276 845 1308 ubi
873 1276 953 1309 haec
977 1276 1207 1318 innotuissent,

470 1329 599 1361 abunde
618 1328 763 1361 sufficere
789 1340 887 1372 posse
906 1335 940 1362 ut
960 1329 1105 1362 redirent
1122 1341 1211 1373 prae-

471 1382 667 1415 varicatores
693 1382 731 1414 ad
758 1393 823 1423 cor,
849 1383 970 1426 absque
990 1393 1027 1416 eo
1046 1384 1130 1427 quod
1149 1394 1209 1417 nos

472 1436 615 1479 apertius
632 1435 670 1468 ad
697 1435 863 1469 severiora
882 1437 1057 1480 procedere
1078 1448 1211 1480 cogere-

472 1500 555 1522 mur.
582 1489 659 1522 Cum
684 1495 800 1530 autem,
821 1490 903 1523 sicut
921 1491 1114 1534 accepimus,
1144 1503 1208 1525 11011

473 1543 578 1576 50111111
603 1542 705 1576 studia
733 1543 812 1575 haec
839 1548 948 1575 nostra
975 1549 1096 1586 optato,
1114 1556 1208 1588 quem

472 1596 694 1639 sperabamus,
721 1595 824 1628 fructu
850 1606 947 1629 vacua
972 1599 1206 1640 remanserint,

472 1649 551 1691 sed,
583 1649 669 1693 quod
699 1649 835 1681 maxime
866 1649 1105 1692 deplorandum
1138 1658 1207 1693 est,

471 1702 619 1745 personis
645 1701 872 1735 ecclesiasticis
899 1708 962 1735 tam
987 1705 1207 1738 saecularibus

471 1765 566 1798 quam
592 1755 796 1798 regularibus
818 1755 1002 1798 praedictis,
1021 1757 1207 1800 portionem

470 1819 525 1842 seu
553 1813 652 1841 ratam
684 1808 905 1851 pecuniarum,
935 1809 967 1841 in
997 1810 1080 1843 dicto
1106 1820 1134 1844 tx
1159 1822 1209 1844 ca-

469 1863 572 1906 pitulo
598 1873 653 1895 seu
679 1862 838 1902 articulo,
863 1862 944 1895 sieut
968 1863 1206 1906 praemittitur,

469 1919 667 1955 conventam,
685 1916 810 1948 solvere
837 1916 954 1948 merito
980 1917 1206 1950 recusantibus

469 1979 507 2001 eo
534 1968 607 2012 quia
634 1968 851 2001 necessarium
876 1969 914 2001 ad
941 1969 972 2001 id
1000 1975 1148 2003 nostrum
1176 1977 1207 2003 et

470 2022 573 2055 dictae
606 2021 697 2054 Sedis
732 2021 972 2065 beneplacitum
1005 2033 1071 2055 non
1109 2024 1205 2057 modo

468 2085 534 2107 non
560 2085 762 2115 concessum,
790 2075 846 2108 sed
872 2085 1037 2118 expresse,
1058 2079 1092 2109 ut
1115 2087 1207 2120 prae-

469 2129 578 2170 fertur,
601 2139 618 2161 a
639 2128 732 2161 nobis
758 2129 951 2171 denegatum
977 2130 1091 2170 suerat,
1116 2130 1207 2164 inau-

468 2181 534 2214 dito
558 2191 592 2213 ac
618 2181 798 2214 detestabili
826 2192 904 2214 ausu
930 2183 1039 2225 plures
1065 2183 1205 2216 militum

470 2240 591 2266 turmae
618 2234 649 2265 in
669 2235 853 2266 carumdem
874 2245 1087 2278 personarum
1107 2238 1206 2269 eccle-

468 2287 685 2325 siasticarum,
720 2287 850 2328 domos,
878 2288 1013 2330 praedia
1046 2299 1082 2321 ac
1119 2289 1205 2321 bona

467 2340 631 2373 immissae
658 2340 786 2379 suerint,
812 2340 934 2373 ibidem
960 2342 1111 2383 expensis
1136 2353 1204 2385 per-

467 2403 624 2426 sonarum
661 2392 845 2425 huiusmodi
880 2403 1121 2436 permansurae,
1149 2395 1205 2427 do-

467 2457 529 2479 nec
554 2446 627 2479 illae
654 2445 760 2478 taedio
787 2445 918 2478 ass'ectae
940 2445 1123 2489 portionem
1150 2457 1203 2479 seu

467 2505 570 2531 ratam
596 2498 795 2541 praedictam
822 2499 956 2532 realiter
981 2503 1011 2532 et
1035 2509 1107 2531 cuin
1135 2499 1205 2532 6116-

467 2556 517 2586 ctu
541 2551 775 2596 persolverint3
797 2552 877 2585 llaec
901 2562 988 2593 vero,
1014 2563 1097 2596 quae
1123 2564 1203 2587 non-

467 2605 528 2641 nisi
553 2615 678 2639 summo
704 2605 850 2639 omnium
876 2611 963 2639 recte
993 2605 1203 2642 sentientium

1059 218 1092 240 Bt
1102 218 1235 241 {stanit-:u
1264 218 1415 241 ttonixxt'n

1257 266 1395 300 horrore
1422 276 1457 299 ac
1483 274 1630 299 moerore
1665 265 1767 298 audiri
1808 270 1995 309 potuerunt,

1256 321 1440 353 nullatenus
1467 319 1670 353 tolerabilem
1689 319 1862 359 libertatis,
1883 319 1996 352 immu-

1255 373 1382 414 nitatis,
1417 384 1453 406 ac
1488 373 1725 406 iurisdictionis
1758 372 1994 406 ecclesiasticae

1255 427 1464 460 violationem
1490 426 1682 469 importent:

1300 480 1314 523 ἓ
1339 480 1370 513 3.
1398 479 1479 512 Hinc
1504 484 1553 512 est
1578 480 1664 523 quod
1689 490 1747 513 nos
1764 507 1772 520 ,
1799 480 1851 523 qui
1885 479 1993 513 omnia

1256 538 1410 576 paternae
1439 532 1607 566 charitatis
1643 533 1775 573 officia,
1814 543 1896 576 quae
1932 544 1993 576 pro

1256 585 1418 618 eiusmodi
1445 585 1598 618 tollendis
1624 585 1716 618 malis
1753 586 1866 619 sedulo
1902 583 1995 618 adbi-

1254 639 1332 671 bere
1347 638 1539 678 curavimus,
1567 648 1646 671 vana
1673 638 1829 671 hactenus
1842 643 1872 671 et
1887 637 1995 671 inania

1256 690 1378 734 experti
1416 690 1548 730 suimus,
1576 690 1715 734 quique,
1754 701 1790 723 ex
1831 690 1995 723 commissi

1256 743 1350 776 nobis
1377 743 1528 776 divinitus
1554 743 1728 787 pastoralis
1759 743 1901 776 muneris
1939 743 1995 776 de-

1256 796 1323 829 bito
1340 823 1347 837 ,
1373 807 1650 841 quorumcumque
1677 797 1783 830 eidem
1811 796 1994 836 Romanae,

1256 849 1393 892 aliisque
1427 850 1637 883 inferioribus
1668 849 1834 889 ecclesiis,
1866 859 1993 882 necnon

1257 901 1422 944 quibusvis
1459 902 1610 946 personis
1648 908 1678 935 et
1713 902 1807 935 bonis
1843 901 1994 935 ecclesia-

1255 954 1342 986 sticis
1380 955 1637 998 competentium
1668 954 1787 987 iurium
1814 958 1993 987 assertores

1255 1009 1287 1040 in
1322 1008 1417 1041 terris
1450 1020 1467 1041 a
1498 1009 1635 1042 Domino
1669 1007 1834 1042 constituti
1861 1017 1992 1047 sumus,

1231 1073 1233 1084 ·
1257 1062 1382 1095 tametsi
1407 1072 1473 1094 non
1499 1062 1685 1095 dubitemus
1709 1061 1912 1095 venerabiles
1938 1061 1994 1094 fra-

1255 1121 1318 1148 tres
1345 1115 1516 1158 episcopos
1538 1115 1667 1148 illarum
1693 1115 1842 1158 partium,
1857 1124 1993 1158 quorum

1256 1172 1358 1204 zelum
1392 1171 1530 1203 excitare
1568 1180 1634 1202 non
1678 1169 1991 1213 praetermisimus,

1255 1230 1384 1257 strenue
1418 1234 1454 1256 ac
1479 1223 1605 1256 sortiter
1638 1224 1697 1256 hac
1722 1223 1754 1255 in
1784 1233 1817 1256 re
1850 1222 1992 1256 muneris

1254 1278 1302 1310 sui
1328 1283 1439 1321 partes
1465 1278 1656 1320 impleturos
1682 1288 1775 1317 esse,
1815 1283 1847 1309 et
1883 1277 1991 1310 forsan

1255 1330 1350 1363 etiam
1378 1330 1439 1363 iam
1465 1330 1662 1374 implevisse,
1688 1341 1723 1363 ac
1749 1330 1885 1373 insuper
1902 1335 1990 1363 certo

1254 1384 1421 1417 credamus
1449 1389 1511 1416 tam
1537 1384 1648 1427 iniqua
1677 1383 1815 1416 militum
1848 1383 1991 1416 facinora

1253 1449 1288 1471 ac
1325 1437 1420 1471 etiam
1456 1437 1618 1481 iniquiora
1650 1437 1787 1470 consilia
1820 1438 1918 1479 longe
1951 1436 1990 1469 ab

1254 1490 1449 1534 aequissima
1474 1489 1633 1522 carissimi
1659 1489 1691 1522 in
1716 1489 1846 1522 Christo
1865 1488 1920 1522 tilii
1938 1499 1991 1522 no-

1253 1544 1310 1577 stri
1335 1543 1460 1587 loseplii
1488 1543 1706 1576 Romanorum
1731 1543 1816 1586 regis
1842 1542 1873 1575 in
1892 1543 1991 1586 impe-

1254 1602 1395 1630 ratorem
1415 1596 1508 1629 electi
1534 1601 1643 1628 mente
1664 1596 1770 1628 aliena
1794 1606 1874 1636 esse,
1900 1595 1990 1639 quin-

1253 1650 1351 1683 immo
1376 1649 1480 1693 ipsnm
1506 1649 1538 1681 in
1565 1659 1635 1689 eos,
1659 1648 1713 1692 qui
1740 1649 1795 1681 illa
1819 1654 1990 1692 perpetra·

1253 1710 1349 1743 runt,
1376 1713 1508 1743 severe,
1536 1707 1571 1734 ut
1595 1702 1697 1735 omnis
1722 1701 1845 1734 iustitia
1870 1701 1987 1745 exigit,

1252 1758 1552 1791 animadversurum
1578 1767 1647 1789 esse
1669 1766 1851 1800 speremus:
1872 1755 1990 1789 nihilo-

1253 1811 1369 1851 minus,
1396 1821 1446 1850 ne,
1473 1810 1505 1842 in
1526 1812 1611 1842 tanta
1629 1809 1787 1842 Ecclesiae
1813 1808 1987 1841 afflictione

1252 1864 1373 1897 diutius
1398 1864 1554 1903 silentes,
1580 1873 1615 1896 ac
1640 1862 1862 1895 sacerdotibus
1893 1861 1988 1894 mini-

1251 1918 1324 1950 stris
1349 1916 1476 1950 Domini
1502 1916 1588 1949 inter
1612 1915 1806 1949 vestibulum
1832 1919 1862 1947 et
1887 1915 1987 1948 altare

1251 1970 1463 2014 plorantibus,
1480 1976 1512 2002 et
1526 1969 1707 2002 dicentibus
1719 1968 1829 2008 Parce,
1840 1968 1987 2008 Domine,

1247 2035 1344 2068 parce
1365 2023 1486 2068 populo
1508 2027 1572 2064 tuo,
1589 2026 1616 2055 et
1634 2033 1672 2055 ne
1686 2021 1739 2055 des
1757 2021 1987 2054 haereditatem

1251 2082 1341 2111 luam
1366 2077 1402 2109 in
1426 2075 1645 2120 opprobrium,
1667 2075 1759 2108 otiosi
1785 2085 1820 2108 ac
1845 2074 1982 2115 desides,

1249 2130 1449 2164 incumbenti
1475 2129 1569 2163 nobis
1594 2129 1792 2173 apostolicae
1823 2127 1985 2161 servitutis

1249 2183 1354 2217 officio
1369 2184 1482 2216 deesse
1500 2182 1677 2222 videamur,
1695 2192 1742 2222 ac,
1762 2181 1860 2213 nimia
1873 2181 1984 2223 longa-

1248 2237 1408 2277 nimitate,
1421 2236 1569 2280 proditae
1581 2235 1817 2268 ecclesiasticae
1828 2234 1985 2267 libertatis

1249 2291 1466 2333 desertaeque
1493 2289 1633 2332 turpiter
1653 2289 1706 2321 Dei
1734 2298 1846 2321 causae
1872 2288 1919 2322 rei
1945 2288 1985 2322 es-

1248 2343 1407 2383 siciamur,
1427 2347 1623 2385 exurgentes
1644 2341 1676 2374 in
1697 2341 1844 2381 Domino,
1867 2352 1903 2375 ac
1921 2347 1984 2375 tam

1248 2395 1417 2428 memorati
1444 2395 1565 2427 Urbani
1592 2395 1866 2438 praedecessoris,
1888 2404 1984 2438 quam

1248 2448 1349 2481 felicis
1376 2448 1555 2480 memoriae
1582 2448 1697 2481 Leonis
1724 2448 1779 2480 Pt’.
1806 2448 1848 2489 X,
1886 2447 1984 2480 etiam

1248 2501 1512 2545 praedecessoris
1532 2501 1645 2542 nostri,
1665 2502 1720 2544 qui
1738 2512 1796 2545 per
1813 2501 1983 2544 quamdam

1247 2563 1337 2587 suam
1362 2563 1420 2587 v111
1446 2554 1601 2587 kalendas
1626 2553 1705 2587 iunii
1731 2564 1816 2587 anno
1841 2564 1927 2589 Mnxv
1951 2564 1984 2587 e·

1248 2607 1346 2642 ditam
1371 2607 1636 2642 constitutionem
1668 2616 1827 2652 personas
1852 2616 1981 2647 omneS,

2009 216 2056 244 An⁴
2074 215 2102 242 C.
2124 217 2190 244 1707

2056 494 2154 514 nectat-at
2168 495 2192 514 ut

2004 522 2024 542 ln
2045 521 2137 542 rubrica.
