2269 3203
76 235 129 264 An.
149 234 178 262 C.
196 233 262 263 ¹701

100 878 214 900 Concessio
228 878 258 899 fa-

73 907 158 926 cultatis
192 905 257 925 susci-

74 932 146 958 piendi
180 932 257 957 gradus

73 959 94 979 in
113 958 257 985 philosophia.

74 985 181 1009 theologia
196 985 258 1005 scho-

73 1011 150 1032 lasuca
172 1013 193 1031 et
214 1016 258 1031 mo-

73 1038 127 1062 rali,
168 1037 258 1058 servatis

74 1067 144 1084 tamen
173 1064 258 1084 statutis

74 1090 259 1111 conciui‘rruton-

73 1118 112 1138 nni
128 1119 149 1138 et
163 1118 196 1138 Pii
212 1117 249 1139 lv,

917 228 1057 254 CLEMENS
1083 228 1115 252 XI
1139 229 1187 253 ΓΡ.

271 282 355 327 pari,
375 282 436 326 ipsi
462 283 674 324 exponentes,
692 283 875 312 asserentes
893 278 1014 311 dictum
1058 277 1103 311 De
1120 278 1260 321 Reform.
1279 305 1286 318 ‚
1321 287 1449 311 necnon
1485 276 1725 310 constitutionis
1751 277 1798 309 se-

272 341 467 369 conventum
506 333 644 377 primum
684 337 716 365 et
748 331 1015 375 principaliorem
1058 331 1128 366 licis
1160 330 1396 364 recordationis
1427 330 1473 363 Pii
1504 331 1563 364 PP.
1598 330 1634 362 lv
1659 331 1800 373 praede-

273 399 342 422 esse
361 388 518 421 dictarum
543 385 695 429 partium,
722 385 755 417 in
782 395 886 427 eoque
913 394 1016 427 gram-

270 440 421 474 maticam
456 449 493 472 ac
529 444 615 471 artes
641 449 699 471 seu
724 437 876 470 scientias
914 443 946 469 et
974 437 1017 469 sa-

269 495 405 527 cultates
425 491 659 536 philosophiae
684 496 716 524 et
742 490 926 532 theologiae
952 496 1014 522 tam

270 547 486 581 scholasticae
511 556 607 590 quam
632 545 766 579 moralis
793 544 887 585 tradi,
914 544 1016 588 pluri-

270 610 358 633 mum
378 599 514 642 cupiunt
534 609 551 631 a
569 598 663 632 nobis
682 598 844 640 indulgeri
872 603 906 630 ut
923 597 1016 630 scho-

268 653 353 687 lares
391 652 466 686 dicti
512 657 692 685 conventus
729 651 761 684 in
798 652 922 684 artibus
958 661 1015 683 seu

270 706 415 740 scientiis
443 711 474 739 et
498 705 706 739 facultatibus
741 705 929 738 huiusmodi
955 704 1016 737 ibi-

270 761 344 793 dem
368 759 508 793 laureari
535 764 565 792 et
595 759 633 792 ad
659 757 869 792 scholasticos
895 757 1015 800 gradus

268 813 457 857 promoveri
482 814 620 846 valeant.

312 866 368 910 §Q
381 865 443 899 Nos
456 866 562 909 igitur,
578 865 768 899 eorumdem
780 864 1014 908 exponentium

268 919 350 952 votis
376 918 439 952 hac
464 918 496 951 in
522 929 567 957 re,
593 922 750 961 quantum
777 927 848 950 cum
874 916 1013 949 Domino

268 982 450 1017 possumus,
464 970 686 1004 favorabiliter
703 980 846 1003 annuere
858 970 1012 1009 volentes,

269 1030 301 1059 et
325 1035 439 1058 eorum
465 1025 649 1067 singulares
668 1033 827 1066 personas
845 1033 862 1055 a
880 1022 1013 1065 quibus-

268 1079 314 1111 vis
340 1076 697 1116 excommunicationis,
728 1075 955 1119 suspensionis
982 1080 1014 1107 et

269 1131 444 1172 interdicti,
469 1130 605 1174 aliisque
627 1129 855 1162 ecclesiasticis
881 1134 1014 1161 senten-

269 1185 334 1225 tiis,
369 1183 513 1217 censuris
545 1188 576 1217 et
606 1183 736 1226 poenis,
761 1192 778 1214 a
802 1182 871 1215 iure
897 1183 948 1215 vel
973 1182 1012 1214 ab

270 1238 414 1278 homine,
441 1236 551 1280 quavis
576 1236 747 1269 occasione
772 1236 822 1269 vel
848 1237 943 1268 causa
968 1236 1014 1268 la-

269 1292 320 1331 tis,
345 1290 371 1323 si
407 1289 525 1334 quibus
561 1288 807 1333 quomodolibet
838 1288 1013 1321 innodatae

270 1344 422 1384 existunt,
450 1343 490 1376 ad
508 1341 658 1375 effectum
677 1342 896 1386 praesentium
922 1342 1014 1374 dum-

271 1402 357 1430 taxat
375 1395 653 1439 consequendum,
672 1395 786 1428 harum
804 1394 887 1427 serie
906 1394 1014 1427 absol-

268 1455 379 1484 ventes
400 1455 431 1482 et
455 1448 621 1482 absolutas
647 1448 716 1481 sore
742 1453 926 1488 censentes,
953 1448 1013 1481 hu-

270 1502 410 1536 iusmodi
436 1501 730 1545 supplicationibus
752 1512 865 1535 eorum
883 1501 1013 1534 nomine

270 1556 364 1590 nobis
405 1566 502 1599 super
538 1555 602 1589 hoc
642 1555 813 1588 humiliter
851 1555 1013 1599 porrectis

272 1608 428 1648 inclinati,
455 1608 495 1641 de
519 1607 756 1641 venerabilium
795 1608 929 1641 fratrum
962 1619 1015 1641 no-

273 1668 415 1695 strorum
443 1662 475 1695 S.
506 1662 542 1694 R.
573 1662 608 1695 E.
640 1662 855 1696 cardinalium
881 1662 1013 1696 Concilii

273 1715 452 1748 Tridentini
479 1715 694 1758 interpretum
730 1716 887 1756 consilio,
915 1721 946 1749 et
971 1721 1015 1748 at-

273 1770 361 1801 tenta
381 1768 540 1801 relatione
566 1769 761 1802 venerabilis
779 1769 886 1802 fratris
911 1769 1015 1802 archi-

273 1821 419 1864 episcopi
435 1820 645 1864 Hispalensis,
664 1821 819 1854 dictarum
832 1823 1013 1856 insularum

272 1873 511 1917 metropolitae,
533 1884 631 1917 super
660 1875 849 1917 praemissis
875 1877 914 1909 ad
945 1887 1015 1909 eos-

273 1928 347 1961 dem
384 1927 568 1960 cardinales
609 1930 822 1969 transmissa,
863 1930 1014 1963 omnibus

273 1980 478 2014 scholaribus
499 1981 531 2013 in
558 1981 643 2014 dicto
669 1988 828 2015 conventu
854 1983 1015 2016 sufficien-

274 2038 322 2068 ter
354 2034 486 2075 edoctis,
512 2039 547 2067 ut
570 2034 603 2067 in
633 2041 663 2067 et
689 2045 787 2079 super
811 2036 1015 2070 facultatibus

273 2091 304 2120 et
328 2086 448 2120 artibus
474 2097 575 2130 supra
600 2088 770 2130 expressis,
786 2089 1016 2132 philosophiae

273 2140 405 2180 scilicet,
432 2150 561 2173 necnon
587 2141 773 2184 theologiae
802 2142 1016 2176 scholasticae

274 2198 306 2227 et
324 2193 469 2233 moralis,
489 2193 521 2226 in
543 2194 660 2227 eodem
679 2200 842 2228 conventu
861 2196 1014 2236 laureari,

274 2257 309 2280 ac
334 2247 373 2280 ad
399 2247 585 2280 doctoratus
613 2252 645 2280 et
670 2248 848 2290 magisterii
883 2250 1016 2291 gradum

275 2305 305 2333 et
322 2299 498 2334 honorem¹
518 2301 649 2344 publice
666 2301 801 2344 provehi
821 2308 853 2335 et
867 2302 1016 2345 insigniri

274 2354 411 2394 valeant,
449 2354 640 2387 auctoritate
674 2355 864 2398 apostolica,
904 2360 1017 2389 tenore

276 2407 507 2450 praesentium,
526 2407 736 2441 concedimus
750 2414 781 2441 et
799 2408 1016 2451 indulgemus,

276 2459 320 2492 ita
354 2465 460 2493 tamen
489 2465 522 2492 ut
557 2460 591 2493 in
629 2461 779 2494 omnibus
815 2466 847 2495 et
883 2462 1018 2505 singulis

278 2512 462 2551 lectoribus,
489 2513 651 2555 magistris
676 2519 708 2547 et
732 2515 927 2556 laureandis,
941 2515 1018 2548 dicti

278 2565 411 2599 Concilii
422 2577 492 2610 cap.
507 2577 526 2608 1,
536 2578 614 2601 sess.
632 2578 659 2609 v,
678 2573 709 2601 et
727 2579 798 2612 cap.
818 2579 942 2610 11‚sess.
958 2580 1018 2604 xxv

315 2629 327 2656 1
347 2627 418 2656 Edit.
439 2627 522 2656 Main.
543 2629 608 2664 legit
625 2630 768 2658 honorum
790 2632 830 2666 (R.
851 2632 900 2667 13).

383 2682 463 2712 Bull-
480 2682 561 2714 Rom.
578 2698 613 2705 -
631 2684 691 2713 Vol.
708 2684 783 2713 XXI.
927 2686 944 2713 5

1059 384 1197 417 cessoris
1215 384 1329 424 nostri,
1348 394 1430 428 quae
1444 383 1560 428 incipit
1575 383 1799 423 Sacrosancta‚

1060 438 1231 481 dispositio
1253 443 1408 478 servetur,
1438 448 1474 470 ac
1504 439 1590 470 salva
1615 447 1745 480 semper
1770 437 1801 469 in

1058 491 1245 535 praemissis
1293 491 1484 524 auctoritate
1530 490 1801 534 Congregationis

1059 549 1310 578 memoratorum
1336 544 1563 577 cardinalium.

1102 597 1116 640 g
1141 597 1172 630 3.
1196 597 1425 638 Decernentes,
1451 597 1580 630 easdem
1613 602 1801 640 praesentes

1059 650 1183 684 litteras
1208 660 1337 694 semper
1373 650 1489 690 firmas,
1515 650 1638 683 validas
1662 655 1703 683 .et
1727 650 1799 683 effi-

1060 714 1152 736 caces
1172 704 1309 736 existere
1329 708 1359 736 et
1376 704 1454 743 sore,
1474 713 1618 746 suosque
1635 703 1802 746 plenarios

1059 761 1090 789 et
1115 756 1261 799 integros
1287 755 1421 790 effectus
1449 755 1558 789 sortiri
1582 761 1612 789 et
1640 756 1802 797 obtinere,

1059 820 1094 842 ac
1120 809 1193 848 illis,
1209 809 1248 841 ad
1276 819 1356 852 quos
1382 813 1505 852 spectat
1524 814 1556 841 et
1573 819 1631 851 pro
1653 813 1803 852 tempore

1058 862 1235 905 spectabit,
1273 862 1305 893 in
1342 861 1493 895 omnibus
1532 867 1563 894 et
1598 871 1659 905 per
1695 862 1804 894 onmia

1058 915 1246 958 plenissime
1272 915 1466 958 suffragari,
1501 915 1614 957 sicque
1646 914 1679 947 in
1704 925 1801 958 prae-

1057 969 1165 1001 missis
1190 979 1250 1012 per
1278 979 1502 1011 quoscumque
1528 969 1655 1001 iudices
1678 968 1806 1000 ordina-

1057 1023 1124 1055 rios
1143 1027 1175 1054 et
1192 1023 1374 1064 delegatos,
1391 1021 1487 1054 etiam
1507 1031 1676 1054 causarum
1692 1021 1803 1064 palatii

1057 1075 1228 1118 apostolici
1254 1075 1428 1115 auditores,
1457 1074 1593 1107 iudicari
1620 1079 1652 1107 et
1676 1073 1804 1107 definiri

1057 1130 1200 1169 debere3
1227 1140 1264 1162 ac
1299 1129 1426 1161 irritum
1463 1134 1494 1161 et
1529 1128 1626 1161 inane
1652 1129 1678 1161 si
1710 1138 1804 1160 secus

1057 1194 1158 1227 super
1175 1183 1225 1216 his
1243 1194 1260 1215 a
1277 1193 1452 1226 quoquam,
1468 1183 1580 1225 quavis
1598 1183 1803 1222 auctoritate,

1057 1239 1200 1270 scienter
1234 1237 1285 1270 vel
1322 1238 1521 1278 ignoranter,
1558 1236 1735 1279 contigerit
1759 1241 1805 1269 at-

1059 1290 1191 1324 tentari.
1206 1290 1276 1323 Non
1291 1289 1497 1323 obstantibus
1515 1289 1803 1322 constitutionibus

1058 1349 1090 1377 et
1115 1343 1380 1377 ordinationibus
1397 1343 1599 1386 apostolicis,
1616 1353 1653 1376 ac
1674 1343 1805 1385 quibus-

1058 1398 1116 1437 vis,
1135 1397 1230 1429 etiam
1249 1396 1443 1435 iuramento,
1460 1395 1710 1429 confirmatione
1729 1406 1805 1438 apo-

1058 1451 1188 1491 stolica,
1214 1451 1261 1483 vel
1289 1449 1400 1493 quavis
1426 1448 1577 1482 firmitate
1610 1449 1674 1482 alia
1711 1449 1806 1482 robo-

1059 1504 1146 1545 ratis,
1168 1503 1296 1537 statutis
1323 1509 1354 1536 et
1378 1502 1679 1543 consuetudinibus,
1706 1502 1806 1546 privi-

1059 1557 1153 1600 legiis
1180 1567 1323 1600 quoque,
1351 1556 1488 1589 indultis
1514 1561 1546 1589 et
1578 1556 1694 1589 litteris
1726 1566 1805 1600 apo-

1059 1611 1183 1645 stolicis
1223 1611 1256 1643 in
1304 1610 1507 1644 contrarium
1546 1610 1805 1654 praemissorum

1059 1664 1310 1709 quomodolibet
1342 1664 1512 1703 concessis,
1545 1664 1747 1697 confirmatis
1774 1670 1806 1698 et

1059 1718 1239 1758 innovatis,
1268 1717 1385 1761 quibus
1411 1717 1565 1751 omnibus
1592 1723 1624 1750 et
1655 1718 1802 1760 singulis,

1059 1772 1190 1805 illorum
1217 1776 1348 1804 tenores
1367 1771 1597 1814 praesentibus
1622 1780 1680 1814 pro
1706 1772 1804 1814 plene

1060 1832 1092 1858 et
1116 1825 1317 1858 sufficienter
1347 1824 1509 1867 expressis
1536 1835 1572 1856 ac
1597 1824 1636 1856 ad
1668 1825 1804 1857 verbum

1058 1879 1189 1912 insertis
1215 1878 1388 1917 habentes,
1418 1877 1483 1910 illis
1510 1878 1589 1909 alias
1610 1877 1641 1909 in
1669 1888 1727 1909 suo
1753 1888 1806 1910 ro-

1057 1933 1138 1965 bore
1164 1931 1398 1975 permansuris,
1426 1931 1465 1963 ad
1490 1931 1743 1973 praemissorum
1762 1931 1806 1963 ef-

1059 1985 1192 2024 fectum,
1218 1985 1279 2017 hac
1312 1983 1381 2016 vice
1414 1983 1592 2023 dumtaxat,
1617 1983 1806 2026 specialiter

1060 2044 1092 2071 et
1109 2048 1264 2081 expresse
1284 2038 1500 2079 derogamus;
1527 2037 1711 2080 ceterisque
1730 2047 1806 2070 con-

1061 2091 1167 2123 trariis
1187 2091 1463 2133 quihuscumque.
1481 2089 1633 2123 Volumus
1648 2095 1755 2123 autem
1769 2094 1804 2122 ut

1061 2144 1251 2177 earumdem
1272 2143 1496 2186 praesentium
1515 2143 1698 2176 litterarum
1716 2148 1804 2175 tran-

1061 2198 1206 2240 sumptis,
1229 2208 1286 2230 seu
1308 2197 1478 2240 exemplis,
1501 2197 1597 2229 etiam
1622 2196 1804 2239 impressis,

1062 2262 1156 2284 manu
1173 2250 1309 2284 alicuius
1328 2250 1446 2283 notarii
1461 2250 1582 2293 publici
1601 2249 1804 2293 subscriptis,

1063 2311 1094 2338 et
1120 2305 1227 2347 sigillo
1254 2314 1416 2347 personae
1443 2304 1475 2336 in
1510 2304 1734 2336 ecclesiastica
1757 2303 1802 2336 di-

1064 2359 1185 2401 gnitate
1202 2357 1398 2391 constitutae
1418 2356 1561 2396 munitis,
1578 2357 1691 2390 eadem
1711 2367 1805 2400 pror-

1063 2422 1117 2444 sus
1144 2411 1224 2444 fides
1250 2410 1370 2453 ubique
1397 2410 1542 2442 locorum
1569 2414 1629 2442 tam
1657 2410 1688 2442 in
1722 2410 1804 2442 iudi-

1062 2464 1112 2497 cio
1146 2474 1242 2507 quam
1277 2468 1366 2495 extra
1397 2462 1479 2495 illud
1513 2462 1690 2503 habeatur,
1722 2472 1804 2506 quae

1063 2518 1141 2561 ipsis
1176 2516 1405 2560 praesentibus
1430 2515 1607 2548 haberetur
1638 2514 1663 2547 si
1697 2515 1805 2547 forent

1063 2569 1227 2603 exhibitae
1252 2570 1303 2602 vel
1329 2572 1492 2601 ostensae.

1106 2622 1218 2657 Datum
1244 2622 1379 2664 Romae,
1407 2621 1492 2664 apud
1517 2620 1548 2655 S.
1576 2621 1716 2661 Petrum,
1743 2619 1802 2655 sub

1719 218 1761 253 33
1809 227 1858 256 An.
1878 226 1990 255 c.1701

1840 605 1961 626 Clausulao.
