2269 3203
283 201 332 228 An.
347 200 377 228 c.
396 200 463 230 11οο
509 192 573 227 342

778 251 907 285 CXXIII.

475 322 674 357 Eaelendilur
713 322 881 356 indultum
917 324 954 357 cle
987 325 1216 367 assequutione

518 375 799 418 praelalurarum,
824 377 863 409 ab
891 377 1021 410 Urbano
1040 377 1121 410 VIII
1145 387 1216 409 con-

518 439 634 461 cessum
669 429 839 462 lectoribus
863 434 891 463 et
917 430 1084 473 mctslistris
1121 431 1216 462 iuve-

517 492 610 522 num,
637 483 864 515 canonicorum
889 483 920 515 S.
941 482 1123 516 Salvaloris
1149 482 1211 516 Or-

516 534 606 568 dinis
629 536 735 568 sancti
758 536 951 579 Auquslz'ni,
978 536 1020 569 ad
1044 535 1214 579 reliyiosos

517 598 630 621 curam
647 588 835 621 animarum
861 589 1011 622 habentes
1028 588 1049 621 ⁴.

686 669 820 696 clemens
841 669 922 703 Papa
941 669 994 702 XI,

613 713 648 739 ad
669 713 800 740 futuram
820 713 865 740 rei
885 714 1067 741 memoriam.

278 792 463 841 ririrngnjgnuffl
517 785 531 827 ἓ
552 785 583 818 I.
604 784 729 817 Dudum
750 786 943 818 recolendae
962 786 1140 819 memoriae
1158 785 1214 818 Ur-

278 846 351 866 1111111
380 848 382 850 ·
435 848 462 868 ,111
474 837 559 870 bano
576 837 639 870 VIII
665 838 911 880 praedecessori
937 849 997 881 pro
1023 843 1113 881 parte
1140 844 1213 871 tunc

278 879 370 929 {fini-115
386 903 405 919 et
422 874 463 920 111ἓῖ
475 890 642 923 existentis
660 890 785 923 abbatis
803 891 964 933 generalis
983 891 1212 924 canonicorum

277 928 674 986 {kil'ssssI-'JXRRZRregularium
709 944 982 988 Congregafflonis
1013 945 1043 978 S.
1068 944 1213 978 Salvato-

473 997 515 1030 ris
540 997 669 1030 Ordinis
706 998 808 1030 sancti
834 998 1006 1041 Augustini
1041 998 1212 1041 exposito,

472 1051 558 1093 quod
579 1051 647 1093 ipse
674 1057 785 1094 aperte
819 1051 1037 1093 cognoscebat
1069 1062 1105 1084 ex
1125 1054 1214 1085 recta

472 1103 665 1136 educatione
691 1104 887 1137 novitiorum
915 1110 946 1137 et
971 1104 1121 1138 iuvenum
1139 1115 1214 1148 pro—

471 1156 630 1189 fessorum
664 1167 904 1201 quemcumque
944 1157 1048 1191 dictae
1073 1157 1213 1201 Congre-

471 1208 609 1251 gationis
625 1220 833 1252 progressum
852 1210 1028 1252 dimanare,
1044 1216 1076 1244 et
1092 1221 1125 1243 re
1142 1211 1213 1254 ipsa

471 1268 675 1305 compertum
703 1263 844 1296 babebat
879 1275 999 1307 paucos
1030 1264 1212 1298 ministerio

471 1315 670 1355 huiusmodi,
689 1316 735 1348 uti
755 1316 877 1350 difficili
897 1322 928 1350 et
953 1317 1125 1357 laborioso,
1149 1319 1212 1351 ani-

470 1378 558 1401 mum
591 1369 763 1402 intendere
802 1371 906 1410 velle,
932 1371 1137 1415 proindeque
1164 1373 1210 1405 rei

471 1423 552 1455 adeo
579 1423 667 1465 gravi
694 1428 914 1467 opportunum
949 1425 1081 1468 aliquod
1109 1436 1211 1459 reme-

471 1475 557 1508 dium
584 1476 741 1510 adhibere
760 1477 986 1518 desiderabat;
1007 1478 1092 1511 idem
1110 1479 1209 1512 Urba-

469 1538 529 1562 nus
543 1529 786 1573 praedecessor,
805 1531 1102 1574 supplicationibus
1117 1543 1211 1576 prae-

470 1582 546 1615 dicti
568 1583 693 1616 abbatis
708 1584 871 1626 generalis
886 1584 1016 1617 nominc
1033 1585 1094 1617 sibi
1112 1596 1211 1628 super

470 1635 533 1668 1100
550 1635 719 1668 humiliter
736 1637 896 1679 porrectis
918 1637 1104 1678 inclinatus,
1123 1638 1210 1681 quod

469 1689 489 1721 ii
527 1688 713 1731 praedictae
753 1689 1020 1733 Congrcgationis
1062 1691 1209 1724 canonici

469 1743 636 1784 regulares
661 1742 855 1786 presbyteri,
875 1743 928 1787 qui
951 1744 990 1776 de
1009 1749 1118 1778 cetero
1144 1745 1210 1777 Iau-

469 1795 622 1828 dabiliter
646 1796 754 1839 spatio
781 1807 835 1829 sex
868 1807 1028 1830 annorum
1063 1798 1209 1840 magistri

468 1859 523 1881 seu
549 1849 688 1882 lectores
704 1850 902 1883 novitiorum
920 1856 949 1883 ct
968 1850 1118 1884 iuvenum
1139 1862 1211 1895 pro-

469 1902 628 1935 fessorum
646 1902 792 1943 fuissent,
811 1903 844 1936 in
862 1904 1069 1937 assecutione
1085 1906 1211 1948 pracla-

470 1960 611 1988 turarum
635 1955 737 1988 dictae
763 1956 1034 2000 Congregationis
1056 1958 1210 2001 deinceps

468 2009 659 2049 vacantium,
678 2009 818 2052 primum
845 2010 978 2054 (liudem
1004 2012 1156 2052 lectores,
1180 2017 1211 2045 et

469 2060 588 2094 deinde
630 2062 775 2104 magistri
809 2063 1007 2096 novitiorum
1044 2064 1210 2097 iuvenum-

470 2124 532 2157 que
558 2115 778 2157 professorum
806 2116 994 2149 huiusmodi
1015 2145 1022 2158 ,
1049 2123 1207 2160 quatenus

469 2171 574 2199 tamen
594 2168 700 2210 quoad
726 2179 832 2201 mores
858 2175 889 2202 et
907 2170 1052 2212 regimen
1080 2171 1207 2203 habiles

468 2230 485 2252 a
502 2219 644 2262 capitulo
669 2221 813 2262 generali
832 2223 881 2255 vel
900 2233 917 2254 a
938 2222 1031 2255 dietis
1050 2223 1132 2256 infra
1154 2234 1209 2256 an-

468 2283 544 2305 num
559 2273 673 2306 haberi
694 2274 798 2306 solitis
818 2280 1059 2317 reputarentur,
1080 2276 1208 2318 quibus·

468 2324 514 2358 vis
540 2326 610 2359 aliis
642 2326 786 2359 eiusdem
814 2326 1086 2370 Congregationis
1113 2338 1208 2361 cano-

468 2378 549 2411 nicis
565 2378 768 2422 regularibus
786 2379 945 2422 praeferri
967 2380 1136 2420 deberent,
1157 2391 1208 2413 au-

505 2471 513 2495 1
539 2468 675 2495 Indultum
696 2468 797 2495 editum
813 2468 864 2496 suit
883 2476 991 2505 noem,
1008 2470 1051 2496 die
1065 2479 1113 2496 xxv
1130 2470 1205 2502 iunii;

466 2513 500 2539 ab
520 2513 571 2540 hoc
592 2512 719 2540 Pontifice
739 2513 847 2540 constit.
874 2513 940 2540 edit.
969 2520 1069 2540 MDt2C1x
1083 2536 1090 2548 ‚
1111 2514 1153 2541 die
1173 2515 1207 2541 20

466 2558 552 2593 iunii,
573 2558 668 2594 pontif.
699 2565 764 2591 vm,
786 2558 944 2586 confirmata
973 2559 1023 2586 fuit
1052 2559 1206 2587 constitutio

468 2607 560 2632 eontra
580 2602 738 2631 ambIentes.

1053 203 1233 229 BULLARIUM
1257 203 1414 229 ROMANUM

2010 203 2062 231 An.
2080 203 2107 231 C.
2124 203 2192 232 1709

1261 252 1409 286 ctoritate
1434 251 1611 295 apostolica
1637 251 1759 291 statuit,
1787 249 1951 284 mandavit
1968 255 1999 284 et

1262 305 1437 343 ordinavitj.
1456 309 1486 337 et
1504 304 1593 344 alias,
1610 309 1707 347 prout
1725 303 1757 336 in
1774 303 1854 347 ipsis
1878 302 1997 336 Urbani

1260 357 1522 402 praedecessoris
1548 357 1667 390 litteris
1693 357 1834 400 desuper
1851 356 1884 389 in
1902 356 1998 390 simili

1260 411 1361 444 forma
1388 410 1495 443 Brevis
1526 410 1578 444 die
1607 421 1666 444 xxv
1695 409 1775 443 iunii
1801 420 1923 444 11001111
1948 420 2000 443 ex-

1260 465 1403 507 peditis,
1434 475 1569 508 quarum
1604 470 1749 498 tenorem
1774 463 1999 507 praesentibus

1259 527 1317 560 pro
1352 519 1447 560 plene
1485 523 1517 551 et
1552 518 1751 551 sufficienter
1783 527 1939 561 expresso
1969 523 2000 549 et

1260 570 1382 604 inserto
1408 570 1521 604 haberi
1548 571 1709 611 volumus,
1737 570 1868 615 plenius
1897 570 1999 603 conti-

1258 629 1366 657 netur.

1303 679 1317 721 ᾗ
1342 677 1373 711 2.
1401 678 1478 711 Cum
1504 683 1622 718 autern,
1642 678 1725 711 sieut
1750 678 1886 711 dilectus
1912 676 1997 709 filius
2036 687 2104 709 Cama
2122 690 2192 709 exat-n-

1258 731 1432 765 modernus
1457 737 1651 775 procurator
1685 731 1846 775 generalis
1872 715 2193 774 praedi-{ifef'e'ffs'fsst't‘t'i'rss'f

1258 790 1327 817 ctae
1354 785 1624 829 Congregationis
1644 785 1738 818 nobis
1758 795 1862 828 nuper
1879 771 2058 828 01110111ὶίιΓΙΞ
2071 769 2182 794 gfflfflssm

1259 837 1571 882 10(·11,[]011ς1·οςῑ1110
1587 839 1784 878 huiusmodi,
1803 839 1843 871 ob
1862 838 1998 871 nonnul-

1258 891 1307 923 las
1331 891 1482 924 ecclesias
1514 892 1718 935 parochiales
1752 902 1828 935 quas
1854 892 1995 929 obtinet,

1258 944 1432 987 religiosis,
1453 945 1506 988 qui
1529 944 1642 978 curae'
1668 946 1850 978 animarum
1875 945 1997 978 incum-

1257 996 1344 1037 bant,
1370 997 1471 1040 magis
1498 997 1648 1041 indigeat,
1671 998 1741 1041 ipse
1767 1008 1844 1031 vero
1870 998 1997 1031 moder-

1257 1060 1316 1082 nus
1342 1056 1536 1093 procurator
1561 1051 1734 1094 generalis,
1753 1062 1816 1094 quo
1838 1050 1996 1095 praedicti

1256 1103 1400 1145 religiosi
1427 1105 1466 1137 ad
1485 1104 1625 1137 officium
1647 1104 1834 1138 huiusmodi
1860 1105 1997 1148 diligen-

1258 1161 1305 1189 ter
1331 1157 1548 1190 exercendum
1568 1157 1755 1198 incitentur,
1773 1158 1995 1201 supradictum

1256 1210 1429 1249 indultum,
1455 1222 1471 1244 a
1496 1217 1673 1245 memorato
1699 1211 1830 1244 Urbano
1860 1211 1997 1255 praede-

1256 1275 1384 1298 cessore
1410 1265 1449 1297 ad
1473 1265 1613 1298 favorem
1640 1265 1879 1309 praedictorum
1896 1266 1997 1298 lecto-

1256 1328 1327 1350 rum
1354 1329 1408 1351 seu
1435 1319 1661 1361 magistrorum
1695 1319 1892 1352 novitiorum
1919 1329 1996 1352 con-

1255 1381 1381 1403 cessum
1400 1376 1435 1404 ut
1460 1372 1653 1415 praefertur,
1679 1371 1718 1404 ad
1741 1382 1795 1405 eos
1821 1371 1994 1415 religiosos

1255 1424 1359 1458 dictae
1386 1423 1658 1467 Congregationis
1696 1425 1750 1468 qui
1790 1435 1850 1468 per
1880 1434 1996 1459 sexen-

1254 1478 1342 1510 nium
1369 1478 1401 1510 111
1428 1481 1465 1511 ea
1490 1489 1596 1511 curam
1630 1479 1811 1511 animarum
1844 1489 1996 1513 exercue-

1255 1530 1329 1571 rint,
1348 1531 1428 1564 itant
1445 1532 1507 1574 ipsi
1523 1532 1555 1564 in
1573 1531 1781 1565 assecutione
1798 1533 1996 1575 praelatura-

1253 1594 1323 1616 rum
1349 1584 1592 1627 praedictarum
1620 1595 1679 1628 pro
1706 1589 1852 1628 tempore
1877 1595 1994 1618 vacan-

1254 1637 1340 1677 tium,
1360 1638 1537 1670 dummodo
1558 1643 1664 1670 tamen
1686 1637 1930 1672 conditionibus
1961 1638 1991 1671 in

1253 1690 1426 1732 praedictis
1463 1690 1582 1724 Urbani
1609 1691 1869 1734 praedecessoris
1901 1691 1990 1725 littea

1254 1744 1296 1776 ris
1323 1744 1489 1787 requisitis
1515 1744 1654 1788 praediti
1681 1745 1766 1786 sint,
1794 1744 1865 1778 aliis
1899 1755 1993 1788 prae-

1254 1796 1329 1828 ferri
1361 1797 1516 1837 debeant,
1543 1798 1818 1841 quemadmodum
1852 1798 1991 1831 lectores

1253 1850 1504 1893 praeferuntur,
1529 1862 1587 1894 per
1619 1862 1678 1884 nos
1715 1851 1844 1885 extendi
1871 1856 1903 1884 et
1927 1862 1993 1884 am-

1253 1902 1348 1946 pliari
1363 1903 1540 1947 plurimum
1555 1903 1734 1937 desideret:
1749 1914 1819 1945 nos,
1834 1904 1992 1947 praedicti

1253 1955 1400 1989 moderni
1434 1956 1656 1999 procuratoris
1688 1957 1849 1999 generalis
1885 1956 1990 1997 votis,

1252 2015 1411 2051 quantum
1438 2020 1511 2043 cum
1536 2009 1672 2043 Domino
1693 2020 1877 2053 possumus,
1910 2010 1994 2043 savo-

1252 2063 1399 2095 rabiliter
1433 2073 1578 2096 annuere
1612 2064 1780 2103 volentes,
1811 2074 1951 2107 eumque
1977 2074 1994 2095 a

1252 2117 1420 2160 quibusvis
1458 2116 1825 2156 excommunicationis,
1858 2127 1994 2160 suspen-

1252 2170 1351 2202 sionis
1367 2175 1398 2203 et
1415 2170 1593 2210 interdicti,
1607 2170 1745 2213 aliisque
1760 2169 1992 2203 ecclesiasticis

1252 2223 1432 2264 sententiis,
1455 2223 1602 2256 censuris
1621 2228 1653 2255 et
1672 2223 1802 2266 poenis,
1820 2233 1838 2255 a
1855 2222 1925 2255 iure
1943 2223 1993 2256 vel

1251 2276 1290 2308 ab
1314 2277 1459 2315 homine,
1485 2275 1598 2319 quavis
1625 2275 1797 2308 occasione
1822 2277 1878 2314 vel,
1898 2278 1993 2309 causa

1250 2329 1332 2369 latis,
1352 2329 1379 2361 si
1398 2329 1514 2372 quibus
1541 2329 1790 2372 quomodolibet
1818 2329 1992 2362 innodatus

1251 2382 1368 2422 existit,
1388 2382 1427 2415 ad
1446 2381 1595 2415 effectum
1621 2382 1845 2425 praesentium
1872 2383 1992 2416 dumta-

1249 2440 1303 2467 xat
1327 2435 1603 2478 consequendum,
1630 2435 1748 2468 barum
1773 2435 1856 2469 serie
1883 2437 1992 2469 absol-

1251 2493 1364 2521 ventes
1396 2493 1428 2520 et
1464 2488 1647 2521 absolutum
1684 2489 1754 2522 sore
1794 2494 1989 2529 censenteS,

1250 2541 1547 2584 supplicationibus
1574 2541 1641 2574 eius
1669 2542 1801 2575 nomine
1828 2542 1923 2574 nobis
1941 2552 1991 2574 su-

2030 1911 2104 1933 Annuit
2133 1912 2188 1933 Pon-

2003 1938 2061 1959 tifex.

1289 2606 1294 2631 I
1320 2604 1390 2631 Edit.
1408 2604 1491 2632 Main.
1511 2604 1576 2640 legit
1591 2614 1694 2633 curam
1713 2606 1752 2640 (11.
1771 2606 1821 2639 1,).

2262 1535 2267 1546 λ
2260 1425 2269 1522 'ma-21...
2260 1335 2269 1419 mmm—¹
2264 1306 2265 1310 Α
