2269 3203
126 222 178 250 ΑΙΙ.
198 222 228 249 C.
245 219 314 250 ¹7¹0

161 2084 217 2105 Libri
239 2085 310 2106 titulus

127 2113 148 2131 et
157 2113 203 2133 eius
212 2117 309 2133 censura.

960 220 1100 246 CLEMENS
1125 221 1159 245 xt
1182 222 1230 246 1¹1³.

317 270 428 313 palatii
454 271 620 314 apostolici
646 270 812 304 auditores
830 297 837 310 ‚
863 269 998 302 iudicari
1026 274 1057 302 et
1100 276 1213 303 contra
1238 269 1436 303 haercticam
1462 271 1650 313 pravitatem
1670 272 1838 313 generales

319 322 446 356 definiri
473 323 615 362 debere,
642 333 678 355 ac
704 322 830 355 irritum
855 326 884 354 et
904 321 999 354 inane
1030 321 1054 353 si
1100 323 1309 366 inquisitores
1334 334 1351 356 a
1376 323 1458 356 Sede
1493 324 1678 366 Apostolica
1716 323 1838 366 specia-

319 384 411 408 secus
429 386 526 419 super
538 376 590 408 his
605 385 622 408 a
635 385 808 418 quoquam,
823 375 935 418 quavis
949 379 1057 407 aucto-

318 427 423 467 ritate,
439 428 582 461 scienter
599 429 648 461 vel
665 428 866 471 ignoranter,
882 427 1057 470 contigerit

319 482 481 514 attentari.
501 480 570 514 Non
585 481 790 514 obstantibus
804 480 1003 524 praemissis,
1021 489 1057 512 ac

318 533 603 567 constitutionibus
628 538 660 567 et
684 533 943 567 ordinationibus
979 543 1057 575 apo-

318 586 450 627 stolicis,
475 597 612 627 necnon,
631 592 790 630 quatenus
817 597 897 629 opus
916 586 966 625 sil,
984 596 1057 628 pro-

319 639 442 673 vinciae
477 645 509 673 et
540 639 670 673 Ordinis
708 639 892 672 huiusmodi
919 666 925 678 ‚
960 638 1056 671 ctiam

317 691 510 733 iuramento,
529 692 778 726 confirmatione
797 692 986 735 apostolica,
1006 691 1055 723 vel

318 746 428 789 quavis
454 746 604 780 firmitate
629 746 691 779 alisi
716 746 878 779 roboratis
896 772 903 785 ‚
928 744 1055 777 statutis

318 804 349 832 et
372 799 675 840 consuetudinibus,
700 799 879 842 privilegiis
913 807 1055 841 quoque,

318 851 452 885 indultis
479 858 510 885 et
533 852 649 885 litteris
667 852 856 896 apostolicis
877 852 909 884 in
929 857 1057 884 contra-

318 905 401 938 rium
426 905 680 949 praemissorum
707 905 957 949 quomodolibet
981 914 1057 936 con-

318 958 426 998 cessis,
453 959 653 992 consirmatis
680 964 709 991 et
738 959 919 997 innovatis,
939 957 1057 1000 quibus

318 1011 467 1044 omnibus
481 1012 666 1054 etsingulis,
680 1012 809 1044 illorum
830 1017 959 1044 tenores
970 1020 1058 1054 prac-

318 1065 463 1098 sentibus
489 1076 547 1109 pro
574 1066 669 1108 plene
702 1070 733 1098 et
769 1065 966 1097 sufficienter
999 1074 1055 1096 cx-

319 1119 441 1161 pressis
467 1129 502 1151 ac
527 1119 565 1152 ad
587 1119 718 1151 verbum
739 1118 870 1150 insertis
890 1118 1057 1155 babentes,

319 1171 383 1205 illis
405 1172 483 1205 alias
501 1172 533 1204 in
551 1183 608 1204 suo
629 1172 747 1204 robore
766 1170 1000 1214 permansuris,
1018 1170 1056 1202 ad

319 1224 570 1266 praemissorum
590 1223 754 1263 effectum,
774 1224 834 1256 liac
849 1224 915 1256 vice
934 1223 1059 1255 dumta-

319 1283 381 1318 xat,
403 1278 593 1321 specialiter
613 1284 645 1310 et
667 1287 821 1320 expresse
843 1277 1056 1319 derogamus;

318 1331 501 1375 ceterisque
522 1331 704 1370 contrariis,
728 1330 1000 1373 (ptibttsctunque.

362 1385 476 1418 Datum
502 1384 633 1423 Romae,
667 1385 752 1427 apud
777 1384 809 1417 S.
834 1383 974 1423 Petrum,
1000 1382 1058 1415 sub

318 1439 441 1471 annulo
461 1438 648 1478 piscatoris,
665 1438 717 1471 die
732 1448 762 1471 vt
775 1437 1057 1475 februariinnccx,

319 1490 532 1535 pontificatus
562 1491 667 1524 nostri
693 1501 780 1524 anno
801 1502 832 1524 x.

355 1554 414 1581 Dat.
433 1555 478 1581 die
500 1554 517 1581 6
531 1554 666 1581 februarii
686 1555 763 1587 1710,
787 1554 888 1589 pontis.
905 1561 979 1580 anno
995 1560 1020 1580 x.

606 1697 762 1730 cxxxvt.

320 1775 509 1810 Damnatur
539 1781 568 1810 et
598 1776 790 1820 prohibetur
823 1776 929 1816 liber,
965 1775 1058 1808 cuius

367 1829 484 1863 titulus
519 1830 656 1872 Ragioni
682 1840 698 1862 a
723 1840 782 1872 pro
808 1830 894 1863 della
931 1829 1059 1862 fedelis-

363 1884 443 1916 sima
468 1883 545 1916 cittii
568 1893 585 1915 e
611 1892 714 1925 regno
740 1882 771 1915 di
796 1881 919 1924 Napoli,
946 1892 1014 1914 ecc.
1036 1881 1056 1914 ¹.

537 1962 670 1989 Clemens
691 1962 770 1995 Papa
791 1961 840 1994 XI,

443 2009 479 2035 ad
499 2009 676 2041 perpetuam
695 2007 739 2034 rei
760 2006 942 2033 memoriam.

365 2078 380 2122 ἓ
404 2078 437 2112 1.
459 2077 545 2118 Cum,
568 2078 651 2111 sicut
675 2078 869 2121 accepimus,
897 2078 927 2110 in
954 2078 1059 2111 lucem

321 2131 482 2176 prodierit
505 2131 588 2165 liber
613 2132 745 2175 quidam
772 2130 879 2164 italico
905 2131 1060 2163 idiomate

321 2184 442 2226 editus,
468 2185 519 2218 cui
545 2185 656 2218 titulus
680 2183 824 2227 Rayioni
848 2195 866 2217 α
888 2194 948 2227 pro
973 2183 1061 2216 della

318 2237 518 2280 sedelissima
549 2237 629 2271 citcot
664 2237 700 2270 dz'
729 2236 852 2280 Napoli
887 2241 999 2270 contra
1035 2237 1061 2269 t'l

318 2290 553 2334 procedimento
583 2289 822 2324 straordinario
853 2290 937 2322 nelle
968 2301 1061 2323 cause

320 2342 371 2376 del
389 2343 424 2377 S.
445 2343 568 2387 0fffcio,
592 2344 729 2377 divisam
753 2345 789 2376 in
815 2348 860 2376 tre
878 2345 962 2387 cupi,
981 2354 1059 2384 ece,-

321 2401 352 2428 et
379 2397 584 2430 venerabiles
613 2397 726 2430 fratres
761 2397 863 2430 nostri
892 2397 924 2430 S.
959 2397 994 2429 P..
1023 2397 1057 2429 E.

321 2448 510 2489 cardinales,
536 2449 569 2482 in
596 2452 662 2482 total
686 2450 855 2493 republica
881 2449 1059 2483 christiana

358 2528 370 2552 1
392 2527 484 2554 Const.
506 2528 548 2554 ed.
571 2535 674 2561 unccx,
695 2529 739 2557 die
758 2530 775 2556 8
795 2529 880 2564 iunii,
903 2530 998 2565 pontif.
1020 2539 1033 2556 x
1053 2552 1058 2563 ,

323 2569 469 2597 damnatur
496 2571 590 2600 Traite
609 2573 643 2599 de
663 2574 691 2600 la
710 2573 814 2608 re'qale,
837 2577 905 2605 etc.;
927 2578 953 2601 et
973 2577 1058 2601 const.

324 2622 382 2649 seq.
403 2614 567 2642 damnantur
588 2621 641 2643 tres
660 2616 721 2644 libri
741 2617 774 2645 de
793 2626 821 2645 re
842 2617 1022 2646 beneficiaria.

1100 375 1173 408 liter
1199 377 1364 419 deputati,
1397 377 1506 409 audita
1537 376 1610 409 libri
1651 377 1838 409 huiusmodi

1099 431 1233 461 censura
1251 430 1310 463 sibi
1327 431 1440 469 rotata,
1460 430 1560 468 illum,
1582 435 1745 472 tamquam
1765 439 1839 462 con-

1101 482 1256 515 tinentem
1282 483 1525 526 propositiones
1553 483 1658 520 salsas,
1680 481 1839 525 pernicio·

1099 545 1171 574 sas,
1200 536 1384 568 temerarias
1400 563 1407 573 ,
1435 535 1609 568 seditiosas
1631 562 1637 573 ,
1666 545 1839 572 erroneas,

1100 588 1337 621 ecclesiasticae
1365 588 1574 621 immunitatis
1600 587 1840 620 etiurisdietio-

1100 640 1148 672 nis
1175 641 1358 680 eversivas,
1384 641 1422 673 ad
1455 641 1596 673 schisma
1633 640 1839 673 excitandum

1099 698 1216 736 aptas,
1260 694 1412 727 tribunali
1453 699 1581 726 sanctae
1619 693 1839 736 inquisitionis

1101 757 1304 790 summopere
1323 747 1509 787 iniuriosas‚
1530 746 1691 780 baeresim
1710 747 1840 778 deinum

1100 800 1276 844 sapientes,
1305 802 1369 834 sive
1395 801 1433 833 de
1462 801 1586 833 haeresi
1605 804 1772 843 suspectas
1795 810 1839 831 re-

1101 854 1242 896 spective
1263 881 1269 893 ,
1296 854 1541 897 prohibendum
1568 859 1600 885 ct
1625 853 1840 886 condemnan-

1101 907 1175 940 dum
1212 918 1282 940 esse
1319 908 1529 940 censuerint:
1566 907 1642 939 bine
1669 912 1718 939 est
1751 906 1839 949 quod

1102 971 1171 1001 nos,
1187 961 1345 994 creditum
1374 961 1467 994 nobis
1482 972 1498 993 a
1516 961 1651 993 Domino
1668 960 1840 1003 pastoralis

1102 1024 1197 1046 curae
1224 1019 1256 1046 et
1287 1013 1471 1056 vigilantiae
1503 1024 1645 1053 munus,
1683 1018 1838 1055 quantum

1101 1067 1196 1100 nobis
1213 1077 1248 1099 ex
1269 1068 1333 1100 alto
1352 1067 1551 1106 conceditur,
1571 1066 1746 1099 salubriter
1767 1077 1839 1098 exe-

1102 1121 1155 1163 qui
1182 1121 1372 1164 cupientes,
1409 1120 1447 1152 de
1482 1124 1734 1153 memoratorum
1771 1130 1840 1152 car-

1103 1174 1256 1207 dinalium
1283 1174 1419 1207 consilio
1441 1201 1448 1213 ‚
1475 1185 1511 1206 ac
1538 1174 1633 1206 etiam
1660 1178 1747 1205 motu
1767 1183 1840 1216 pro-

1102 1226 1193 1270 prio,
1219 1237 1255 1258 ac
1285 1238 1320 1259 ex
1358 1229 1446 1259 certa
1479 1227 1614 1259 scienti-21
1650 1232 1680 1258 et
1718 1228 1840 1258 matura

1103 1280 1338 1313 deliberatione
1365 1279 1512 1319 nostris,
1545 1280 1648 1322 deque
1687 1279 1841 1322 apostoli-

1102 1343 1155 1365 cae
1182 1332 1353 1376 potestatis
1379 1332 1595 1376 plenitudine,
1621 1332 1841 1375 supradictum

1101 1386 1239 1426 librum,
1267 1385 1461 1429 ubicumque
1487 1391 1518 1418 et
1543 1396 1750 1429 quocumque
1776 1386 1840 1418 alio

1102 1439 1255 1473 idiomate
1280 1450 1335 1472 seu
1368 1440 1479 1483 quavis
1509 1439 1651 1472 editione
1686 1444 1739 1471 aut
1770 1449 1840 1471 rer-

1102 1492 1192 1526 sione
1220 1493 1389 1536 bucusque
1416 1493 1611 1535 impressum
1649 1497 1702 1524 aut
1735 1491 1840 1535 impo-

1102 1551 1222 1579 sterum
1249 1546 1500 1590 imprimendum
1520 1574 1527 1586 ,
1555 1551 1667 1579 tenore
1693 1555 1841 1589 praesen-

1103 1600 1179 1632 tium
1205 1600 1393 1633 damnamus
1419 1605 1449 1632 et
1474 1599 1702 1644 reprobamus,
1728 1599 1841 1640 aclegi

1102 1663 1158 1686 seu
1183 1653 1315 1686 retineri
1335 1653 1556 1697 prohibemus,
1576 1653 1743 1696 ipsiusque
1765 1651 1839 1685 libri

1102 1706 1349 1750 impressionem
1367 1734 1373 1746 ,
1400 1706 1596 1743 lectionem,
1621 1705 1841 1738 retentionem

1103 1767 1132 1793 ct
1153 1770 1244 1792 usum
1270 1759 1422 1792 omnibus
1447 1765 1478 1792 et,
1495 1759 1631 1802 siugulis
1648 1758 1842 1792 christifide-

1102 1813 1199 1854 libus,
1217 1814 1312 1846 etiam
1338 1813 1486 1856 specifica
1513 1818 1542 1846 et
1567 1813 1731 1846 individua
1756 1823 1842 1845 men-

1103 1865 1188 1899 tione
1215 1872 1246 1899 et
1271 1866 1483 1909 expressione
1509 1865 1626 1908 dignis,
1647 1866 1706 1897 sub
1733 1867 1841 1908 poena

1103 1919 1444 1952 excommunicationis
1476 1929 1535 1962 per
1569 1919 1842 1951 contrafacientes

1104 1973 1174 2016 ipso
1201 1972 1284 2005 sacto
1310 1972 1431 2015 absque
1458 1972 1520 2004 alia
1544 1971 1766 2005 declaratione
1792 1972 1840 2004 iu-

1104 2026 1274 2065 currenda,
1301 2036 1317 2058 a
1332 2035 1395 2069 qua
1412 2035 1506 2058 nemo
1525 2035 1541 2057 a
1555 2035 1728 2072 quoquam,
1748 2036 1842 2069 prae-

1105 2085 1250 2122 tcrquam
1276 2090 1293 2111 a
1319 2078 1411 2111 uobis
1436 2089 1491 2111 seu
1517 2078 1664 2111 Romano
1686 2078 1841 2112 Pontifice

1104 2143 1160 2176 pro
1187 2138 1332 2175 tempore
1359 2132 1514 2166 existente
1535 2160 1542 2173 ‚
1569 2132 1631 2165 nisi
1663 2133 1694 2165 in
1730 2133 1842 2166 mortis

1103 2186 1237 2219 articulo
1262 2185 1474 2225 constitutus,
1501 2186 1712 2219 absolutionis
1744 2186 1842 2219 bene-

1103 2238 1210 2271 ficium
1244 2238 1390 2272 obtinere
1423 2239 1548 2279 valeat,
1584 2239 1716 2272 omnino
1742 2239 1842 2274 inter-

1104 2291 1249 2325 dicimus.
1278 2292 1428 2325 Volentes
1447 2297 1479 2324 et
1496 2291 1687 2325 auctoritate
1713 2297 1841 2336 aposto-

1103 2346 1164 2378 lica
1189 2346 1395 2386 mandantes,
1421 2351 1473 2385 ut,
1501 2346 1695 2389 quicumque
1721 2346 1841 2379 librum

1103 2398 1289 2431 huiusmodi
1316 2409 1417 2442 penes
1443 2409 1477 2432 se
1505 2399 1703 2438 habuerint,
1731 2399 1841 2436 illum,

1103 2452 1210 2484 statim
1237 2456 1333 2494 atquc
1358 2457 1547 2494 praesentes
1574 2452 1700 2484 litterae
1727 2451 1772 2484 eis
1798 2451 1842 2482 in-

1104 2505 1295 2545 notuerint,
1320 2505 1466 2537 locorum
1491 2503 1669 2537 Ordinariis
1695 2505 1741 2537 vel
1764 2505 1841 2536 bae-

1106 2557 1223 2590 reticae
1248 2557 1412 2601 pravitatis
1439 2557 1687 2601 inquisitoribus
1714 2557 1840 2589 tradere

1105 2615 1199 2653 atque
1233 2610 1426 2653 consignare
1463 2616 1658 2645 teneantur,
1697 2610 1727 2641 bi
1768 2619 1840 2644 vero

1735 213 1799 247 5379
1846 223 1894 249 An.
1915 223 1942 250 c.
1959 224 2030 251 1710
