2269 3203
83 237 134 263 An.
153 234 183 262 C.
203 235 272 263 ¹705

137 1040 272 1061 confirmatio

86 1067 149 1089 relati
164 1067 253 1089 decreti.

121 2312 240 2333 clausulae.

905 228 1047 254 CLEMENS
1072 228 1104 252 xt
1129 228 1177 252 ΓΡ.

278 284 362 314 titam
390 284 588 321 extendendo,
620 282 748 320 benigne
779 279 903 309 indulsit
930 280 1019 315 atque

277 335 423 364 concessit
450 337 481 362 ut
506 334 536 362 in
566 332 697 362 ecelesiis
724 329 844 360 Ordinis
876 326 1019 366 praedicti

278 383 524 412 Excalceatorum
545 381 640 410 saneti
667 379 819 408 Francisci
848 376 1019 416 provinciae

278 431 454 461 Mexicanae
476 430 607 468 qualibet
628 429 676 458 die
698 427 813 457 sabbati
835 436 887 465 per
908 433 1019 453 annum

278 490 338 510 non
360 479 494 518 impediti
520 478 617 507 officio
640 476 751 515 duplici
778 477 894 514 primae
917 476 947 503 et
975 482 1019 501 se-

278 529 396 558 cundae
412 528 523 565 classis,
541 526 673 564 exceptis
687 525 812 554 sabbato
829 525 941 560 saneto,
955 523 1020 552 sab-

279 578 355 607 batis
375 577 454 606 infra
479 580 612 605 octavam
639 573 875 604 Resurrectionis
900 572 1022 601 Domini

279 627 373 656 nostri
395 629 424 656 et
445 627 645 661 Pentecostes,
668 625 696 652 et
722 622 824 660 vigilia
849 622 1022 651 Nativitatis

280 675 401 704 Domini
422 674 446 703 si
467 674 497 702 in
512 673 666 702 sabbatum
681 671 827 707 inciderit,
840 679 900 699 non
915 669 1023 699 omissa

281 723 483 759 conventuali,
509 722 598 750 unica
630 720 720 750 etiam
749 719 837 748 missu
859 718 961 747 votiva
987 718 1022 747 de

281 771 369 801 beata
390 770 486 799 Maria
506 769 630 808 Virgine
651 768 794 798 celebrari
809 767 899 805 possit
921 769 951 796 et
971 776 1022 796 va-

280 820 351 850 leat.
373 820 430 848 Die
451 829 481 848 1v
502 819 604 857 aprilis
626 826 734 846 MDCCV.
760 834 794 837 —-
814 817 851 845 G.
864 815 1023 845 cardinalis

281 869 461 899 Omrmnns.
493 868 570 897 Loco
598 868 616 904 †
646 866 748 903 siqilli.
785 866 819 894 B.
846 866 1022 903 INGmitAiss,

280 928 432 948 sacrorum
464 918 574 947 rituum
615 915 862 954 Congregationis
895 917 1023 943 secreta-

283 977 354 997 rius.

328 1025 343 1068 ἓ
368 1024 399 1058 2.
427 1024 504 1061 Cum
529 1029 647 1064 autem⁷
666 1023 751 1056 sicut
771 1022 955 1066 praedictus
978 1021 1024 1054 lo-

284 1078 410 1122 sephus
428 1077 524 1110 nobis
542 1077 681 1109 subinde
703 1076 820 1118 exponi
846 1075 933 1115 fecit,
953 1075 1023 1118 ipse

286 1131 458 1164 decretum
478 1128 680 1168 huiusmodi,
697 1139 761 1171 quo
779 1127 901 1160 firmius
921 1127 1025 1159 subsi-

285 1188 350 1217 stat
387 1188 420 1215 et
455 1187 604 1216 servetur
630 1181 794 1221 exactius,
823 1181 1024 1224 apostolicae

284 1235 542 1270 confirmationis
569 1241 701 1268 nostrae
728 1234 911 1277 patrocinio
938 1245 1025 1267 com-

284 1289 404 1323 muniri
423 1289 599 1333 plurimum
623 1289 801 1321 desideret:
828 1298 896 1327 nos,
916 1288 1024 1331 ipsum

285 1343 462 1386 losephum
481 1342 677 1386 specialibus
691 1341 855 1374 favoribus
867 1346 899 1374 et
912 1341 1024 1384 gratiis

283 1397 435 1442 prosequi
449 1398 605 1437 volentes,
625 1401 655 1429 et
673 1408 690 1429 a
711 1395 879 1439 quibusvis
898 1406 1026 1428 excom-

285 1450 525 1491 municationis,
547 1450 774 1493 suspensionis
799 1454 829 1482 et
847 1448 1024 1487 interdicti,

286 1504 423 1547 aliisque
437 1503 666 1537 ecclesiasticis
680 1503 865 1542 sententiis,
882 1502 1026 1535 censuris

287 1564 319 1592 et
348 1557 475 1601 poenis,
493 1568 510 1590 a
532 1557 601 1589 iure
623 1557 673 1589 vel
693 1557 732 1589 ab
752 1556 896 1596 homine,
916 1557 1026 1599 quavis

288 1611 459 1644 occasione
486 1612 534 1643 vel
551 1612 643 1643 causa
663 1611 747 1649 latis,
765 1610 791 1644 si
811 1610 928 1653 quibus
946 1620 1026 1653 quo-

287 1664 469 1698 modolibet
486 1664 659 1696 innodatus
681 1663 798 1703 existit,
820 1664 858 1696 ad
877 1663 1027 1696 effectum

287 1717 511 1761 praesentium
548 1717 714 1749 dumtaxat
738 1716 1024 1759 consequendum,

290 1772 406 1803 harum
431 1770 514 1803 serie
541 1769 746 1802 absolventes
780 1775 809 1802 et
842 1770 1026 1802 absolutum

289 1824 360 1857 fore
400 1828 592 1863 censentes,
618 1822 916 1866 supplicationibus
955 1822 1026 1855 eius

288 1877 421 1911 nomine
447 1876 542 1909 nobis
562 1886 660 1918 super
678 1876 740 1908 boc
758 1875 928 1908 humiliter
951 1886 1028 1918 por-

288 1931 386 1965 rectis
412 1929 568 1967 inclinati,
588 1929 753 1962 decretum
774 1928 1026 1972 praeinsertuni,

288 1983 481 2018 auctoritate
507 1982 696 2026 apostolica,
732 1987 844 2015 tenore
875 1993 1030 2025 praesen-

289 2038 379 2078 tium,
407 2036 634 2071 confirmamus
659 2042 691 2068 et
714 2036 942 2079 approbamus,
968 2036 1029 2070 illi-

288 2103 351 2135 que
391 2089 589 2123 inviolabilis
626 2089 828 2133 apostolicae
868 2089 1029 2122 firmitatis

288 2145 392 2179 robur
428 2143 617 2183 adiicimus3
645 2144 733 2176 salva
765 2147 871 2175 tamen
897 2153 1030 2185 semper

288 2198 320 2231 in
328 2196 519 2241 praemissis
534 2195 728 2229 auctoritate
742 2200 940 2228 memoratae
953 2195 1030 2229 Con-

288 2250 487 2294 gregationis
512 2249 738 2282 cardinalium.

331 2305 346 2348 §
369 2305 402 2339 3.
425 2305 658 2344 Decernentes‚
683 2302 812 2336 easdem
837 2308 1030 2346 praesentes

288 2357 413 2391 litteras
433 2366 565 2399 semper
586 2356 704 2396 firmas,
726 2356 849 2389 validas
871 2361 904 2388 et
924 2356 1030 2388 effica-

289 2420 342 2444 ces
365 2411 505 2444 existere
522 2415 555 2444 et
581 2410 663 2450 sore,
691 2420 836 2453 suosque
861 2410 1030 2453 plenarios

291 2469 323 2496 et
345 2463 491 2506 integros
515 2463 650 2497 effeetus
674 2464 787 2496 sortiri
812 2468 844 2496 et
868 2463 1029 2503 obtinere,

290 2527 327 2550 ac
342 2515 421 2556 illis,
446 2515 485 2548 ad
504 2527 587 2560 quos
612 2521 739 2561 spectat
755 2522 788 2550 et
803 2527 865 2560 pro
882 2521 1032 2560 tempore

292 2568 569 2613 quandocumque
593 2570 759 2613 spectabit,
773 2570 806 2603 in
832 2569 982 2604 omnibus
1000 2574 1033 2603 et

290 2632 350 2668 per
374 2621 484 2656 omnia
500 2621 690 2665 plenissime
708 2622 894 2668 suffragari,
917 2623 1030 2667 sicque

1061 276 1094 309 in
1118 274 1308 320 praemissis
1334 285 1392 318 per
1424 284 1652 317 quoscumque
1678 272 1802 306 iudices

1063 329 1245 362 ordinarios
1263 333 1294 361 et
1312 328 1492 370 delegatos,
1515 326 1612 359 etiam
1633 336 1802 358 causarum

1063 382 1174 426 palatii
1201 380 1372 424 apostolici
1399 380 1580 419 auditores,
1605 378 1747 411 iudicari
1772 383 1804 411 et

1064 434 1191 468 deliniri
1230 434 1372 474 debere·,
1410 444 1447 466 ac
1484 432 1613 465 irritum
1645 438 1677 464 et
1706 431 1802 464 inane

1062 488 1088 521 si
1103 498 1198 521 secus
1214 498 1313 531 super
1327 487 1378 520 his
1397 498 1413 519 a
1428 497 1605 530 quoquam,
1621 484 1733 529 quavis
1749 495 1804 518 au-

1064 541 1224 581 ctoritate,
1259 541 1403 574 scienter
1426 540 1473 573 vel
1500 539 1701 582 ignoranter,
1721 548 1802 571 con-

1065 594 1174 638 tigerit
1185 593 1352 627 attentari.
1367 593 1437 627 Non
1451 592 1669 632 obstantibus,
1686 591 1806 625 consti-

1066 647 1246 681 tutionibus
1271 652 1303 680 et
1319 646 1584 680 ordinationibus
1603 644 1805 688 apostolicis,

1065 701 1249 744 ceterisque
1274 700 1445 734 contrariis
1471 699 1746 743 quibuscumque.

1109 754 1224 787 Datum
1251 753 1382 794 Romae,
1403 753 1489 797 apud
1514 752 1546 786 S.
1582 753 1724 792 Petrum,
1748 751 1807 784 sub

1066 809 1187 841 annulo
1209 807 1392 848 piscatoris,
1425 806 1477 840 die
1502 816 1560 840 v111
1588 805 1665 838 maii
1690 814 1807 846 MDccv,

1065 861 1273 906 pontificatus
1297 861 1404 894 nostri
1429 871 1514 894 anno
1539 870 1571 893 v.

1102 925 1161 952 Dat.
1182 924 1227 951 die
1247 924 1263 951 8
1283 923 1349 951 maii
1369 924 1448 958 1705,
1470 923 1568 959 pontif.
1588 931 1659 951 anno
1679 931 1705 950 ν.

1378 1067 1494 1100 LXXV.

1069 1148 1287 1190 Confirmatio*
1331 1148 1494 1180 decrelum
1542 1146 1810 1190 Conqreqationis

1112 1202 1335 1244 episcoporum
1367 1204 1396 1233 et
1432 1199 1639 1243 reyularium
1672 1199 1711 1232 cle
1744 1209 1811 1231 non

1112 1254 1316 1286 immutando
1342 1253 1459 1286 habitu
1484 1257 1512 1285 el
1544 1252 1704 1285 breviario
1730 1252 1811 1286 Con-

1111 1307 1315 1350 qreqationis
1344 1306 1723 1340 Praemonstralensium
1751 1305 1812 1338 Hi-

1111 1361 1307 1404 spaniarum
1325 1360 1344 1392 ¹.

1281 1441 1416 1467 clemens
1437 1441 1517 1474 Papa
1538 1440 1594 1474 XI,

1201 1485 1236 1511 ad
1258 1485 1394 1512 futuram
1418 1485 1464 1511 rei
1490 1485 1677 1512 memoriam.

1113 1558 1127 1601 ξ
1147 1557 1175 1590 1.
1196 1557 1365 1590 Emanavit
1390 1567 1496 1600 nuper
1513 1568 1530 1590 a
1548 1557 1811 1600 Congregatione

1070 1610 1305 1643 venerabilium
1321 1610 1456 1643 fratrum
1473 1615 1658 1643 nostrorum
1673 1610 1704 1643 S.
1722 1611 1758 1643 R.
1773 1610 1808 1644 E.

1069 1663 1285 1697 cardinalium
1303 1663 1444 1706 negotiis
1463 1669 1493 1696 et
1510 1663 1810 1697 consultationibus

1069 1717 1298 1760 episcoporum
1324 1721 1356 1749 et
1388 1716 1587 1759 regularium
1621 1716 1811 1759 praeposita

1069 1771 1102 1803 in
1127 1772 1223 1803 causa
1249 1775 1443 1813 praetensae
1468 1769 1729 1802 commutationis
1755 1770 1812 1802 lia-

1070 1824 1155 1856 bitus
1182 1828 1213 1856 et
1238 1822 1333 1856 officii
1360 1822 1446 1855 inter
1478 1822 1614 1855 dilectos
1646 1821 1730 1855 filios
1761 1832 1813 1855 ca-

1070 1877 1207 1909 nonicos
1233 1877 1401 1919 regulares
1419 1874 1691 1918 Congregationis
1718 1875 1813 1908 Prae-

1071 1929 1358 1963 monstratensitun
1395 1928 1582 1972 Hispaniae,
1609 1939 1644 1961 ex
1673 1931 1752 1969 una,
1781 1934 1814 1961 et

1071 1984 1266 2017 modernum
1284 1988 1528 2026 procuratorem
1549 1982 1737 2024 generalem
1757 1981 1813 2015 Or-

1073 2037 1156 2070 dinis
1180 2035 1556 2070 Praemonstralensium
1573 2035 1695 2069 Galliae
1714 2035 1812 2069 etiam

1072 2090 1317 2133 nonnullosque
1342 2089 1513 2131 religiosos
1551 2089 1700 2122 eiusdem
1732 2089 1813 2123 Con-

1073 2143 1272 2186 gregationis
1286 2142 1472 2186 Hispaniae,
1486 2153 1523 2176 ex
1542 2143 1643 2176 altera
1653 2143 1813 2186 partibus,

1072 2202 1228 2237 vertente,
1244 2197 1413 2230 decretum
1433 2196 1557 2230 tenoris
1579 2197 1633 2239 qui
1651 2197 1810 2240 sequitur,

1072 2251 1244 2284 videlicet:

1111 2307 1146 2334 In
1171 2305 1261 2334 eausa
1287 2306 1498 2343 Hispaniarum
1526 2307 1702 2344 praetensae
1734 2314 1814 2335 com-

1072 2352 1243 2381 mutationis
1264 2352 1382 2380 habitus
1405 2354 1434 2380 et
1457 2351 1547 2380 officii
1570 2354 1704 2380 vertente
1736 2351 1815 2381 inter

1109 2408 1118 2433 1
1143 2407 1199 2435 Hoc
1215 2408 1338 2435 ‘decreto
1366 2408 1523 2435 decernitur
1551 2416 1605 2434 non
1631 2416 1690 2435 esse
1715 2416 1814 2435 execu-

1072 2453 1137 2481 tioni
1158 2452 1339 2480 mandandam
1361 2453 1468 2479 constit.
1485 2452 1530 2479 ed.
1549 2458 1658 2484 nocem,
1675 2451 1719 2478 die
1738 2452 1754 2479 8
1774 2452 1814 2478 se-

1074 2497 1187 2529 hruarii,
1209 2497 1302 2532 pontif.
1324 2503 1362 2528 111;
1380 2500 1407 2524 et
1421 2498 1447 2523 in
1468 2497 1616 2524 Innocentii
1634 2496 1689 2523 Xlll
1706 2496 1813 2523 constit.

1074 2541 1118 2568 ed.
1134 2547 1268 2568 MDCCxxlv
1289 2542 1333 2568 die
1352 2541 1368 2568 9
1387 2541 1528 2575 februarii,
1545 2540 1640 2576 pontif.
1658 2546 1698 2573 in,
1716 2547 1814 2567 eonce-

1074 2586 1147 2613 ditur
1165 2586 1281 2613 facultas
1300 2585 1434 2613 recitandi
1461 2585 1549 2613 officia
1568 2585 1729 2611 Sanctorum
1749 2591 1813 2618 pro-

1073 2630 1198 2667 priorum
1207 2629 1281 2657 iuxta
1292 2629 1373 2657 ritum
1384 2629 1511 2657 breviarii
1526 2632 1554 2655 et
1568 2627 1685 2656 missalis
1695 2627 1811 2656 romani.

1697 215 1756 249 ⁶2:31
1808 223 1858 250 An.
1876 221 1905 249 c.
1929 220 1996 249 Ποῦ

1849 1557 1965 1583 Exposilio.

1898 2312 2007 2332 Decretum

1825 2341 1848 2364 S,
1868 2341 2009 2367 Corsi-gatto-
