2269 3203
266 197 318 226 An.
335 196 363 225 C.
386 197 453 225 1708
499 189 564 224 332

291 734 414 758 Clausulam

287 1475 445 1498 Contrariorum

264 1503 379 1529 derogatio.

460 248 590 291 capituli
617 249 834 292 provincialis,
863 251 951 284 nulla
979 250 1134 294 deinceps
1156 251 1200 283 vi-

460 300 537 334 carii
564 302 774 344 provincialis
810 304 927 336 electio
964 303 1032 336 sieri
1059 304 1198 343 debeat,

460 354 516 386 sed
543 355 800 398 exprovincialis,
815 357 875 395 vel,
892 356 923 388 in
943 356 1010 388 eius
1029 357 1199 396 desectum,

460 407 542 441 alius
568 408 620 451 qui
648 415 723 441 tunc
740 409 919 451 sigillorum
947 410 1200 451 etnegotiorum
1223 424 1224 428 ¹

459 461 648 503 provinciae
680 473 788 495 curam
816 468 927 505 geret,
954 463 1100 495 eamdem
1126 473 1201 506 pro-

458 513 596 547 vinciam
623 525 693 547 cum
720 516 908 550 omnimoda
933 515 1042 548 vicarii
1070 515 1200 558 provin-

459 566 550 600 cialis
576 569 766 601 auctoritate
804 569 984 611 gubernet,
1012 568 1199 602 auctoritate

460 620 646 662 apostolica,
665 627 779 654 tenore
800 622 1032 664 praesentium,
1052 622 1201 654 coneedi-

459 683 531 706 rnus
557 679 588 707 et
611 674 833 717 indulgemus
897 666 903 672 ’

503 727 517 770 ἓ
542 727 573 760 3.
598 728 828 769 DeeernenteS,
854 729 984 762 easdem
1011 736 1199 773 praesentes

459 780 582 814 litteras
607 791 734 826 semper
751 781 871 823 sirmas,
890 783 1011 816 validas
1038 788 1070 816 et
1094 783 1199 816 effica-

459 843 512 866 ces
537 834 676 868 existere
702 841 733 868 et
759 836 843 876 sore,
869 846 1009 879 suosque
1035 837 1200 879 plenarios

460 893 489 921 et
514 886 655 929 integros
681 887 815 920 effertus
844 889 951 921 sortiri
984 894 1015 921 ct
1039 889 1198 929 obtinere,

458 949 494 972 ac
518 939 593 978 illis,
615 940 654 973 ad
680 951 759 983 quos
784 947 910 983 spectat,
927 947 957 974 et
975 952 1033 984 pro
1054 946 1198 984 tempore

458 992 638 1035 spectabit,
665 994 856 1035 plenissime
880 993 1071 1035 suffragari,
1099 999 1131 1027 et
1159 994 1198 1027 ab

459 1045 505 1078 eis
538 1047 718 1089 respective
751 1047 985 1080 inviolabiliter
1016 1047 1223 1087 observari„

457 1098 567 1142 sicque
592 1099 623 1131 in
658 1099 844 1142 praemissis
881 1111 941 1143 per
978 1111 1198 1144 quoscumque

458 1151 579 1185 iudices
616 1153 800 1185 ordinarios
833 1159 865 1185 et
896 1153 1075 1195 delegatos,
1104 1155 1198 1187 etiarn

456 1215 624 1239 causarum
643 1207 753 1249 palatii
773 1207 942 1250 apostolici
965 1207 1139 1248 auditores,
1154 1209 1200 1240 iu—

457 1259 555 1292 dicari
581 1265 613 1292 et
637 1259 765 1293 definiri
792 1261 924 1301 debere,
956 1271 991 1293 ac
1017 1261 1142 1294 irritum
1169 1269 1200 1296 et

455 1312 551 1345 inane
578 1313 604 1345 si
630 1323 724 1346 secus
759 1324 856 1357 super
893 1314 942 1346 bis
968 1325 983 1346 a
1009 1325 1196 1358 quoquam,

457 1366 568 1409 quavis
608 1366 819 1406 auctoritaie,
846 1367 987 1399 scienter
1022 1369 1073 1401 vel
1108 1368 1198 1411 igno-

456 1425 576 1459 ranter,
603 1419 777 1462 contigerit
801 1420 960 1453 attentari.

499 1472 564 1516 §Aa
584 1473 653 1506 Non
678 1474 882 1507 obstantibus
907 1474 1198 1509 constitutionibus

457 1531 489 1561 et
508 1527 768 1560 ordinationibus
796 1528 995 1571 apostolicis,
1023 1540 1069 1569 ae,
1091 1535 1198 1572 quate-

458 1590 517 1614 nus
549 1591 631 1624 opus
667 1581 715 1620 sit,
745 1581 987 1624 praedictorum
1013 1581 1142 1614 Ordinis
1167 1588 1198 1615 et

457 1634 666 1677 provinciae,
701 1634 797 1667 etiam
829 1634 1036 1672 iuramento,
1072 1635 1193 1668 contir-

456 1687 599 1720 matione
625 1687 815 1730 apostoliea,
835 1688 883 1720 vel
910 1688 1020 1731 quavis
1045 1687 1196 1723 firmitate

458 1740 520 1773 alia
544 1740 717 1775 roboratis,
745 1741 873 1773 statutis
899 1746 929 1773 et
954 1742 1197 1775 consuetudini-

456 1793 541 1834 bus,
567 1793 745 1836 privilegiis
771 1804 916 1837 quoque,
944 1794 1079 1827 indultis
1104 1794 1196 1826 etlit-

458 1846 536 1879 teris
576 1847 766 1889 apostolicis
798 1847 830 1879 in
867 1847 1064 1880 contrarium
1095 1859 1192 1891 prae-

457 1899 629 1932 missorum
655 1900 904 1943 quomodolibet
929 1901 1101 1940 concessis,
1119 1911 1197 1934 con-

457 1951 592 1985 firmatis
618 1959 650 1985 et
682 1953 862 1994 innovatis,
897 1954 1012 1997 quibus
1044 1955 1196 1987 omnibus

458 2010 490 2038 et
513 2005 662 2048 singulis,
696 2006 827 2039 illorum
853 2012 984 2040 tenores
1008 2008 1193 2050 praesenti-

457 2057 517 2091 bus
542 2069 601 2101 pro
633 2060 729 2102 plene
754 2066 786 2093 et
811 2060 1009 2093 sufficienter
1034 2061 1197 2104 expressis

458 2121 494 2144 ac
518 2112 557 2144 ad
585 2112 718 2145 verbum
755 2113 885 2145 insertis
919 2114 1078 2147 habentes
1095 2140 1102 2154 ‚
1130 2114 1195 2146 illis

459 2166 537 2199 alias
549 2166 580 2198 in
596 2177 652 2199 suo
675 2167 792 2200 robore
811 2168 1043 2211 permansuris,
1058 2169 1196 2211 adprae-

458 2219 631 2252 missorum
660 2219 819 2261 effectum,
840 2221 900 2253 bae
926 2221 993 2254 viec
1019 2222 1192 2262 dumtaxat,

458 2273 643 2316 specialiter
660 2279 691 2306 et
709 2284 860 2316 expresse
879 2275 1074 2317 derogamus
1089 2287 1095 2313 ;
1111 2280 1197 2308 cete·

456 2326 565 2369 risque
579 2326 751 2359 contrariis
761 2327 1027 2370 quibuscumque.

500 2379 613 2412 Datum
639 2379 771 2416 Romae,
793 2380 880 2422 apud
898 2380 929 2413 S.
950 2380 1079 2412 Mariam
1097 2380 1195 2413 Maio-

457 2443 547 2473 rem,
583 2433 643 2465 sub
679 2433 798 2465 annulo
840 2432 1031 2472 piscatoris,
1073 2433 1124 2465 die
1166 2443 1196 2466 ix

457 2485 583 2529 augusti
627 2483 772 2519 ninficvtn
790 2513 798 2526 ‚
840 2485 1049 2528 pontificatus
1093 2487 1194 2519 nostri

458 2549 543 2572 anno
560 2549 629 2573 v111.

492 2601 552 2631 Dat.
573 2601 618 2631 die
636 2601 652 2629 9
671 2600 778 2637 augusti
796 2601 873 2638 1708,
895 2600 993 2637 pontis.
1016 2609 1086 2630 anno
1103 2607 1158 2629 viu.

1037 201 1216 227 BULLARIUM
1241 200 1397 226 ROMANUM

1571 250 1700 285 CXVIII.

1223 321 1466 368 ¹Confirmatio*
1505 320 1667 354 decretum
1706 322 1859 365 mamis-tri
1891 333 1985 366 qene-

1286 374 1371 406 rali's
1396 375 1606 407 eremitarum
1637 374 1670 408 S.
1701 374 1893 417 Auqustim',
1920 386 1983 419 quo

1289 432 1456 460 revocatur
1502 427 1701 461 alternative
1745 429 1781 462 in
1817 429 1985 472 provincia

1287 481 1327 513 B.
1356 481 1400 514 M.
1434 481 1467 513 V.
1495 481 1533 513 de
1559 481 1677 514 Gratia
1702 482 1737 515 in
1762 482 1872 516 Jndiis
1898 481 1986 516 Occi-

1287 533 1472 566 dentalibus
1485 532 1504 566 ⁴.

1456 606 1594 633 Clemens
1614 607 1695 641 Papa
1714 607 1763 640 xl,

1380 650 1416 677 ad
1436 650 1572 678 futuram
1592 651 1637 678 rei
1657 651 1838 679 memoriam.

1287 712 1301 755 ξ
1319 712 1347 744 l.
1365 712 1488 756 Exponi
1515 713 1610 746 nobis
1632 723 1738 757 nuper
1757 713 1833 746 fecit
1846 712 1983 748 dilectus

1243 764 1327 797 silius
1349 765 1548 808 Augustinus
1562 765 1673 798 Garzia
1693 766 1732 799 de
1750 765 1872 807 Galves,
1887 766 1985 800 frater

1243 828 1393 860 expresse
1422 819 1587 861 professus
1607 830 1643 852 ae
1669 819 1701 851 in
1723 819 1868 852 Romana
1892 819 1985 853 Curia

1243 876 1433 914 procurator
1465 872 1651 914 provinciae
1678 873 1712 905 B.
1740 872 1857 906 Mariae
1884 873 1986 915 VIrgi-

1244 923 1291 955 nis
1317 925 1356 956 de
1375 924 1482 957 Gratia
1507 931 1709 968 nuncupatae
1739 926 1770 958 in
1805 926 1902 960 indiis
1927 926 1987 960 Oc-

1243 975 1455 1010 cidentalibus
1481 977 1609 1011 Ordinis
1634 978 1848 1012 Eremitarum
1874 979 1905 1012 S.
1926 980 1988 1012 Au-

1242 1030 1372 1072 gustini,
1390 1030 1421 1063 in
1440 1034 1529 1064 sacra
1541 1032 1707 1075 theologia
1717 1033 1882 1075 magister,
1898 1034 1986 1078 quod

1221 1083 1333 1123 *alias
1353 1083 1505 1117 videlicet
1530 1085 1579 1118 die
1607 1096 1643 1119 ιιι
1669 1086 1812 1118 octobris
1837 1086 1984 1129 proxime

1221 1137 1422 1180 *praeteritu
1445 1138 1583 1170 dilectus
1609 1139 1704 1171 etiam
1731 1139 1814 1172 tilius
1839 1139 1988 1173 adeoda-

1243 1195 1292 1222 tus
1312 1190 1419 1231 Nuzzi,
1434 1191 1524 1233 prior
1549 1193 1712 1233 generalis
1737 1191 1867 1226 Ordinis
1892 1203 1987 1236 prae-

1243 1243 1330 1283 dicti,
1354 1244 1519 1276 decretum
1545 1254 1644 1288 super
1670 1244 1818 1278 nullitate
1844 1246 1986 1279 alterna-

1244 1297 1325 1329 tivae
1357 1297 1460 1329 dietae
1491 1298 1678 1340 provinciae
1702 1298 1788 1332 inter
1811 1298 1984 1342 religiosos

1243 1351 1402 1394 Hispanos
1427 1350 1458 1383 in
1477 1350 1614 1393 Europa,
1636 1357 1667 1384 et
1687 1352 1848 1395 Hispanos
1866 1363 1903 1386 ex
1921 1352 1986 1386 alia

1243 1409 1331 1447 parte
1368 1404 1399 1436 in
1426 1403 1572 1436 Ameriezi
1609 1410 1714 1445 natos,
1750 1404 1855 1439 Crioli
1890 1405 1984 1448 vulgo

1242 1462 1452 1500 nuncupatos,
1490 1457 1528 1489 ab
1559 1457 1629 1489 aliis
1663 1462 1738 1489 tunc
1770 1457 1985 1491 existentibus

1241 1510 1404 1553 prioribus
1437 1510 1644 1552 generalibus
1676 1510 1984 1554 praedecessoribus

1240 1563 1304 1595 suis
1323 1563 1353 1595 in
1376 1563 1462 1596 dicto
1480 1563 1609 1596 decreto
1628 1562 1805 1596 emanatis²
1830 1563 1985 1607 praeseri·

1240 1621 1326 1659 piae,
1338 1616 1439 1649 edidit
1451 1615 1571 1649 tenoris
1585 1616 1639 1659 qui
1653 1616 1808 1659 sequitur,
1820 1616 1982 1650 videlicet:

1280 1678 1443 1708 Adeodatus
1475 1678 1560 1708 Nuzzi
1595 1678 1630 1708 ab
1668 1678 1842 1717 Altamura‚
1882 1688 1981 1710 sacrae

1240 1727 1403 1765 theologiae
1428 1728 1577 1766 magister,
1600 1728 1688 1758 totius
1710 1727 1829 1758 Ordinis
1857 1728 1979 1760 fratrum

1217 1777 1428 1806 ‘eremitarum
1462 1777 1554 1807 saneti
1588 1777 1680 1816 patris
1708 1777 1801 1807 nostri
1824 1778 1981 1816 Augustini

1240 1826 1319 1864 prior
1333 1825 1626 1864 ge11e1·atis.tttun‹2ris
1639 1826 1730 1856 nostri
1746 1826 1821 1856 ratio
1837 1827 1979 1866 exposcit,

1217 1899 1219 1906 s
1240 1879 1282 1912 ut,
1306 1884 1379 1914 qnae
1402 1875 1436 1903 ad
1462 1879 1574 1904 rectum
1609 1874 1826 1913 provinciarum
1848 1876 1981 1913 regimen

1217 1946 1219 1958 ,
1239 1928 1384 1963 spectant,
1399 1924 1509 1953 efficaci
1534 1924 1729 1953 sollieitudine
1746 1933 1980 1963 promoveamus,

1217 1983 1219 1987 ’
1240 1982 1330 2011 eaque
1353 1973 1450 2002 onmia
1473 1982 1624 2002 removere
1653 1977 1819 2011 satagamus
1848 1982 1922 2013 quae
1951 1973 1980 2004 Iu

1240 2021 1398 2059 provinciis
1429 2021 1501 2059 ipsis
1532 2021 1680 2059 providam
1704 2025 1731 2050 et
1754 2021 1869 2051 fidelem
1892 2021 1983 2052 bono-

1218 2092 1219 2096 ,
1240 2078 1303 2098 rum
1317 2069 1614 2107 administrationem,
1629 2069 1791 2100 studiorum
1804 2070 1978 2110 profectum,

1240 2127 1272 2147 ac
1290 2118 1454 2155 regularem
1478 2118 1663 2157 disciplinam
1685 2123 1816 2148 evertere
1839 2127 1872 2148 ac
1896 2118 1982 2148 dissi·

1241 2176 1309 2205 pare
1333 2167 1505 2197 moliuntur.
1524 2167 1598 2197 Saue
1621 2177 1654 2196 ex
1677 2168 1849 2197 alternative
1871 2166 1901 2197 in
1917 2176 1981 2206 pro-

1240 2216 1338 2246 vincia
1374 2218 1472 2246 nostra
1496 2216 1636 2255 Deiparae
1660 2216 1789 2254 Virginis
1820 2216 1855 2246 de
1882 2216 1980 2246 Gratia

1277 2293 1285 2316 t
1306 2291 1373 2316 Vide
1384 2290 1500 2324 allegata
1512 2291 1538 2316 in
1554 2290 1567 2325 g
1581 2293 1604 2316 t.
1616 2291 1695 2316 —In
1707 2295 1794 2317 const.
1811 2291 1854 2317 ed.
1871 2296 1981 2322 mcccxv,

1240 2334 1283 2361 die
1296 2335 1327 2361 19
1338 2335 1441 2369 aprilis,
1455 2338 1577 2368 pont.1v,
1591 2336 1751 2361 confirmata
1761 2335 1811 2362 fuit
1821 2335 1980 2362 alternativa

1240 2378 1265 2404 in
1290 2379 1425 2413 provincia
1447 2378 1641 2413 Portugalliae;
1662 2384 1747 2406 const,
1778 2380 1820 2407 ed.
1843 2386 1979 2412 moccxw,

1239 2422 1281 2448 die
1301 2422 1334 2448 ⁹25
1354 2423 1472 2449 octobris
1485 2445 1492 2456 ‚
1513 2423 1609 2457 pontif.
1631 2430 1685 2457 xri,
1707 2424 1881 2451 confirmatur
1900 2424 1980 2451 atter-

1239 2466 1327 2492 nativa
1347 2466 1372 2492 in
1395 2467 1530 2493 Lusitania
1550 2471 1577 2494 et
1599 2467 1748 2501 Algarbii53
1765 2472 1792 2496 et
1807 2472 1894 2496 const.
1911 2467 1978 2495 edit.

1238 2517 1362 2544 mnecxiu,
1379 2511 1422 2538 die
1438 2512 1467 2538 21
1492 2512 1568 2545 iunii,
1581 2513 1676 2548 pontif.
1697 2520 1756 2546 λιιι,
1769 2514 1858 2549 agitur
1877 2513 1911 2541 de
1926 2512 1979 2541 ele-

1238 2557 1325 2583 ctione
1345 2556 1550 2591 prorincialium
1573 2557 1598 2582 in
1619 2556 1701 2584 indiis
1721 2557 1949 2585 occidentalibus.

1272 2600 1288 2627 2
1309 2600 1402 2628 Potius
1420 2601 1663 2637 legeytominatis
1684 2603 1723 2638 (a.
1743 2602 1792 2637 12).

1993 203 2043 232 An.
2059 203 2089 234 C.
2109 205 2177 235 1708

2020 722 2137 750 Expositio.

2018 1711 2022 1715 ,
2052 1685 2176 1715 ,neemiam

1990 1716 2068 1760 ἥρω
2089 1719 2177 1740 genera·
