2269 3203
122 203 172 232 An.
194 204 223 233 C.
241 204 310 232 ¹705

316 263 383 287 non
407 260 555 298 paretur,
583 260 615 288 et
638 255 701 288 lata
726 254 858 287 demum
883 252 957 285 tiliis
983 252 1055 284 ino-

316 308 502 341 bedientiae
535 308 585 341 via
618 307 774 340 sternitur
809 306 847 339 ad
881 305 1053 338 fovendam

316 361 450 394 silentio
477 361 659 401 haeresim,
686 360 760 393 dum
786 360 888 403 ipsam
914 357 1054 391 lansenii

317 414 511 454 doctrinam,
548 425 644 457 quam
681 413 720 446 ab
754 413 940 457 Apostolica
972 411 1054 445 Sede

317 468 501 500 damnatam
526 467 672 501 Ecclesia
703 465 896 499 universalis
929 465 1052 498 exhor-

316 521 392 561 ruit,
419 521 526 554 adhuc
557 520 694 553 interius
719 519 862 552 abiicere
894 523 924 552 ct
957 518 1054 551 corde

317 573 502 616 improbare
528 574 723 607 detrectant.

145 664 171 668 Η
205 638 225 659 ³.
277 666 281 668 v
301 665 305 668 ,
362 627 377 670 ξ
401 626 433 659 4.
460 625 542 665 Quin
566 627 661 660 etiam
684 626 958 670 eoimpudentiae
975 635 1056 659 non-

120 665 306 718 ,ξέξέἑῗὲιέᾙιᾞῖ
317 681 425 713 nullos
450 680 617 713 devenisse
642 685 843 723 compertum
870 683 984 719 est‚ut,
1003 688 1056 711 vc-

120 719 374 771 {ffisfzifi’iliss'fluu
400 732 555 766 naturalis
580 732 773 772 honestatis,
811 732 932 765 nedum
967 731 1056 764 chri-

120 772 236 828 ldssnfft'l}
255 773 441 820 hfissistianae
467 786 665 819 sinceritatis
692 786 793 826 obliti,
820 795 964 819 asserere
989 795 1055 818 non

119 824 305 873 {iii'fss'ssirilsslff
316 839 538 873 dubitaverint
561 839 727 882 praefatae
760 839 922 872 formulae
948 849 965 871 a
989 848 1056 871 me-

313 898 439 926 morato
466 893 650 926 Alexandro
679 893 933 937 praedecessore
958 903 1055 936 prae-

315 947 455 990 scriptae
479 947 641 980 subscribi
660 947 747 980 licite
764 957 862 990 posse
889 946 987 979 etiam
1016 945 1055 977 ab

315 1000 355 1034 iis
380 1001 437 1044 qui
463 1000 598 1033 interius
626 1010 693 1033 non
718 1000 863 1033 iudicant
887 999 1054 1042 praedicto

315 1053 455 1087 lansenii
468 1054 553 1087 libro
569 1053 751 1086 doctrinam
769 1053 969 1086 haereticam
985 1063 1055 1086 con-

317 1107 426 1140 tineri.
453 1106 549 1145 Quasi
575 1117 653 1140 vero
686 1107 814 1149 (contra
846 1116 942 1150 quam
975 1107 1056 1139 scri-

315 1165 407 1203 ptum
420 1165 481 1194 est:
497 1159 562 1200 Qm‘
575 1159 723 1204 loquitur
735 1160 902 1193 veritatem
915 1161 951 1192 in
965 1158 1056 1192 corde

315 1222 392 1245 suo:
419 1218 464 1246 et:
493 1212 558 1252 Qui
582 1213 840 1256 iuratprooez'mo
860 1223 918 1245 suo
937 1216 966 1244 et
990 1222 1055 1244 non

314 1265 446 1310 decipit)
472 1267 661 1300 huiusmodi
686 1266 808 1300 erroris
838 1267 1054 1300 sectatoribus

314 1319 413 1353 liceat
435 1319 614 1353 Ecclesiam
638 1319 742 1362 ipsam
768 1319 981 1353 iureiurando
1003 1320 1056 1353 de-

315 1372 435 1416 cipere,
461 1373 627 1415 simulque
646 1372 851 1416 Apostolicae
869 1372 961 1405 Sedis
982 1383 1056 1416 pro-

315 1426 494 1459 videntiam
519 1426 651 1467 fallere,
678 1426 755 1459 dnm
774 1426 918 1460 eiusdem
936 1427 1056 1460 sormu-

315 1480 366 1513 lae
400 1480 569 1523 conceptis
610 1479 719 1512 verbis
758 1480 936 1524 loquuntur
968 1481 1055 1523 quod

315 1531 463 1566 Ecclesia
497 1532 665 1576 loquitur,
700 1533 789 1576 quod
814 1539 924 1567 tamen
956 1533 1056 1566 sentit

316 1585 400 1630 ipsa,
421 1596 489 1618 non
513 1586 677 1626 sentiunt;
711 1597 812 1630 seque
837 1597 954 1630 parere
979 1597 1056 1620 con-

317 1638 541 1671 stitutionibus
559 1639 745 1682 apostolicis
762 1640 971 1683 profitentur,
991 1641 1058 1684 qui-

317 1691 378 1725 bus
399 1692 509 1725 animo
527 1692 766 1725 contradicunt.

363 1745 378 1788 ξ
403 1744 435 1778 5.
461 1744 544 1778 Hinc
571 1751 618 1778 est
642 1746 729 1788 quod
761 1756 844 1786 nos,
872 1747 912 1780 ad
937 1758 1057 1792 oppor-

320 1803 433 1832 tunum
471 1803 503 1832 et
538 1799 650 1832 efficax
683 1805 747 1832 tam
780 1800 900 1833 exitiali
931 1803 1055 1843 morbo,

318 1852 375 1896 qui
401 1857 437 1885 ut
460 1863 578 1886 cancer
602 1853 706 1896 serpit
731 1858 762 1886 et
787 1853 932 1896 quotidie
952 1854 983 1886 in
1003 1855 1057 1889 de-

318 1906 420 1939 terius
451 1905 566 1949 vergit,
603 1906 783 1940 remedium
818 1907 1054 1948 adhibendum,

317 1969 385 1992 non
408 1959 515 1993 minus
540 1959 753 1993 demandatae
785 1960 880 1993 nobis
913 1962 1056 1994 omnium

319 2012 530 2046 ecclesiarum
554 2014 784 2047 sollicitudinis
811 2013 933 2055 debito,
962 2026 1056 2058 quam

317 2065 534 2109 plurimorum
557 2066 792 2100 venerabilium
826 2067 959 2100 fratrum
992 2079 1054 2101 no-

318 2124 460 2152 strorum
484 2119 684 2152 diversarum
710 2121 862 2163 partium,
896 2131 932 2153 ac
965 2132 1057 2164 prae—

320 2173 430 2206 sertim
466 2173 559 2215 regni
600 2173 788 2214 Galliarum,
828 2175 1056 2218 episcoporum

319 2225 388 2259 zelo
413 2237 449 2260 ac
472 2226 625 2270 precibus
652 2227 794 2267 excitati,
809 2238 849 2260 ne
870 2227 1056 2261 huiusmodi

319 2279 412 2321 pravi
436 2279 587 2312 homines
612 2281 793 2314 catholicae
814 2281 977 2315 Ecclesiae
1002 2293 1058 2325 pa—

322 2342 391 2365 cem
415 2333 602 2367 subvertere
619 2333 751 2377 impune
768 2340 906 2378 pergant
927 2340 960 2368 et
987 2335 1057 2368 sim-

321 2384 456 2427 plicium
479 2396 517 2419 ac
540 2387 736 2429 pusillorum
768 2387 933 2421 mentibus
957 2388 1058 2432 impo-

321 2445 414 2477 nere,
430 2437 583 2473 docentes
608 2451 691 2484 quae
715 2451 782 2474 non
803 2446 950 2485 oportet;
977 2452 1057 2475 neve

322 2489 417 2529 ullus,‚
442 2491 527 2533 apud
561 2502 615 2525 eos
639 2503 771 2537 quoque
803 2494 859 2537 qui
891 2494 999 2535 bona,
1023 2500 1059 2527 ut

323 2541 441 2583 aiunt¹,
465 2543 529 2577 fide
559 2555 597 2578 ac
627 2546 714 2580 salsis
738 2547 924 2581 rumoribus
951 2548 1058 2592 decipi

360 2605 372 2632 ¹
395 2603 498 2632 Forsan
517 2605 595 2634 deest
613 2610 679 2635 sunt
698 2608 738 2643 (n.
753 2609 803 2644 T.).

151 1753 232 1775 Causae
246 1758 309 1779 prae-

123 1782 189 1801 tenti·
205 1781 310 1802 consitiu-

123 1808 195 1830 tionis.

936 200 1078 227 CLEMENS
1103 200 1138 226 XI
1162 201 1211 225 Pr.

1729 190 1793 224 ⁶235
1839 198 1890 226 An.
1911 198 2026 227 c.1705

1099 260 1131 283 se
1157 250 1293 283 sortasse
1309 250 1486 293 patiuntur,
1506 249 1545 282 de
1567 253 1674 282 mente
1701 259 1736 281 ac
1762 258 1838 281 sen-

1100 305 1199 336 tentia
1225 303 1432 346 Apostolicae
1457 303 1549 336 Sedis
1574 302 1712 345 amplius
1738 301 1838 334 ambi-

1099 357 1197 399 gendi
1224 356 1366 399 supersit
1391 357 1499 396 locus;
1520 356 1628 389 divino
1655 355 1756 398 prius,
1774 360 1838 386 tam

1099 409 1230 453 privatis
1255 410 1385 449 nostris,
1420 420 1516 452 quam
1542 408 1671 452 publice
1708 407 1838 440 indictis

1099 462 1261 505 precibus,
1298 462 1473 505 implorato
1508 461 1691 505 praesidio,
1731 471 1766 493 ac
1804 470 1838 492 rc

1100 520 1225 548 mature
1252 515 1405 555 discussa,
1423 515 1462 548 de
1481 515 1718 547 nonnullorum
1743 522 1840 545 vene-

1101 567 1252 601 rabilium
1279 568 1412 600 fratrum
1437 573 1622 600 nostrorum
1641 566 1755 599 sun.
1773 575 1841 598 car-

1100 621 1258 654 dinalium
1271 621 1417 661 consilio,
1429 621 1611 664 auditisque
1623 619 1840 663 complurium

1100 674 1133 707 in
1159 676 1251 708 sacra
1278 675 1447 718 theologia
1471 674 1700 717 magistrorum
1726 671 1840 705 suffra-

1101 728 1183 771 giis,
1210 728 1316 771 primo
1342 728 1473 771 quidem
1500 727 1719 771 praeinsertas
1744 726 1841 759 luno-

1101 781 1199 815 centii
1223 781 1249 814 X
1274 786 1306 815 et
1330 781 1505 815 Alexandri
1530 780 1579 813 Vll
1605 781 1841 824 praedecesso-

1100 845 1171 868 rum
1188 835 1447 875 constitutiones,
1467 835 1642 878 omniaque
1661 839 1692 867 et
1712 834 1841 876 singula

1099 889 1133 922 in
1151 889 1196 922 eis
1217 894 1380 930 contenta,
1398 888 1570 922 autoritate
1591 888 1777 931 apostolica,
1796 894 1843 921 tc-

1100 953 1179 976 nore
1203 943 1439 986 praesentium,
1462 942 1700 983 confirmamus,
1728 952 1842 986 appro-

1099 996 1211 1029 bamus
1231 1002 1264 1030 et
1279 996 1494 1036 innovamus;

1144 1051 1158 1094 ξ
1183 1049 1215 1083 6.
1243 1050 1288 1083 Ac
1313 1050 1471 1093 insuper,
1497 1053 1532 1081 ut
1564 1048 1695 1092 quaevis
1724 1049 1756 1081 in
1783 1060 1841 1093 po·
1878 1056 2035 1077 necumuanas

1819 1103 1824 1108 ⁴
1849 1084 1927 1109 quibus
1941 1083 2037 1103 decerni-

1099 1108 1219 1136 sterum
1245 1102 1368 1136 erroris
1395 1102 1522 1135 occasio
1548 1102 1680 1145 penitus
1714 1113 1883 1145 praeci-mr
1913 1112 1964 1130 §³115
1994 1116 2036 1129 nnn

1851 1142 1896 1157 esse
1923 1136 2036 1161 obsequio-

1100 1156 1204 1196 datur,
1233 1161 1328 1200 atque
1347 1167 1461 1190 omnes
1475 1156 1657 1189 catholicae
1672 1155 1837 1189 Ecclesiae
1851 1169 1895 1198 sum
1917 1164 2038 1186 suenuum.

1850 1196 1857 1209 x
1877 1190 1883 1209 l
1930 1189 2036 1209 verbalem

1100 1209 1343 1244 filiiEcclesiam
1356 1210 1461 1253 ipsam
1477 1210 1601 1250 audire,
1622 1219 1688 1242 non
1701 1211 1838 1244 tacendo
1863 1198 2023 1256 {eudemnssho-

1100 1264 1203 1296 solum
1229 1263 1316 1306 (nam
1342 1268 1374 1296 et
1397 1263 1489 1306 impii
1515 1263 1712 1295 intenebris
1737 1247 2036 1296 comi-{irfflmm‘ifliii'1l1i¹.⁹

1100 1318 1258 1359 cescum),
1285 1317 1341 1350 sed
1374 1323 1406 1350 et
1435 1317 1573 1349 interius
1611 1317 1836 1360 obsequendo,

1101 1382 1184 1414 quae
1208 1381 1284 1404 vera
1309 1376 1359 1404 est
1384 1370 1561 1404 orthodoxi
1586 1370 1729 1404 hominis
1762 1372 1840 1404 obe-

1101 1425 1236 1465 dientia,
1264 1424 1468 1465 condiscant,
1496 1424 1557 1456 hac
1582 1427 1694 1457 nostra
1719 1435 1838 1467 perpe-

1101 1484 1157 1512 tuo
1184 1478 1319 1511 valitura
1344 1477 1591 1517 constitutione,
1619 1477 1839 1518 obedientiae,

1101 1543 1182 1576 quae
1214 1532 1430 1576 praeinsertis
1464 1531 1654 1575 apostolicis
1688 1531 1842 1564 constitu-

1101 1587 1244 1619 tionibus
1271 1585 1418 1626 debetur‚
1443 1585 1641 1628 obsequioso
1666 1585 1723 1618 illo
1749 1586 1842 1618 silen-

1100 1640 1146 1673 tio
1171 1639 1306 1673 minime
1333 1638 1496 1679 satisfieri,
1523 1639 1580 1672 sed
1603 1638 1789 1671 damnatum
1807 1639 1840 1670 in

1101 1693 1245 1737 quinque
1270 1692 1425 1736 praefatis
1459 1691 1742 1735 propositionibus
1771 1691 1841 1724 Ian-

1101 1747 1226 1780 seniani
1240 1746 1316 1779 libri
1331 1756 1470 1786 sensum,
1485 1756 1584 1788 quem
1598 1745 1728 1778 illarum
1742 1745 1840 1777 verba

1101 1800 1340 1844 praeseferunt,
1365 1804 1400 1831 ut
1416 1799 1611 1842 praefertur,
1634 1798 1673 1830 ab
1690 1798 1841 1831 omnibus

1101 1852 1369 1886 christifidelibus
1393 1857 1427 1884 ut
1453 1851 1667 1891 haereticum,
1693 1861 1759 1883 non
1785 1861 1841 1883 ore

1101 1907 1218 1946 solum,
1244 1906 1302 1939 sed
1327 1910 1358 1938 et
1382 1904 1488 1945 corde,
1515 1904 1606 1937 reiici
1632 1915 1669 1937 ac
1693 1904 1841 1936 damnari

1102 1960 1237 1999 debere,
1274 1968 1334 1992 nec
1370 1958 1433 1990 alia
1468 1963 1599 1997 mente,
1626 1957 1758 1998 animo,
1785 1962 1842 1990 aut

1101 2013 1294 2046 credulitate
1330 2011 1535 2054 supradictae
1569 2011 1727 2044 formulae
1758 2011 1838 2044 sub--

1101 2066 1196 2100 scribi
1215 2066 1302 2099 licite
1316 2076 1433 2109 posse,
1460 2065 1504 2097 ita
1521 2070 1555 2097 ut
1580 2065 1634 2108 qui
1660 2075 1764 2104 secus,
1786 2069 1842 2097 aut

1102 2124 1228 2159 contra,
1254 2119 1363 2162 quoad
1388 2119 1469 2152 haec
1494 2118 1603 2152 omnia
1634 2124 1666 2151 et
1690 2119 1840 2161 singula,

1101 2172 1275 2212 senserint,
1293 2171 1465 2212 tenuerint,
1479 2172 1750 2215 praedicaverint,
1770 2182 1842 2205 ver-

1101 2227 1143 2260 bo
1161 2227 1213 2260 vel
1231 2225 1351 2270 scripto
1373 2226 1546 2259 docuerint
1559 2232 1612 2259 aut
1626 2227 1838 2267 asseruerint,

1102 2288 1264 2322 tamquam
1314 2279 1536 2322 praefatarum
1586 2279 1839 2322 apostolicarum

1102 2332 1370 2366 constitutionum
1397 2338 1668 2376 transgressores,
1687 2332 1839 2366 omnibus

1103 2392 1134 2420 et
1147 2386 1285 2430 singulis
1299 2386 1430 2419 illarum
1443 2386 1590 2419 censuris
1603 2391 1634 2418 et
1645 2386 1761 2429 poenis
1775 2396 1843 2419 om-

1102 2441 1180 2473 nino
1205 2439 1406 2480 subiaceant,
1423 2440 1538 2472 eadem
1555 2439 1745 2472 auctoritate
1766 2449 1842 2481 apo-

1102 2494 1216 2527 stolica
1240 2493 1458 2533 decernimus,
1490 2492 1705 2533 declaramus,
1733 2491 1843 2524 statui·

1102 2557 1174 2580 mus
1199 2552 1231 2580 et
1255 2546 1456 2580 ordinamus.

1146 2601 1161 2644 ἓ
1201 2601 1231 2634 7.
1274 2601 1489 2636 Deeernentes
1531 2600 1671 2644 pariter,
1709 2598 1841 2633 easdem
1878 2601 2002 2625 Clausulas-⁷
