2269 3203
109 198 159 225 An.
175 196 204 225 C.
226 195 294 225 ¹7¹8

138 367 219 386 (zm-sae
239 366 295 385 cel-›-

111 394 184 413 braum
213 396 295 417 capitu·

111 420 152 439 luni
195 420 279 442 siugulis
291 435 295 442 ,

111 446 216 466 sext-inuiis
225 449 243 465 et
256 453 295 465 riou

111 474 200 498 amplius
233 476 293 492 tricu-

111 501 159 520 mis.

157 1855 261 1875 Statuitur
280 1856 302 1875 ut

117 1882 137 1903 in
153 1882 245 1903 rubrica.

915 193 1058 219 CLEMENS
1083 193 1115 217 XI
1141 194 1189 217 PP-

521 246 655 274 Clemens
677 246 756 279 Papa
775 245 828 276 XI,

429 290 465 317 ad
486 293 666 325 perpetuam
686 290 730 317 rei
750 288 933 316 memoriam.

351 354 365 397 ἓ
387 353 416 386 ’1.
435 353 512 386 Cum
539 354 622 386 sicut
640 353 837 396 accepimus,
857 351 888 383 in
910 351 1048 393 Congre-

307 407 437 450 gatioue
458 408 632 440 reformata
648 407 679 439 S.
698 405 852 438 Bernardi
871 405 1048 437 monacho-

308 470 376 491 rum
392 459 520 492 Ordinis
534 458 756 493 Cisterciensis
774 468 850 489 usus
868 457 1046 500 capitulum

305 514 486 554 generale,
515 513 546 545 in
572 522 635 555 quo
663 516 724 544 tam
750 511 849 543 abbas
884 510 1047 552 generalis

307 576 401 608 quam
428 566 481 598 alii
509 565 654 608 primarii
681 564 827 596 eiusdem
864 563 1048 606 Congrega—

307 619 404 652 tionis
429 619 613 662 superiores
640 617 717 660 eligi
742 622 990 656 consueverunt,
1009 616 1047 649 de

307 672 449 705 triennio
475 672 508 704 in
534 670 707 704 triennium
734 670 923 703 celebrandi
943 669 1049 702 bacte-

306 736 366 758 nus
391 725 590 765 invaluerit3
618 723 819 767 experientia
853 734 927 756 vcro
963 733 1049 755 eom-

307 784 432 822 pertum
460 777 565 817 sitierit,
585 788 622 811 ex
638 777 719 810 adeo
737 776 900 820 frequenti
915 776 1047 819 capituli

307 832 494 865 huiusmodi
518 831 740 864 celebratione
773 840 809 862 ac
841 829 1047 872 superiorum

307 885 485 918 mutatione
507 884 702 928 multiplicia
721 883 890 916 universae
906 882 1048 924 Congre-

307 937 429 980 gationi
455 937 642 981 praedictae
668 937 788 970 adferri
814 936 987 969 incomoda
1018 940 1049 968 et

307 991 522 1030 detrimenta,
551 997 615 1023 tum
641 990 681 1023 ob
707 1000 844 1032 graves,
871 1000 949 1032 quas
985 989 1050 1021 sin-

308 1045 402 1085 gulae
424 1044 622 1086 provineiae,
641 1043 765 1076 ratione
784 1043 885 1085 ipsius
905 1041 1048 1084 capituli,

309 1097 458 1140 quolibet
485 1097 624 1130 triennio
644 1122 651 1136 ,
679 1107 742 1129 nou
775 1096 844 1128 sine
871 1106 981 1128 earum
1019 1100 1051 1127 et

309 1151 580 1183 monasteriorum
598 1150 734 1182 notabili
756 1160 854 1182 onere
873 1156 903 1182 et
920 1149 1048 1188 damno,

310 1204 414 1237 facere
441 1210 603 1243 tenentur,
622 1214 790 1247 expensas,
812 1209 876 1235 tum
893 1203 989 1235 etiam
1009 1202 1050 1235 ob

309 1257 468 1290 diutinam
484 1257 673 1290 eorumdem
687 1256 894 1299 superiorum
914 1266 949 1288 ac
963 1266 1051 1298 prae-

308 1311 479 1353 cipuorum
504 1310 757 1352 religiosorum,
784 1309 836 1352 qui
863 1319 948 1352 pene
975 1319 1051 1341 con-

309 1364 417 1397 tinuos
443 1363 595 1396 itinerum
621 1364 751 1396 labores
777 1362 897 1402 subire,
925 1372 960 1394 ac
985 1372 1051 1394 non

307 1417 470 1450 modicum
497 1423 622 1460 tempus
649 1417 680 1448 in
707 1426 861 1454 accessu,
894 1416 984 1447 mora
1021 1420 1052 1447 et

309 1482 436 1504 recessu
463 1483 480 1504 a
505 1472 577 1504 loco
603 1470 772 1513 capitulari
801 1470 971 1503 absumere
997 1480 1051 1502 eo-

309 1531 438 1567 guntur,
458 1536 475 1557 a
500 1524 566 1557 suis
591 1525 767 1567 provinciis
792 1530 821 1557 et
842 1522 1049 1556 monasteriis

309 1577 506 1618 absentian13
526 1578 644 1621 quibus
662 1577 783 1620 pariter
801 1577 938 1615 accedit,
954 1577 1050 1618 quod,

309 1631 364 1663 ubi
401 1630 450 1662 vix
487 1631 644 1673 praedicti
683 1630 868 1673 superiores
909 1630 1052 1662 debitam

310 1695 419 1717 rerum
445 1684 591 1717 eiusdem
617 1683 884 1726 Congregatiouis
910 1694 945 1715 ac
977 1693 1054 1725 qua-

310 1738 436 1771 litatum
462 1738 699 1771 monachorum
725 1748 803 1769 suae
836 1747 933 1768 curae
967 1746 1054 1768 com-

311 1790 484 1824 missorum
520 1790 741 1833 cognitionem
782 1790 866 1822 nacti
905 1789 1023 1821 suerint
1045 1813 1052 1827 ,

313 1854 482 1877 munerum
509 1854 639 1877 suorum
666 1843 794 1876 eveniat
811 1842 955 1875 vacatio:
983 1853 1054 1881 nos,

313 1897 573 1937 considerantes,
588 1907 646 1939 pro
666 1896 765 1940 ipsius
784 1895 1053 1937 Congregationis

312 1952 448 1995 eiusque
473 1950 745 1984 monasteriorum
777 1955 807 1983 et
839 1959 1053 1992 personarum

311 2006 500 2045 levamento,
527 2016 563 2038 ae
588 2004 673 2038 felici
695 2004 922 2047 prosperaque
941 2012 1054 2035 eorum

311 2059 502 2100 directione,
529 2069 658 2092 necnon
683 2057 881 2091 monasticae
914 2056 1055 2100 discipli-

310 2123 373 2146 nae
398 2113 658 2152 conservatione,
684 2111 862 2154 expediens
889 2111 958 2144 sore
977 2110 1053 2143 dieti

312 2166 445 2210 capituli
481 2166 736 2200 celebrationem
768 2165 807 2198 de
842 2164 983 2197 triennio
1022 2164 1052 2196 in

313 2220 502 2253 sexennium
529 2219 683 2262 deinceps
710 2218 843 2257 differri,
864 2228 900 2250 ac
917 2217 1054 2261 proinde

314 2271 444 2305 illorum
462 2273 592 2306 utilitati
607 2278 638 2305 et
651 2271 882 2311 commoditati,
898 2276 1052 2314 quantum

315 2335 387 2357 cum
401 2325 536 2358 Domino
551 2334 734 2369 possumus,
747 2325 916 2358 consulere
927 2323 1055 2367 cupien-

315 2377 1055 2421 tes,departicularisCongregationisnonnul-

315 2429 419 2462 lorum
447 2441 483 2464 ex
504 2432 743 2465 venerabilibus
763 2431 915 2464 fratribus
934 2429 1055 2463 nostris

315 2484 348 2518 S.
368 2485 405 2518 R.
425 2484 460 2517 Ε.
487 2485 706 2518 cardinalibus
733 2486 772 2518 ad
791 2485 821 2518 id
841 2496 856 2517 a
874 2484 968 2517 nobis
986 2494 1056 2526 spe-

316 2539 443 2572 cialiter
468 2539 713 2581 deputatorum,
739 2538 792 2582 qui
818 2537 977 2571 eiusmodi
1004 2547 1055 2569 ne-

317 2593 441 2638 gotium
453 2599 578 2626 mature
593 2597 624 2627 et
633 2598 782 2627 accurate
794 2591 1051 2636 perpenderunt,

1090 241 1238 283 consilio,
1265 251 1301 274 ac
1326 241 1423 274 etiam
1447 245 1534 274 motu
1561 241 1710 284 proprio,
1737 252 1772 273 ac
1793 251 1828 273 ex

1090 299 1176 328 certa
1201 295 1337 328 scicntia
1361 306 1396 327 ae
1431 296 1555 326 matura
1593 294 1830 327 deliberatione

1091 350 1221 388 nostris,
1237 349 1342 392 deque
1361 349 1562 392 apostolicae
1583 348 1751 390 potestatis
1767 349 1832 390 ple-

1091 403 1251 442 nitudine,
1279 408 1313 434 ut
1338 403 1376 435 de
1401 408 1508 434 cetero
1535 401 1710 443 capitulum
1737 411 1832 442 gene-

1091 456 1156 488 rale
1182 456 1370 499 praedictae
1396 453 1665 497 Congregationis
1683 453 1832 496 quolibet

1091 509 1248 542 sexennio
1274 520 1290 541 a
1317 508 1463 552 proxime
1490 508 1594 541 futuro
1620 507 1762 550 capitulo
1780 517 1832 549 ge-

1091 563 1203 603 nerali,
1230 563 1316 606 quod
1343 562 1394 595 die
1421 573 1449 596 ix
1475 561 1635 595 currentis
1661 560 1779 593 mensis
1799 560 1831 592 in

1091 617 1287 650 monasterio
1304 616 1333 650 S.
1348 616 1568 648 pudentianae
1587 615 1626 648 de
1642 614 1727 647 Urbe
1745 614 1832 647 eius-

1092 670 1164 702 dem
1201 669 1470 712 Congregationis
1495 668 1728 702 celebrandum
1756 667 1829 707 erit,

1092 723 1277 766 incipiendo
1297 750 1304 764 ,
1329 728 1425 766 atque
1452 723 1493 755 ita
1519 721 1686 765 perpetuis
1717 720 1831 754 suturis

1092 775 1312 819 temporibus,
1340 775 1379 808 de
1405 775 1560 808 sexennio
1586 775 1618 807 in
1644 773 1832 807 sexennium

1091 830 1326 870 continuando,
1354 829 1565 869 celebretur3
1596 828 1640 861 ita
1666 833 1774 860 tamen
1799 831 1834 859 ut

1091 884 1221 917 maioris
1247 883 1348 927 partis
1372 882 1544 922 vocalium,
1571 882 1625 925 qui
1650 881 1832 925 proximum

1091 937 1270 981 capitulum
1296 937 1499 980 praedictum
1525 935 1744 973 constituent,
1779 934 1834 966 de-

1091 1001 1190 1034 super
1215 990 1348 1023 accedat
1365 999 1555 1027 consensus,
1578 989 1764 1030 dictumque
1783 997 1833 1019 ne-

1093 1044 1221 1086 gocium
1247 1054 1282 1076 ac
1307 1048 1496 1086 praesentes
1517 1042 1645 1074 litterae
1663 1041 1722 1073 sub
1741 1040 1834 1072 initio

1093 1097 1238 1129 eiusdem
1276 1095 1411 1140 capituli
1452 1094 1616 1137 generalis
1652 1103 1710 1136 per
1746 1092 1830 1125 dile-

1093 1155 1179 1181 ctum
1196 1149 1293 1181 tilium
1310 1147 1669 1181 nostrumFrauciscum
1688 1146 1833 1178 eiusdem

1093 1203 1200 1236 s.R.E.
1216 1203 1442 1245 presbyterum
1468 1200 1666 1233 cardinalem
1686 1199 1834 1232 Barberi—

1095 1267 1169 1288 num
1191 1260 1425 1298 nuncupatum,
1444 1253 1496 1297 qui
1524 1254 1628 1286 dictae
1650 1253 1834 1295 Congrega-

1095 1309 1192 1342 tionis
1219 1309 1304 1352 apud
1330 1319 1387 1341 nos
1415 1313 1445 1340 et
1470 1307 1585 1340 Scdem
1612 1305 1832 1349 Apostolieam

1094 1367 1260 1405 protector
1286 1361 1415 1401 existit,
1441 1365 1688 1403 proponantur,
1721 1364 1833 1391 tenore

1095 1415 1317 1459 praesentium
1343 1413 1513 1446 statuimus
1539 1417 1570 1445 et
1596 1411 1799 1445 ordinamus.

1138 1468 1153 1511 ἓ
1177 1467 1207 1500 2.
1235 1468 1464 1506 Decernentcs,
1484 1466 1613 1499 easdem
1643 1462 1835 1508 praesentes

1095 1522 1220 1555 litteras
1246 1520 1365 1560 firmas,
1394 1519 1478 1553 etc.¹

1139 1576 1153 1618 ξ
1178 1575 1210 1608 3.
1238 1574 1307 1607 Non
1339 1574 1543 1607 obstantibus
1572 1572 1769 1617 praemissis,
1802 1582 1837 1604 ac

1096 1627 1384 1661 constitutionilnis
1409 1632 1440 1660 et
1465 1626 1728 1660 ordinationibus
1760 1636 1838 1668 apo-

1096 1682 1239 1720 stolicis,
1270 1691 1401 1714 necnon
1428 1681 1533 1713 dietae
1558 1679 1837 1721 Congregationis,

1097 1735 1233 1778 eiusque
1258 1735 1500 1778 provinciarum
1519 1739 1551 1766 et
1566 1733 1839 1765 monasteriorum

1097 1800 1387 1833 ‹piorumeumque,
1403 1794 1433 1821 et
1451 1788 1522 1820 aliis
1541 1786 1720 1830 quibusvis,
1742 1785 1837 1818 etiam

1098 1843 1306 1880 iuramento,
1348 1840 1595 1874 confirmatione
1632 1839 1812 1883 apostolica
1831 1864 1839 1879 ,

1098 1898 1145 1930 rel
1172 1896 1282 1940 quavis
1310 1895 1458 1928 firmitate
1483 1895 1546 1927 alia
1572 1893 1752 1933 roboratis,
1779 1898 1840 1926 sta-

1099 1950 1174 1982 tutis
1195 1955 1226 1982 et
1239 1947 1546 1987 consuetudinibus,
1563 1946 1742 1990 privilegiis
1760 1956 1839 1988 quo-

1098 2013 1160 2045 que
1181 2030 1187 2041 ‚
1215 2001 1349 2035 indultis
1375 2006 1407 2034 et
1432 2000 1548 2033 litteris
1573 1999 1771 2043 apostolicis,
1792 1998 1838 2030 ei-

1098 2056 1169 2088 dem
1195 2054 1447 2098 Congregationi
1484 2053 1631 2097 eiusque·
1659 2051 1837 2095 provinciis

1098 2114 1130 2141 et
1155 2107 1368 2147 monasteriis,
1396 2118 1432 2140 ac
1456 2105 1683 2150 superioribus
1709 2109 1741 2137 ct
1765 2114 1838 2147 per-

1097 2161 1184 2194 sonis
1221 2160 1448 2204 quibuslibet,
1484 2159 1544 2191 sub
1583 2158 1839 2201 quibuscumque

1097 2216 1268 2248 verborum
1294 2213 1464 2246 tenoribus
1496 2219 1526 2245 et
1551 2211 1681 2252 formis,
1706 2221 1742 2244 ac
1766 2221 1840 2243 eum

1098 2268 1265 2311 quibusvis
1287 2267 1384 2300 etiam
1403 2266 1685 2308 derogatoriarum
1702 2265 1839 2305 deroga-

1100 2321 1213 2361 torus,
1240 2321 1376 2363 aliisque
1403 2319 1654 2358 efficacioribus,
1681 2317 1837 2350 efficacis-

1098 2375 1188 2408 simis
1216 2380 1246 2407 et
1271 2374 1411 2406 insolitis
1436 2372 1604 2413 clausulis,
1628 2370 1839 2403 irritantibus-

1099 2440 1162 2472 que
1178 2434 1208 2461 et
1226 2428 1296 2461 aliis
1311 2427 1449 2460 decretis
1468 2426 1497 2458 in
1513 2435 1634 2469 genere
1650 2425 1698 2457 vel
1717 2424 1748 2456 in
1766 2433 1839 2465 spe-

1098 2483 1147 2515 cie
1166 2509 1173 2521 ‚
1199 2482 1295 2515 etiam
1321 2487 1424 2520 motu,
1452 2479 1587 2512 scientia
1612 2483 1643 2511 et
1668 2475 1838 2520 potestatis

1097 2535 1302 2578 plenitudine
1334 2534 1466 2577 paribus
1485 2559 1492 2573 ,
1528 2543 1565 2565 ae
1592 2528 1833 2564 consistoriali-

1134 2598 1143 2623 1
1167 2596 1282 2631 Reliqua
1301 2600 1331 2624 ut
1345 2604 1428 2631 supra
1447 2603 1508 2630 pag.
1530 2594 1579 2621 703
1600 2602 1616 2620 ιι
1636 2599 1674 2627 tn.
1691 2592 1738 2627 T.).

1728 182 1793 216 789
1839 192 1888 219 An.
1905 192 1934 218 e.
1959 191 2024 218 1718

1873 1472 1997 1494 clausulae.

1875 1580 2032 1600 Contrariorum

1849 1607 1936 1632 derogat
1943 1608 1970 1629 iu.
