2269 3203
113 225 161 252 ΑΒ.
183 224 212 251 C.
232 222 294 251 1721

934 220 1075 244 CLEMENS
1101 219 1134 244 XI
1158 220 1207 244 PP-

308 279 477 314 cumque,
515 269 695 313 apostolica
732 269 951 309 auctoritate,
999 275 1051 301 te-

308 334 387 358 nore
411 324 634 367 praesentium
666 323 883 367 approbamus
916 327 946 355 et
976 332 1052 355 con-

310 377 503 417 firmamus,
542 387 669 410 necnon
706 376 753 410 eis
788 377 919 419 plenum
953 375 1073 424 roburl

309 430 469 463 firmitatis
494 429 680 470 adiicimus‚
707 440 887 473 omnesque
919 433 951 462 et
985 426 1072 461 sin-'

310 485 404 527 gulos
430 485 509 517 iuris
535 490 566 518 et
591 484 662 517 sacti
690 484 847 524 desectus,
875 483 898 515 si
919 483 971 526 qui
989 483 1073 516 sor-³

310 548 365 571 san
392 538 627 571 intervenerint
647 537 679 570 in
697 537 832 575 eisdem,
851 537 1049 580 supplemus,

310 601 439 625 necnon
465 591 521 624 illa
545 590 650 624 valida
675 596 707 623 et
735 589 878 623 efficacia
916 589 983 623 sore
1021 594 1073 623 eti

311 655 395 685 esse,
421 656 457 678 ac
482 656 543 689 per
569 644 703 678 eosdem
728 643 938 687 praemissos,
967 648 998 676 et
1022 648 1074 676 a-'

311 697 373 731 lios
410 698 449 731 ad
487 709 569 742 quos
600 702 726 741 spectat
761 703 793 730 et
827 696 987 740 spectabit
1019 696 1050 729 in

312 751 463 792 futurum,
491 751 657 785 observari
683 751 818 791 debere,
846 760 907 784 nec
931 751 970 783 ab
988 750 1052 783 illis

311 806 377 839 ullo
401 816 543 849 unquam
580 810 727 849 tempore
764 804 892 838 resilire
928 813 1050 848 posse,

311 859 369 892 sed
394 859 587 892 modernum
614 859 898 902 archiepiscopum
924 863 956 891 et
987 869 1053 891 suc-

311 923 459 946 cessores
493 923 567 946 suos
604 923 640 946 ac
676 912 853 956 collegium
886 912 1051 956 praefatos

311 965 350 998 ad
377 965 509 999 illorum
526 967 655 1000 totalem
671 966 937 1000 observationem
950 965 1052 999 teneri

311 1024 341 1052 et
366 1019 526 1062 obligatos
549 1020 628 1058 sore,
647 1030 773 1053 necnon
793 1019 963 1063 quibusvis
977 1019 1052 1052 iuris

312 1079 345 1106 ct
369 1073 441 1106 sacti
466 1074 659 1118 opportunis
684 1073 838 1107 remediis
865 1074 904 1107 ad
929 1073 961 1107 id
980 1074 1051 1117 cogi

312 1131 344 1159 et
368 1127 524 1169 costringi
550 1137 668 1170 posse;
696 1132 727 1160 et
748 1127 791 1159 ita
808 1137 867 1170 per
885 1136 1055 1170 quoscum-
1074 1141 1076 1166 i

313 1191 376 1223 que
402 1180 526 1214 iudices
552 1186 584 1213 et
609 1180 848 1214 commissarios
873 1180 984 1223 quavis
1002 1190 1077 1220 ati-5

313 1234 461 1267 ctoritate
489 1234 673 1277 fungentes,
698 1234 824 1266 sublata
839 1232 884 1266 eis
899 1239 930 1266 et
943 1243 1052 1266 eorum

315 1288 451 1321 cuilibet
475 1287 585 1331 quavis
611 1288 703 1320 aliter
739 1286 902 1320 iudicandi
941 1292 972 1320 et
1006 1286 1055 1319 in-

315 1340 516 1383 terpretandi
543 1340 694 1373 facultate
720 1345 751 1374 et
776 1340 979 1379 auctoritate,
1008 1340 1055 1372 iu-

313 1393 412 1426 dicari
439 1399 471 1426 et
500 1393 627 1426 definiri
663 1394 813 1433 debere;
850 1403 980 1426 necnon
1017 1403 1052 1425 ex

313 1452 388 1480 tunc
405 1475 412 1488 ,
439 1448 463 1480 si
489 1458 583 1481 secus
608 1458 709 1491 super
734 1448 773 1480 iis
807 1458 823 1480 a
862 1457 1027 1490 quoquam
1048 1473 1054 1486 ,

313 1501 424 1544 quavis
449 1501 642 1534 auctoritate
662 1527 669 1540 ,
705 1500 847 1534 scienter
880 1501 927 1533 vel
962 1500 1055 1543 igno-

314 1560 442 1594 ranter,
471 1554 621 1587 attentari
647 1554 846 1597 contigerit,
873 1553 999 1586 irritum
1026 1558 1057 1586 et

314 1607 410 1641 inane
437 1607 641 1640 decernimus
667 1612 699 1640 et
724 1608 952 1640 declaramus:
989 1617 1054 1640 non

313 1661 516 1694 obstantibus
541 1661 831 1694 constitutionibus
861 1667 892 1694 ct
927 1661 1056 1694 ordina-

315 1715 458 1748 tionibus
484 1715 681 1759 apostolicis‚
707 1726 742 1748 ac
768 1715 871 1748 dictae
897 1715 1055 1748 ecclesiae

314 1767 550 1809 Urbinatensis‚
578 1769 780 1809 iuramento,
807 1768 1055 1801 confirmatione

314 1821 502 1865 apostolica,
522 1823 570 1855 vel
590 1822 702 1865 quavis
717 1822 867 1854 firmitate
885 1821 947 1854 alia
961 1822 1056 1854 robo-

314 1875 403 1915 ratis,
422 1876 550 1908 statutis
575 1881 607 1908 et
633 1875 938 1915 consuetudinibus,
957 1874 1054 1918 privi-

314 1928 410 1970 legiis
427 1939 567 1972 quoque,
587 1928 722 1962 indnltIs
740 1939 775 1961 ac
793 1929 910 1961 litteris
928 1933 1056 1971 aposto-

314 1981 404 2021 licis,
423 1982 548 2015 eisdem
573 1982 825 2026 archiepiscopo
853 1987 884 2015 et
901 1982 1054 2024 collegio,

315 2045 351 2067 ac
376 2035 543 2078 quibusvis
569 2035 649 2076 aliis,
669 2035 931 2079 quomodolibet,
959 2035 1054 2068 etiam

314 2093 403 2121 motu
429 2088 536 2127 simili,
556 2089 730 2129 concessis,
749 2089 940 2132 approbatis
960 2094 989 2122 et
1008 2090 1056 2122 in-
1076 2110 1078 2126 i

314 2141 494 2183 innovati53
522 2142 640 2185 quibus
665 2143 826 2181 omnibus,
854 2143 976 2175 etiamsi
996 2153 1055 2186 pro

314 2195 447 2229 illorum
479 2196 651 2229 sufficienti
678 2196 893 2239 derogatione
928 2196 966 2229 de
992 2196 1056 2229 illis

315 2260 494 2294 eorumque
514 2250 587 2283 totis
613 2250 781 2283 tenoribus
804 2256 835 2282 et
853 2249 966 2282 formis
985 2260 1057 2293 spe·
1077 2244 1078 2248 ¹

315 2302 424 2342 cialis,
451 2303 625 2346 specifica,
655 2314 807 2346 expressa
833 2308 863 2336 et
889 2303 1078 2336 individua*

314 2354 436 2389 mentio
460 2356 612 2390 habenda
638 2362 690 2389 aut
716 2356 823 2400 aliqua
848 2356 910 2389 alia
947 2356 1058 2400 exqui-

314 2408 375 2440 sita
398 2408 502 2442 forma
525 2410 563 2442 ad
590 2410 653 2443 hoe
677 2410 835 2443 servanda
866 2410 950 2443 soret
967 2437 974 2450 ‚
1013 2416 1058 2443 te-

315 2471 415 2493 nores
441 2461 638 2503 huiusmodi‚
654 2474 690 2496 ac
714 2465 738 2495 si
759 2464 797 2496 de
812 2463 910 2497 verbo
929 2464 968 2496 ad
986 2475 1057 2497 ver·
1077 2488 1079 2507 3

315 2513 391 2547 bum
419 2514 500 2547 nihil
535 2516 665 2558 penitus
688 2517 808 2550 omisso
835 2522 866 2550 et
893 2517 995 2550 forma
1024 2518 1055 2549 in
1077 2545 1079 2558 ,

316 2568 347 2600 in
375 2568 438 2600 illis
465 2569 578 2601 tradita
605 2569 774 2603 observata
799 2570 912 2603 inserti
941 2571 1056 2611 forent,

315 2621 540 2664 praesentibus
565 2632 624 2664 pro
657 2623 855 2657 sufficienter
892 2624 1079 2667 expressis]

1732 210 1795 245 859
1842 219 1890 246 An.
1913 217 2021 245 omi

1095 269 1264 309 babentes,
1292 268 1355 302 illis
1381 268 1459 302 alias
1486 268 1515 301 iu
1543 279 1602 301 suo
1629 269 1744 302 robore
1764 279 1834 312 per-

1093 323 1265 362 mansuris,
1285 323 1345 356 hac
1365 322 1432 355 vice
1459 323 1632 361 dumtaxat,
1652 323 1834 365 specialiter

1093 383 1124 411 ct
1149 387 1302 420 expresse
1328 377 1532 418 derogamus,
1559 375 1741 418 ceterisque
1758 386 1835 407 con-

1093 430 1200 463 trariis
1214 429 1487 473 quibuscumque.
1503 428 1587 461 Nulli
1607 438 1684 470 ergo
1700 428 1834 460 omnino

1093 483 1258 516 hominum
1285 483 1382 515 liceat
1407 482 1491 514 lianc
1517 481 1667 524 paginam
1706 486 1834 514 nostrae

1072 535 1359 580 approbationis,
1387 534 1652 573 confirmationis,
1681 534 1836 567 adiectio·

1093 590 1154 631 nis,
1181 589 1412 633 suppletionis,
1438 588 1574 628 decreti,
1606 587 1836 621 declarationis

1095 648 1127 677 ct
1152 643 1372 686 derogationis
1399 642 1589 685 infringere,
1615 643 1664 675 vel
1701 641 1729 674 ei
1755 651 1836 674 ausu

1096 697 1272 730 temerario
1297 696 1475 736 contraire,
1502 696 1525 728 si
1554 695 1625 739 quis
1648 699 1755 728 autem
1774 694 1838 726 lioc

1095 756 1254 784 attentare
1280 748 1549 793 praesumpserit,
1578 748 1836 790 indignationem

1096 800 1330 845 omnipotentis
1357 800 1411 833 Dei
1439 811 1474 833 ac
1499 800 1668 832 beatorum
1693 798 1777 832 Petri
1805 802 1837 831 et

1074 855 1186 889 ‘Pauli
1213 855 1437 898 apostolorum
1463 854 1532 887 eius
1563 864 1596 887 sc
1631 853 1757 887 noverit
1792 853 1838 884 in-

1097 919 1279 942 cursurum.

1131 972 1230 998 Datum
1250 971 1362 1004 Romae,
1384 969 1456 1005 apud
1472 969 1497 996 S.
1522 969 1641 1003 Petrum,
1658 977 1730 995 anno
1750 969 1840 995 lncar-

1096 1016 1213 1043 nationis
1234 1015 1388 1042 dominicae
1408 1020 1529 1047 uncxui,
1550 1020 1596 1040 xui
1616 1012 1746 1040 kalendas
1767 1020 1840 1039 mar-

1095 1062 1135 1097 tii,
1157 1061 1330 1097 pontificatus
1349 1060 1435 1086 nostri
1456 1067 1528 1086 anno
1549 1066 1575 1086 v.

1141 1125 1155 1168 ἓ
1187 1124 1241 1157 111.
1280 1123 1491 1157 Postmodum
1528 1132 1603 1155 vero
1642 1121 1726 1155 idem
1764 1121 1839 1154 Pius
1890 1129 1986 1154 finitam-1
2002 1134 2034 1149 sa-

1850 1160 1934 1183 qneutis
1980 1156 2034 1176 alte-

1098 1180 1183 1223 Papa
1200 1177 1455 1218 lV,antedictum
1474 1176 1646 1219 collegium
1665 1176 1837 1209 doctorum
1850 1184 2034 1231 ‘'¹3³,50'ss23'0u0'

1098 1231 1310 1276 amplioribus
1336 1230 1514 1274 privilegiis
1540 1235 1571 1262 ct
1589 1229 1700 1273 gratiis
1719 1240 1837 1263 ornare
1849 1217 1880 1231 Μ
1914 1217 1927 1230 Η
1972 1226 1975 1229 '

1097 1287 1220 1326 volens,
1247 1286 1327 1319 duos
1352 1284 1488 1327 singulis
1515 1283 1607 1316 annis
1626 1284 1657 1316 in
1677 1283 1766 1327 poesi
1786 1283 1839 1316 do-

1098 1346 1167 1373 ctos
1193 1339 1320 1383 poetica
1346 1339 1456 1372 laurea
1483 1337 1680 1378 decorandi,
1707 1348 1837 1370 necnon

1076 1405 1152 1427 =eos
1170 1420 1177 1434 ,
1205 1404 1287 1436 quos
1312 1393 1445 1436 praevio
1472 1391 1620 1434 diligenti
1648 1391 1793 1425 examine
1821 1391 1839 1422 i-

1098 1447 1222 1481 doneos
1248 1457 1284 1479 ac
1310 1445 1508 1479 sufficientes
1535 1445 1769 1488 comperisset,
1800 1445 1839 1477 ad

1099 1501 1287 1535 doctoratus
1312 1500 1344 1532 in
1371 1499 1437 1533 iure
1466 1505 1528 1532 tam
1555 1499 1717 1532 canonico
1743 1509 1840 1542 quam

1099 1555 1203 1595 civili,
1233 1561 1264 1588 et
1299 1555 1589 1593 baccalaureauis,
1616 1552 1840 1595 licentiaturae

1099 1620 1135 1642 ac
1159 1608 1339 1651 magisterii
1365 1608 1397 1640 in
1422 1607 1584 1640 medicina
1606 1607 1653 1639 vel
1674 1606 1737 1638 alia
1755 1605 1842 1638 licita

1099 1662 1250 1695 facultate
1276 1661 1394 1704 gradus
1419 1659 1658 1704 promovendi,
1697 1659 1842 1692 notarios

1099 1716 1209 1749 itidem
1235 1715 1387 1759 publicos
1414 1725 1470 1748 seu
1499 1714 1695 1747 tabelliones
1729 1718 1760 1745 et
1796 1713 1843 1745 iu-

1100 1769 1187 1803 dices
1207 1769 1402 1808 ordinari0s‚
1421 1768 1553 1811 praevio
1579 1767 1675 1799 simili
1694 1766 1842 1799 examine

1098 1823 1235 1856 idoneos
1261 1827 1419 1865 repertOS,
1434 1821 1578 1860 creandi,
1597 1820 1717 1853 nothos
1733 1819 1841 1858 etiam.

1099 1876 1246 1920 spurios,
1274 1875 1499 1914 incestuosos,
1528 1884 1711 1914 manseres,
1738 1879 1768 1906 et
1806 1884 1842 1906 ex

1099 1939 1306 1974 quocumque
1332 1927 1446 1961 illicito
1472 1927 1557 1960 coitu
1585 1931 1784 1970 procreatos,
1800 1927 1844 1959 lee

1100 1982 1280 2026 gitimandi,
1306 1987 1335 2015 et
1361 1981 1399 2014 ad
1425 1981 1591 2024 primaeva
1617 1986 1751 2014 naturae
1766 1980 1842 2018 iura,

1099 2036 1237 2080 perinde
1264 2046 1299 2068 ac
1325 2035 1349 2067 si
1377 2035 1416 2068 de
1454 2034 1600 2077 legitimo
1637 2034 1843 2067 matrimonio

1100 2091 1164 2123 nati
1193 2095 1322 2129 essent,
1352 2088 1567 2128 restituendi,
1600 2088 1728 2121 nobiles
1754 2087 1844 2120 insu-

1100 2154 1159 2186 per
1184 2154 1240 2176 seu
1267 2143 1364 2175 etiarn
1391 2142 1511 2175 milites
1537 2147 1567 2174 et
1593 2141 1720 2184 equites
1746 2141 1845 2173 deau‘

1076 2230 1078 2241 1
1099 2201 1185 2229 ratos
1211 2195 1348 2229 faciendi
1376 2200 1407 2228 et
1431 2194 1674 2234 constituendi,
1706 2195 1844 2237 amplam

1099 2249 1247 2293 praefato
1275 2249 1413 2291 collegio
1439 2249 1621 2289 licentiam,
1650 2248 1842 2286 facultatem,

1100 2308 1131 2336 et
1166 2301 1393 2335 auctoritatem
1430 2301 1632 2334 concesserit
1667 2312 1703 2333 ac
1736 2300 1843 2333 indul-

1099 2356 1178 2389 serit
1204 2355 1270 2388 suis
1288 2366 1372 2388 anno
1391 2364 1522 2393 iunmv,
1541 2365 1570 2387 ix
1590 2354 1744 2387 kalendas
1764 2363 1844 2386 mar-

1101 2409 1150 2450 tii,
1177 2409 1210 2442 in
1244 2409 1342 2442 siuiili
1378 2408 1482 2441 forma
1520 2407 1680 2451 expeditis
1706 2407 1843 2446 litteris,

1099 2474 1235 2506 quarum
1256 2469 1350 2496 tenor
1364 2467 1413 2495 est
1430 2462 1483 2506 qui
1499 2462 1657 2504 sequitur,
1671 2461 1842 2494 videlicet:

1143 2516 1226 2559 §12
1247 2517 1331 2550 Pius
1349 2516 1526 2559 episcopus,
1547 2525 1654 2548 servus
1678 2523 1843 2546 serrorum
1883 2516 2041 2537 C0¹¹³¹¹¹¹¹¹¹0÷³¹·

1854 2546 1899 2564 tera
1914 2544 1944 2563 Pii
1956 2542 1982 2563 tv
1999 2548 2040 2568 qua

1099 2570 1170 2609 Dei,
1186 2569 1228 2602 acl
1250 2574 1442 2614 perpetuam
1455 2569 1503 2601 rei
1521 2568 1725 2601 memoriam.
1741 2567 1841 2600 Sedes
1854 2570 2040 2618 ffffiffisiass'siffi

1100 2624 1298 2667 ,apostolica
1308 2624 1483 2666 gratiarum
1496 2621 1772 2655 abundantissima
1783 2631 1843 2653 ma·
1854 2625 1952 2647 cutim<-
