2269 3203
80 227 130 254 An.
143 227 173 253 C.
196 226 264 253 1710

120 551 181 572 Fides
205 555 262 572 tian-

78 582 215 605 sumptorum.

111 1884 199 1911 Species
211 1884 268 1904 facti.

889 225 1030 250 effluens

273 274 404 307 verbum
431 274 561 308 insertis
587 275 761 315 habentes,
786 273 851 307 illis
880 274 961 306 alias
985 274 1016 305 in

272 338 331 361 suo
357 329 477 362 robore
499 328 734 372 permansuris,
756 327 794 360 ad
821 327 1017 370 praemisso-

273 391 342 413 rum
363 381 526 422 effectum,
552 382 612 414 bac
640 381 709 414 vice
739 381 912 420 dumtaxat,
944 391 1019 424 spe-

272 434 398 468 cialiter
422 439 454 467 et
478 445 633 478 expresse
656 435 871 476 derogamus;
891 433 1018 466 ceteris-

272 498 334 531 que
359 488 533 521 contrariis
559 488 828 531 quibuscumque.

317 541 332 584 ἓ
364 541 396 574 4.
424 541 579 574 Volumus
614 547 721 574 autem
761 546 796 573 ut
829 541 1016 574 earumdem

274 594 497 637 praesentium
514 594 695 628 litterarum
718 594 941 637 transumptis,
961 604 1015 626 seu

276 648 441 690 exemplis,
468 648 564 680 etiarn
590 647 767 690 impressis,
796 658 891 680 manu
919 648 1019 680 alicu—

276 700 324 734 ius
350 700 466 734 notarii
493 700 612 744 publici
640 700 836 744 subscriptis
856 708 887 733 et
911 700 1017 744 sigillo

275 764 435 797 personae
463 753 494 786 iu
513 752 735 786 ecclesiastica
761 754 918 796 dignitate
944 764 1019 786 con-

274 806 405 839 stitutae
442 807 596 846 munitis,
624 807 738 840 eadem
767 817 904 850 prorsus
938 806 1018 840 sides

274 859 396 903 ubique
432 860 576 893 locorum
610 865 673 892 tam
707 859 739 892 in
776 859 897 893 iudicio
924 871 1017 903 quam

275 918 365 946 extra
389 913 471 946 illud
509 913 676 953 habeatur,
703 924 785 956 quae
822 913 902 957 ipsis
925 924 1019 957 prae-

274 965 419 999 sentibus
449 966 628 1000 haberetur
657 966 681 999 si
716 967 823 1000 forent
851 967 1017 1000 exhibitae

274 1019 324 1051 vel
341 1025 504 1053 ostensae.

321 1071 435 1105 Datum
462 1072 595 1113 Romae,
624 1073 709 1116 apud
742 1073 773 1106 S.
801 1073 932 1106 Mariam
957 1073 1019 1106 Ma-

276 1124 387 1164 iorem,
419 1126 480 1158 sub
513 1126 633 1158 annulo
656 1125 840 1165 piscatoris,
873 1126 924 1158 die
957 1136 1017 1159 xxv

275 1177 469 1220 septembris
503 1188 621 1218 noccx,
665 1179 872 1222 pontificatus
913 1179 1016 1212 nostri

276 1241 362 1263 anno
382 1241 412 1264 x.

311 1291 370 1318 Dat.
388 1291 431 1319 die
447 1292 480 1320 25
497 1293 661 1328 septembris
682 1294 758 1327 ¹710,
776 1294 866 1328 pontif
891 1302 960 1320 anno
977 1303 1002 1320 x.

595 1437 718 1469 CXLVI.

278 1516 501 1557 Confirmalur
524 1516 687 1549 decretum
712 1516 854 1560 capituli
886 1517 1019 1560 provin-

321 1570 390 1601 ciae
420 1580 575 1602 romanae
606 1570 875 1613 Conqreqaciom‘s
900 1569 1020 1602 Italiae

320 1623 464 1665 fratrum
477 1623 731 1658 Carmelilarum
744 1623 1019 1656 Discalceatorum

321 1676 358 1708 de
380 1677 529 1719 pecuniis
552 1677 764 1709 investiendis
776 1677 796 1709 ¹.

497 1757 632 1784 Clemens
654 1757 734 1790 Papa
749 1757 798 1787 xt,

403 1803 439 1827 ad
469 1801 605 1827 futuram
634 1801 679 1827 rei
709 1801 894 1828 memoriam.

321 1871 384 1915 gi.
405 1871 528 1915 Exponi
547 1871 641 1904 nobis
656 1881 760 1915 nuper
775 1872 919 1904 fecerunt
944 1871 1020 1904 dile-

278 1925 320 1958 cti
346 1925 403 1958 filii
429 1925 520 1968 prior
544 1924 752 1968 provincialis
772 1930 803 1958 et
828 1923 1019 1957 definitores

279 1978 496 2022 provinciales
510 1979 695 2022 provinciae
711 1989 864 2012 romanae
883 1978 1016 2011 fratrum

279 2031 550 2065 Discalceatorum
584 2037 845 2075 nuncupatorum
870 2031 1015 2074 Congre-

280 2085 435 2128 grationis
469 2085 579 2118 Italiae
604 2085 733 2118 Ordinis
763 2085 877 2118 beatae
903 2085 1018 2118 Mariae

279 2138 419 2181 Virginis
445 2139 483 2172 de
509 2138 613 2172 Monte
635 2139 791 2179 Carmelo,
814 2139 897 2182 quod
920 2139 949 2171 in
968 2149 1020 2171 ca-

280 2191 384 2234 pitulo
410 2191 601 2235 provinciali
629 2192 733 2224 dictae
760 2191 946 2234 provinciae
967 2190 1018 2224 dic

280 2255 344 2278 xxu
370 2245 482 2288 aprilis
507 2245 581 2277 anni
608 2245 753 2288 proxime
779 2244 946 2287 praeteriti
969 2255 1020 2276 ce-

282 2298 406 2331 lebrato
432 2299 600 2331 decretum
635 2299 702 2338 suit,
738 2304 771 2330 ut
798 2299 828 2330 in
855 2304 1019 2341 posterum

319 2405 330 2430 1
353 2404 504 2431 Innocentii
524 2404 570 2431 XII
590 2408 674 2431 const.
697 2404 739 2430 ed.
763 2410 891 2437 uncxcn,
919 2403 961 2430 die
987 2404 1021 2430 ⁶22

284 2447 447 2480 novembris,
468 2448 563 2482 pontis.
592 2455 621 2482 11,
646 2448 804 2475 confirmata
829 2447 907 2474 fuere
937 2456 1020 2483 quae-

284 2490 347 2517 dam
367 2491 474 2518 decreta
494 2500 541 2527 pro
561 2501 627 2527 pace
647 2493 718 2519 inter
738 2496 882 2527 utramque
902 2491 1021 2526 Congre-

283 2536 468 2570 gationem3et
482 2535 617 2563 Benedicti
632 2536 688 2562 xttt
699 2540 784 2563 const.
802 2536 842 2563 ed.
854 2543 1020 2570 MDCCxxvnt,

284 2580 327 2607 die
347 2579 380 2606 22
399 2579 475 2612 iunii,
496 2580 592 2614 pontif.
620 2587 652 2615 v,
680 2581 822 2608 mandatur
849 2581 964 2616 donatis,
993 2585 1022 2608 ut

285 2628 426 2654 exerceant
445 2623 602 2651 humilitatis
621 2632 711 2660 opera.

1057 224 1089 248 xi
1113 225 1161 249 Pr.

1060 278 1236 306 conventus
1248 273 1434 316 provinciae
1446 272 1628 305 huiusmodi
1639 272 1804 315 pecunias,

1061 327 1100 359 ad
1127 327 1215 370 ipsos
1242 326 1491 369 quomodolibet
1513 330 1710 369 spectantes,
1735 335 1804 368 per-

1061 381 1148 414 sonis
1173 380 1426 423 particularibus
1452 381 1489 412 ad
1516 390 1649 412 censum
1677 379 1804 410 tradere

1062 440 1235 477 nequeant,
1261 433 1316 466 sed
1334 434 1406 466 illas
1426 433 1457 465 in
1478 438 1523 466 tot
1541 433 1620 465 locis
1642 431 1803 464 montium

1061 487 1211 521 Gamerae
1238 493 1367 520 nostrae
1400 487 1597 530 apostolicae
1624 496 1688 518 non
1714 495 1805 517 vaca-

1060 540 1187 579 binum,
1212 541 1277 573 sive
1303 540 1456 573 censibus
1481 550 1553 572 cum
1581 539 1661 572 locis
1687 538 1750 581 piis
1775 543 1805 570 et

1061 593 1352 626 communitatilms
1368 591 1533 631 invcstirc,
1552 597 1605 624 aut
1621 591 1651 623 in
1668 590 1806 633 emptio-

1061 657 1133 679 nem
1157 647 1317 679 bonorum
1352 645 1516 678 stabilium
1558 644 1800 676 fructiferorum

1061 703 1251 730 convertere
1267 702 1445 738 eterogare
1465 701 1647 734 teneantur,
1663 700 1694 727 et
1712 694 1800 732 alias,

1061 756 1159 794 prout
1184 750 1320 782 uberius
1347 749 1535 782 continetur
1550 749 1579 781 in
1600 749 1732 782 decreto
1751 748 1805 780 de-

1060 804 1192 837 sinitorii
1219 803 1428 847 provincialis
1455 808 1652 835 memoratae
1674 800 1804 844 provin-

1061 856 1128 889 ciae
1156 857 1299 899 desuper
1324 860 1484 895 emanato,
1512 855 1634 887 tenoris
1666 854 1720 897 qui
1754 864 1804 886 se·

1061 910 1183 954 quitur,
1208 910 1377 943 videlicet:

1100 972 1141 1002 Ex
1164 973 1236 1002 actis
1252 971 1372 1011 capituli
1389 971 1580 1011 provincialis
1596 970 1720 1001 fratrum
1736 969 1802 1000 Car-

1060 1022 1226 1051 melitarum
1248 1021 1494 1051 Discalceatorum
1508 1020 1625 1050 Ordinis
1643 1019 1752 1049 BMN.
1767 1019 1801 1048 de

1060 1071 1155 1100 Monte
1169 1070 1300 1101 Carmelo
1317 1070 1483 1109 provinciae
1500 1078 1636 1098 romanae
1648 1068 1676 1098 S.
1695 1068 1800 1097 Maria<-

1060 1119 1198 1149 celebrati
1210 1119 1383 1158 Caprarolae
1396 1119 1423 1147 in
1438 1123 1537 1147 nostro
1549 1121 1692 1146 conventu
1706 1116 1734 1147 S.
1746 1116 1802 1146 Ma-

1060 1168 1121 1197 riae
1135 1169 1162 1197 in
1177 1168 1205 1198 S.
1225 1168 1365 1197 Silvestro
1379 1167 1406 1196 in
1420 1176 1492 1196 sess.
1511 1167 1687 1205 vespertina,
1705 1166 1757 1194 ser.
1770 1174 1799 1200 ιι,

1060 1217 1106 1246 die
1130 1226 1187 1246 xxn
1211 1217 1319 1246 mensis
1343 1216 1443 1255 aprilis
1466 1225 1554 1245 nnuc.
1580 1216 1649 1245 Cum
1673 1224 1705 1244 ex
1723 1224 1802 1243 crea-

1061 1266 1139 1295 tione
1162 1274 1302 1294 censuum
1325 1274 1391 1293 cum
1416 1265 1547 1303 personis
1571 1262 1800 1302 particularibus

1060 1323 1146 1352 saepe
1177 1313 1374 1352 deperdantur
1405 1317 1453 1341 aut
1487 1311 1648 1351 periculum
1679 1311 1801 1340 subeant

1061 1362 1196 1402 capitalia
1221 1367 1248 1392 et
1271 1371 1373 1392 eorum
1396 1362 1521 1398 fructus,
1555 1361 1680 1400 indeque
1704 1360 1802 1399 plures

1061 1411 1191 1450 quotidie
1215 1411 1280 1440 lites
1303 1410 1429 1440 debeant
1452 1410 1586 1447 excitari,
1620 1409 1802 1448 propositum

1062 1461 1126 1498 suit,
1161 1469 1196 1489 an
1229 1460 1267 1489 sit
1297 1459 1491 1489 ordinandum
1525 1468 1561 1488 ne
1594 1459 1622 1488 in
1657 1463 1803 1497 posterum

1062 1513 1223 1539 conventus
1252 1509 1365 1548 possint
1399 1508 1511 1538 tradere
1536 1507 1571 1537 ad
1595 1516 1715 1537 censum
1739 1516 1805 1546 per-

1063 1559 1142 1588 sonis
1165 1556 1392 1597 particularibus
1417 1556 1555 1596 pecunias
1584 1555 1804 1595 quomodolibet

1062 1605 1096 1634 ad
1129 1605 1206 1643 ipsos
1233 1608 1412 1643 spectantes,
1438 1603 1486 1632 sed
1511 1607 1668 1632 teneantur
1691 1603 1803 1632 reinve-

1063 1654 1133 1684 stire
1156 1654 1221 1683 illas
1243 1654 1272 1683 in
1296 1653 1366 1683 locis
1397 1653 1540 1682 montium
1571 1652 1615 1682 vel
1644 1662 1709 1682 cum
1732 1651 1803 1681 locis

1064 1703 1120 1742 piis
1147 1707 1196 1732 aut
1224 1702 1485 1733 communitatibus
1520 1706 1568 1731 aut
1598 1701 1626 1731 in
1657 1701 1804 1740 emptione

1064 1754 1208 1779 terrarum
1232 1749 1456 1787 frugiferaruim
1490 1753 1517 1778 et
1541 1748 1593 1777 lioc
1616 1758 1673 1777 non
1697 1747 1804 1777 intelli-

1063 1801 1148 1834 gatur
1183 1796 1206 1825 si
1237 1795 1360 1834 capitale
1394 1805 1451 1825 non
1485 1795 1623 1825 ascendat
1655 1796 1689 1824 ad
1722 1798 1802 1824 scuta

1063 1851 1192 1881 centum,
1218 1850 1287 1875 tunc
1311 1845 1388 1874 enim
1412 1848 1584 1874 recurratur
1612 1844 1646 1873 ad
1669 1843 1804 1873 definito-

1063 1893 1139 1922 rium
1162 1891 1352 1932 provinciale,
1370 1891 1446 1930 quod
1463 1900 1493 1921 re
1509 1895 1622 1920 mature
1639 1892 1803 1920 examinata

1063 1941 1202 1970 decernat
1231 1940 1300 1979 quid
1332 1939 1497 1969 faciendum
1521 1939 1550 1968 in
1578 1939 1694 1969 casibus
1717 1938 1803 1978 parti-

1063 1989 1229 2027 cularibus3
1251 1989 1305 2018 sub
1333 1990 1424 2027 poena
1452 1987 1653 2026 suspensionis
1681 1997 1732 2027 per
1754 1997 1802 2017 sex

1063 2048 1177 2068 menses
1201 2037 1349 2077 prioribus
1365 2036 1660 2072 contrafacientibus3
1685 2037 1760 2076 quod
1780 2036 1803 2065 si

1064 2088 1133 2117 hacc
1158 2096 1250 2126 poena
1273 2087 1367 2117 locuni
1392 2086 1500 2116 babere
1532 2096 1589 2117 non
1613 2086 1714 2126 possit,
1745 2087 1801 2115 sint

1064 2137 1167 2176 privati
1191 2146 1259 2166 voce
1276 2136 1368 2166 activa
1385 2140 1412 2165 et
1435 2136 1547 2175 passiva
1572 2144 1623 2175 per
1639 2135 1714 2165 idem
1735 2140 1805 2165 tcm-

1064 2196 1132 2225 pus:
1157 2194 1329 2224 responsum
1354 2189 1396 2214 est
1419 2185 1593 2214 affirmative
1617 2194 1669 2224 per
1691 2189 1803 2214 secreta

1063 2232 1198 2269 suffragia
1226 2241 1292 2261 cum
1320 2231 1466 2260 omnibus.
1488 2249 1518 2252 -
1534 2231 1605 2260 item
1623 2231 1803 2269 propositum

1064 2280 1127 2315 fuit,
1147 2288 1199 2318 pro
1222 2278 1324 2308 maiori
1338 2279 1475 2308 firmitate
1492 2278 1678 2317 supradictae
1689 2278 1805 2307 ordina-

1065 2329 1163 2363 tionis,
1173 2337 1221 2365 an,
1235 2327 1358 2357 servatis
1370 2326 1533 2363 servandis,
1547 2326 1802 2355 sitrecurremlum

1063 2377 1098 2406 ad
1121 2381 1254 2406 sanctum
1278 2376 1428 2405 dominum
1456 2379 1588 2405 nostrum
1613 2375 1804 2414 supplicando

1065 2434 1116 2464 pro
1139 2425 1362 2454 confirmatione
1385 2424 1413 2453 in
1431 2425 1520 2453 torma
1544 2423 1660 2452 Brevis:
1686 2432 1804 2462 respow

1063 2483 1126 2504 sum
1150 2478 1192 2503 est
1216 2473 1389 2503 affirmative
1411 2482 1477 2502 cnm
1502 2472 1604 2510 viginti
1628 2477 1690 2502 octo
1713 2482 1745 2501 ex
1764 2472 1804 2501 via

1064 2522 1137 2560 giuti
1160 2531 1275 2551 novem.
1302 2539 1335 2542 —
1365 2521 1412 2550 Fr.
1436 2520 1616 2550 meffls
1648 2530 1662 2549 a
1692 2520 1719 2549 S.
1748 2519 1803 2548 Ma*

1065 2571 1128 2605 ria,
1160 2570 1368 2610 provincialis,
1400 2574 1454 2599 etc.
1478 2587 1516 2591 —
1545 2568 1591 2598 Fr.
1616 2568 1757 2598 Ersrssit‘s
1787 2576 1802 2597 a

1066 2619 1190 2658 Sanctis,
1213 2619 1332 2659 capituli
1355 2618 1540 2659 secretarius,
1564 2622 1618 2647 etc.

1697 214 1760 248 397
1808 224 1858 250 An.
1878 223 1906 249 c.
1930 222 1998 250 1710

1887 979 1997 1001 Der-retum

1814 1007 1944 1032 praedictum
1973 1009 1998 1027 de

1814 1040 1908 1059 ΙῚΕΕΙΙΠΙΗ
1942 1040 1998 1054 [DYS-

1814 1061 1900 1079 «tuendis
1912 1067 1930 1079 in
1947 1062 1998 1080 lucis

1813 1090 1929 1109 montium.
1955 1087 1998 1106 sire

1812 1119 1858 1132 Cilm
1883 1119 1999 1133 (omittunt-

1813 1140 1891 1159 tatibus
1917 1140 1948 1159 vet
1978 1141 1997 1159 iu

1813 1169 1874 1186 terris
1906 1166 1998 1186 fructife-

1814 1193 1998 1218 ris,cun1q=1.«.taru

1814 1219 1944 1245 exceptione.
