2269 3203
235 219 284 247 An.
305 218 333 248 C.
353 219 417 247 1702

463 210 505 245 56

429 269 637 314 spitalitatem
671 280 748 313 erga
781 279 941 314 pauperes
969 268 1113 302 infirmos
1140 273 1172 302 et

430 324 694 359 convalescentes
721 333 882 363 exercere,
912 322 1043 366 illisque
1067 322 1170 354 inser-

431 377 498 412 vire
523 378 682 418 debeant;
705 387 815 411 verum
838 376 1011 418 contingat,
1030 380 1075 415 ut,
1093 375 1168 407 dum

431 431 494 475 ipsi
520 436 719 476 exponentes
736 428 1000 474 processionibus
1018 426 1167 471 publicis,

432 494 512 528 quae
531 494 590 528 pro
606 489 752 527 tempore
771 486 981 526 peraguntur,
997 480 1167 519 intersunt,

430 537 588 581 praedicti
614 546 774 580 pauperes
809 534 1069 568 convalescentes
1106 542 1167 576 ope

430 596 462 625 et
479 590 661 624 assistentia
679 588 820 622 destituti
842 591 1050 626 remaneant;
1070 584 1168 628 idque

433 654 471 677 eo
496 642 597 686 magis
623 642 759 682 eveniat,
781 640 867 684 quod
885 649 950 672 non
975 638 1019 671 ita
1043 637 1075 671 in
1100 637 1168 671 illa-

431 707 501 730 rum
527 695 664 740 partium
697 706 733 727 ac
769 694 800 727 in
827 694 936 726 ltaliae
967 691 1167 734 aliarumque

430 750 580 792 Europae
608 747 775 790 regionum
800 744 1011 779 conventibus
1037 744 1168 786 religio-

430 813 540 836 sorum
578 811 731 834 numerus
768 801 917 843 Frequens
945 798 992 839 sit,
1020 798 1167 841 adeoque

433 855 530 889 dividi
556 865 621 888 non
647 853 755 898 possit,
783 858 816 885 ut
840 857 871 885 et
899 852 1057 885 dictorum
1084 861 1165 884 con—

430 907 662 943 valescentium
687 905 937 940 necessitatibus
973 909 1006 938 et
1037 915 1165 938 memo-

430 962 508 995 ratis
525 959 790 1005 processionibus
809 958 999 992 comitandis
1019 956 1168 1000 sufficiat)

432 1015 506 1049 dicti
533 1018 729 1058 exponentes
748 1017 932 1056 opportune
957 1011 989 1044 in
1015 1010 1169 1054 praemis·

430 1068 473 1101 sis
498 1079 515 1101 a
540 1067 631 1100 nobis
657 1066 817 1110 provideri
843 1071 875 1098 et
899 1071 933 1098 ut
959 1065 1041 1098 infra
1066 1064 1169 1097 indul-

429 1122 499 1164 geri
524 1130 730 1164 summopere
756 1119 954 1153 desiderent.

471 1175 486 1218 ξ
510 1175 541 1207 2.
564 1174 626 1207 Nos
648 1174 753 1217 igitur,
772 1174 917 1217 ipsorum
936 1172 1166 1216 exponentium

351 1242 385 1255 ωε
412 1229 507 1261 —votis
534 1228 593 1260 liac
618 1228 649 1260 in
676 1238 719 1264 re,
747 1232 903 1270 quantum
933 1237 1004 1259 cum
1030 1225 1167 1258 Domino

430 1292 611 1325 possumus,
639 1280 855 1314 favorabiliter
888 1290 1031 1313 annuere
1056 1279 1168 1312 volen-

430 1341 485 1375 teS,
524 1345 702 1377 eorumque
735 1334 916 1376 singulares
956 1343 1114 1376 personas
1151 1344 1167 1365 a

430 1388 593 1432 quibusvis
628 1386 991 1427 excommunicatiouis,
1030 1397 1168 1431 suspen-

428 1442 527 1475 sionis
545 1448 575 1475 et
592 1441 762 1481 interdicti,
785 1441 919 1484 aliisque
938 1441 1167 1474 ecclesiasticis

429 1496 606 1535 sententiis,
626 1495 771 1528 censuris
796 1500 827 1528 et
852 1494 977 1538 poenis,
995 1506 1012 1527 a
1031 1495 1100 1527 iure
1120 1495 1166 1527 vel

430 1549 468 1581 ab
495 1549 637 1585 homine,
665 1548 776 1591 quavis
803 1548 972 1581 occasione
999 1549 1046 1581 vel
1073 1550 1167 1580 causa

429 1602 513 1642 latis,
540 1602 564 1635 si
591 1602 705 1645 quibus
722 1601 970 1645 quomodolibet
995 1601 1166 1634 innodatae

429 1655 579 1695 existunt,
605 1656 643 1688 ad
665 1655 813 1688 effectum
835 1654 1054 1698 praesentium
1081 1655 1168 1687 dum-

431 1714 515 1742 taxat
545 1710 821 1753 consequendum,
849 1709 964 1741 barum
1001 1708 1084 1741 serie
1118 1708 1169 1741 ab·

430 1764 591 1795 solventes
618 1767 649 1795 et
680 1763 843 1795 absolutas
879 1762 948 1795 sore
985 1766 1168 1801 censentes,

429 1816 719 1860 supplicationibus
756 1827 868 1849 eorum
906 1815 1036 1849 nomine
1073 1815 1168 1848 nobis

430 1880 526 1913 super
552 1870 614 1902 hoc
639 1869 807 1902 humiliter
831 1869 992 1912 porrectis
1013 1868 1166 1909 inclinati,

431 1923 750 1965 dev,vene1‘al›ili111n
798 1923 931 1955 fratrum
978 1928 1167 1955 nostrorum

431 1977 463 2010 S.
484 1977 521 2009 R.
540 1977 572 2009 E.
592 1976 803 2010 cardinalium
829 1976 969 2020 negotiis
990 1981 1021 2009 et
1045 1977 1169 2009 consul-

433 2030 607 2063 tationibus
640 2030 869 2074 episcoporum
906 2035 938 2063 et
970 2030 1168 2073 regularium

429 2084 687 2127 praepositorum
713 2084 862 2124 consilio,
890 2083 1040 2117 omnibus
1062 2089 1093 2117 et
1109 2084 1169 2117 sin-

430 2136 514 2178 gulis
549 2142 742 2170 memoratae
772 2136 1039 2180 congregationis
1075 2147 1170 2180 supe-

429 2190 586 2229 rioribus,
611 2190 829 2223 confratribus
855 2196 887 2224 et
911 2189 1059 2234 per'sonis
1085 2201 1170 2224 nunc

431 2249 462 2276 et
487 2253 545 2287 pro
573 2248 716 2286 temporo
743 2243 962 2285 existentibus,
989 2249 1023 2277 ut
1048 2244 1108 2288 ipsi
1130 2245 1169 2278 de

430 2301 537 2329 cetero
564 2296 617 2339 (ne
636 2296 675 2328 ab
694 2296 742 2336 iis,
761 2288 877 2340 quibus
902 2297 940 2329 ad
966 2297 1169 2331 infirmorum

432 2354 464 2383 et
488 2349 780 2383 convalescentium
804 2350 836 2383 in
858 2350 959 2394 ipsius
985 2350 1171 2394 Congreget-

431 2402 526 2436 tionis
559 2402 774 2445 hospitalibus
812 2402 1001 2446 degentium
1034 2404 1172 2437 subven-

431 2456 551 2490 tionem
577 2461 610 2488 et
635 2456 800 2489 utilitatem
827 2457 941 2490 sedulo
963 2463 1086 2498 vacant,
1113 2457 1170 2490 mi-

431 2509 572 2542 nisteriis
590 2508 822 2551 distral‘iantur)
840 2510 1103 2553 processionibus
1118 2521 1170 2543 su-

431 2561 594 2606 pradictis,
618 2572 818 2604 quacumque
837 2573 873 2594 ex
896 2565 999 2604 causa,
1015 2574 1051 2596 ex
1068 2574 1167 2604 more,

431 2615 479 2649 vel
506 2615 752 2656 consuetudine,
774 2619 828 2647 aut
846 2615 924 2649 alias
942 2627 1001 2661 pro
1021 2622 1166 2662 tempore

1005 220 1186 245 BULLARIUM
1211 219 1368 244 ROMANUM

1963 217 2015 247 An,
2033 218 2062 246 C.
2077 218 2149 247 1702

1215 267 1383 307 faciendis,
1410 266 1460 300 vel
1487 276 1504 299 a
1528 264 1692 310 quibusvis
1712 265 1890 300 Ordinariis
1912 266 1956 301 lo-

1214 330 1327 353 corum
1353 318 1545 358 indicendis,
1564 319 1722 352 interesse
1753 319 1888 352 minime
1908 324 1956 353 te-

1214 378 1362 411 neantur,
1388 382 1450 405 nec
1474 372 1513 405 ad
1538 372 1570 405 id
1595 372 1716 417 ubique
1734 374 1879 407 locorum
1897 384 1957 417 per

1213 425 1400 459 Ordinarios
1432 425 1628 466 huiusmodi,
1655 436 1711 459 seu
1748 427 1826 460 alias
1862 437 1957 470 quas-

1213 488 1352 521 cumque
1370 488 1539 521 personas,
1558 479 1669 523 quavis
1686 480 1880 514 auctoritate
1904 482 1955 514 vel

1213 530 1442 574 superioritate
1475 531 1663 574 fungentes,
1696 532 1787 566 inviti
1811 543 1867 566 seu
1899 543 1955 566 no-

1212 584 1318 618 lentes
1344 584 1415 627 cogi
1437 585 1486 618 vel
1513 585 1665 629 compelli
1692 585 1826 628 possint,
1845 590 1956 619 aucto-

1212 637 1306 672 ritate
1347 639 1542 682 apostolica,
1570 644 1685 673 tenore
1720 639 1954 684 praesentium,

1212 692 1424 725 concedimus
1447 697 1478 726 et
1502 693 1721 736 indulgemus.

1256 745 1271 788 ἓ,
1295 744 1327 779 3.
1351 745 1580 787 DecernenteS,
1606 746 1737 779 easdem
1763 751 1952 790 praesentes

1212 799 1335 832 litteras
1360 809 1486 843 semper
1503 799 1624 841 firmas,
1643 799 1764 833 validas
1791 804 1823 832 et
1847 799 1953 833 effica-

1212 862 1265 884 ces
1290 852 1429 885 existere
1454 858 1486 886 et
1511 853 1595 893 sore,
1621 863 1762 896 suosque
1788 852 1954 896 plenarios

1213 912 1242 940 et
1267 904 1408 949 integros
1434 905 1567 939 effectus
1597 906 1704 940 sortiri
1736 910 1768 939 et
1792 905 1952 946 obtinere,

1212 969 1247 990 ac
1272 958 1346 998 illis,
1369 959 1407 992 ad
1434 970 1512 1002 quos
1538 964 1663 1003 spectat
1680 964 1710 992 et
1728 969 1786 1002 pro
1807 963 1953 1002 tempore

1212 1012 1484 1055 quandocumspie
1521 1012 1695 1056 spectabit,
1733 1013 1764 1045 in
1801 1012 1953 1045 omnibus

1212 1069 1244 1098 et
1268 1075 1326 1108 per
1351 1065 1460 1098 omnia
1489 1065 1681 1109 plenissime
1712 1065 1894 1108 suffragari,
1921 1068 1954 1098 et

1211 1118 1250 1151 ab
1267 1119 1313 1152 eis
1328 1119 1508 1163 respective
1522 1119 1755 1154 inviolabiliter
1769 1119 1953 1160 observari,

1211 1172 1320 1216 sicque
1347 1172 1377 1205 in
1412 1173 1597 1216 praemissis
1634 1183 1694 1217 per
1730 1183 1953 1216 quoscumque

1212 1226 1333 1259 iudices
1370 1226 1554 1259 ordinarios
1586 1233 1618 1260 et
1650 1227 1828 1268 delegatos,
1857 1226 1953 1259 etiam

1211 1291 1379 1313 causarum
1398 1280 1507 1323 palatii
1527 1280 1695 1323 apostolici
1718 1280 1892 1318 auditores,
1907 1280 1953 1311 iu-

1212 1333 1309 1366 dicari
1336 1339 1367 1366 et
1391 1333 1518 1366 deliniri
1546 1334 1689 1373 debere;
1710 1344 1745 1366 ac
1771 1333 1896 1365 irritum
1922 1338 1955 1366 et

1211 1387 1306 1419 inane
1331 1387 1357 1419 si
1384 1397 1477 1420 secus
1513 1397 1609 1430 super
1646 1387 1695 1419 liis
1721 1398 1738 1418 a
1763 1396 1951 1430 quoquam,

1211 1441 1322 1484 quavis
1362 1439 1573 1479 auctoritate,
1599 1440 1741 1472 scienter
1776 1440 1827 1472 vel
1862 1439 1953 1482 igno-

1211 1499 1330 1533 ranter,
1356 1493 1531 1536 contigerit
1555 1493 1714 1526 attentari.

1254 1548 1268 1591 ξ
1301 1548 1331 1580 4.
1366 1547 1436 1581 Non
1460 1548 1663 1581 obstantibus
1691 1547 1891 1591 praemissis,
1916 1557 1952 1578 ac

1211 1601 1501 1635 constitutionibus
1529 1607 1560 1634 et
1588 1601 1847 1634 ordinationibus
1875 1610 1953 1643 apo-

1212 1655 1345 1695 stolicis,
1365 1666 1500 1696 necnon,
1519 1660 1678 1698 quatenus
1695 1654 1835 1698 opussit,
1848 1652 1953 1687 dictae

1211 1708 1489 1751 Cougregafionis,
1525 1708 1621 1741 etiam
1654 1707 1849 1744 iuramento.
1876 1717 1954 1740 con-

1213 1762 1396 1795 firmatione
1422 1761 1614 1805 apostolica,
1642 1762 1691 1794 vel
1717 1760 1828 1804 quavis
1852 1760 1953 1793 firmi-

1214 1821 1276 1849 tate
1303 1815 1365 1849 alia
1389 1814 1559 1855 roboratis,
1591 1814 1719 1847 statutis
1755 1819 1786 1846 et
1818 1824 1953 1846 consue-

1214 1869 1379 1903 tudinibus
1396 1895 1404 1909 ,
1441 1867 1619 1911 privilegiis
1645 1877 1789 1910 quoque,
1817 1865 1952 1899 indultis

1213 1926 1245 1954 et
1261 1921 1379 1955 litteris
1397 1921 1629 1964 apostolicisin
1645 1919 1844 1953 contrarium
1862 1930 1953 1963 prae-

1214 1975 1385 2008 missorum
1411 1974 1660 2018 quomodolibet
1684 1972 1855 2012 concessis,
1875 1982 1953 2005 con-

1214 2028 1349 2061 firmatis
1374 2033 1406 2061 et
1438 2027 1618 2067 innovatis,
1652 2026 1768 2070 quibus
1799 2026 1951 2059 omnibus

1213 2087 1245 2115 et
1269 2081 1418 2124 singulis,
1452 2080 1582 2114 illorum
1608 2084 1739 2112 tenores
1763 2079 1948 2122 praesenti-

1214 2135 1273 2168 bus
1297 2145 1356 2178 pro
1389 2135 1485 2178 plene
1509 2139 1541 2166 et
1566 2132 1764 2166 sufficienter
1788 2132 1951 2176 expressis

1214 2199 1249 2222 ac
1274 2188 1312 2221 de
1337 2188 1436 2221 verbo
1461 2186 1499 2219 ad
1517 2185 1649 2219 verbum
1674 2185 1805 2218 insertis
1827 2186 1952 2218 haben-

1215 2250 1271 2284 112³,
1299 2243 1364 2276 illis
1389 2242 1467 2276 alias
1493 2241 1525 2273 in
1562 2251 1619 2274 suo
1650 2240 1768 2274 robore
1797 2250 1950 2284 perman-

1214 2296 1305 2337 suris,
1320 2296 1358 2329 ad
1369 2294 1623 2340 praemissorum
1640 2293 1799 2335 effectum,
1810 2293 1869 2326 hac
1884 2292 1951 2326 vice

1215 2351 1388 2390 dumtaxat,
1416 2348 1601 2392 specialiter
1626 2353 1656 2381 et
1681 2357 1832 2390 expresse
1857 2347 1952 2380 dero-

1214 2414 1295 2444 mus3
1306 2403 1487 2445 ceterisque
1501 2401 1673 2434 contrariis
1683 2401 1950 2444 quibuscumque.

1259 2456 1329 2500 3⁷25.
1366 2456 1518 2488 Volumus
1555 2460 1662 2487 autem
1695 2459 1731 2485 ut
1761 2454 1950 2487 earumdem

1213 2508 1435 2554 praesentium
1456 2508 1635 2540 litterarum
1657 2507 1880 2549 transumptis,
1894 2517 1950 2540 seu

1214 2562 1380 2606 exemplis,
1398 2561 1493 2595 etiam
1512 2560 1688 2603 impressis,
1703 2570 1798 2592 manu
1817 2560 1951 2593 alicuius

1214 2615 1330 2651 notarii
1370 2613 1490 2659 publici
1531 2612 1741 2657 subscriptis,
1777 2618 1809 2647 et
1843 2612 1950 2656 sigillo

1991 761 2112 782 Clausulas.

2031 1557 2147 1581 [irrogatio

1962 1586 2126 1606 contrariorum.

1997 2460 2146 2486 Transumpto·

1962 2493 2006 2508 rum
2023 2486 2082 2507 tides.
