2269 3203
121 192 170 219 An.
191 191 219 218 C.
238 191 304 220 ¹707

315 241 447 275 ducales
477 243 615 276 ministri
650 243 789 276 subditis
816 249 844 277 et
874 243 1060 276 feudatariis

316 296 411 328 huius
436 295 572 329 Sanctae
595 296 687 330 Sedis
708 298 855 330 locorum
879 296 1059 337 Montanae,

313 349 479 382 (listernac
506 354 538 381 et
563 348 751 389 Cortansae,
770 360 833 382 non
861 349 928 381 sine
956 349 1059 382 mani-

314 400 417 435 scsto⁴
438 402 551 436 directi
577 408 609 435 et
625 402 769 446 supremi
790 402 924 435 dominii
943 403 980 435 ad
1001 413 1058 435 nos

313 460 344 487 et
369 456 406 488 ad
425 455 571 489 eamdem
598 454 713 488 Sedem
734 455 764 488 in
783 455 960 499 praedictis
979 456 1057 488 locis

311 508 405 541 unice
440 514 471 541 et
503 509 659 552 privative
697 509 897 553 spectantis,
928 509 1055 552 pridem

312 561 511 601 intulerant,
536 572 723 605 novasque,
755 573 833 605 quas
860 562 905 595 illi
934 562 1055 594 inferre

309 614 447 657 praefati
486 614 624 646 ministri
660 614 888 654 minabantur,
916 615 1055 648 instante

309 667 429 700 dilecto
449 667 514 700 ntio
541 667 767 700 commissario
786 668 931 710 generali
949 667 1055 700 Came-

310 731 363 753 rae
391 727 520 753 nostrae
542 721 753 764 apostolicae,
771 732 829 764 per
850 721 1002 754 dilectum
1021 720 1055 752 ti-

309 773 385 806 lium
400 779 546 806 nostrum
561 774 714 807 loannem
734 774 908 818 Baptistam
924 774 955 806 S.
971 773 1007 806 R.
1021 774 1053 806 E.

287 843 290 847 ·
308 826 507 860 cardinalem
526 826 693 871 Spinulam
716 833 948 871 nuncupatum,
968 828 1054 860 eius-

307 880 379 913 dem
397 879 475 914 SR.
487 880 521 913 E.
537 880 762 922 camerarium,
779 880 829 913 die
848 891 906 914 vin
924 882 1052 924 augusti

306 943 417 967 11110011
440 933 629 977 expeditum
653 940 750 978 atquc
774 934 999 967 transmissum
1021 940 1052 967 et

306 988 497 1021 eorumdem
517 988 685 1022 feudorum
704 988 845 1032 syndicis
866 993 1052 1033 praesenta-

308 1047 395 1080 tum,
425 1051 553 1074 necnon
581 1042 776 1082 feudatariis,
803 1052 842 1075 eo
872 1052 935 1085 quo
960 1041 1051 1074 licuit

306 1096 415 1135 modo,
441 1095 625 1129 intimatum
665 1095 775 1128 suisset
813 1096 1046 1134 monitorium,

305 1159 369 1192 quo
387 1148 533 1181 districte
557 1148 797 1191 prohibebatur
816 1159 855 1180 ne
878 1148 976 1181 alium
997 1159 1050 1179 su-

304 1212 453 1245 premum
474 1201 658 1242 dominum,
678 1207 809 1245 praeter
827 1201 943 1234 Sedem
964 1202 1049 1244 Apo-

303 1255 449 1289 stolicam
475 1261 506 1289 et
544 1255 722 1288 Romanam
750 1255 937 1294 Ecclesiam,
957 1264 1048 1287 reco-

304 1319 459 1352 gnoscere
486 1309 656 1351 auderent)
685 1308 751 1349 suit,
768 1309 804 1340 ad
832 1308 971 1340 similem
999 1318 1048 1350 pa-

304 1362 499 1396 trimonialis
519 1363 642 1396 ducalis
660 1362 918 1405 requisitionem,
935 1372 1046 1393 mense

303 1416 501 1460 septembris
525 1426 647 1455 macen,
667 1427 726 1459 per
746 1415 921 1455 Cameram,
949 1426 1044 1458 quam

302 1475 417 1504 vocant
434 1475 675 1513 computorum,
695 1468 781 1502 aliud
797 1469 995 1512 publicatum
1015 1474 1043 1501 et

161 1523 483 1568 con-mnumrespective
508 1523 691 1556 intimatum
722 1522 866 1555 edietum
898 1532 954 1553 sen
989 1522 1045 1554 de.-

107 1565 219 1589 potestatis
252 1565 291 1584 lai·
663 1576 686 1585 .,
866 1575 871 1579 .
925 1574 930 1579 .

108 1590 160 1610 cain
175 1591 275 1612 „tiit-iun..
303 1583 440 1617 cretum,
465 1587 538 1620 quo,
561 1587 691 1619 praevia
717 1576 949 1608 declarationis
973 1575 1045 1607 nul-

303 1630 401 1664 litatis
422 1637 452 1664 et
470 1630 679 1663 invaliditatis
698 1629 845 1662 eiusdem
864 1628 1042 1668 monitorii‚

303 1689 364 1716 tam
384 1684 462 1726 ipsis
481 1682 667 1716 feudatariis
685 1682 750 1725 (qut
772 1683 908 1714 eatenus
926 1681 1041 1713 Sedent

303 1736 503 1779 praedictam
547 1742 711 1779 tamquam
751 1735 916 1767 dominam
950 1734 1044 1766 dire-

301 1796 407 1829 ctam,
438 1790 570 1832 eiusque
603 1798 785 1832 supremam
817 1788 1042 1820 auctoritatem

299 1848 491 1877 constanter
504 1853 622 1885 recogn
630 1840 783 1882 oreranff,
794 1841 873 1884 ipsis
885 1840 980 1873 etiam
993 1841 1043 1874 Sa-

298 1896 435 1931 baudiae
454 1896 588 1930 ducibus
608 1896 636 1928 id
656 1894 928 1939 approbantibus)
948 1905 1041 1938 quam

299 1951 439 1995 syndicis
480 1950 726 1983 universitatum
766 1954 861 1992 atque
899 1949 1043 1981 vassallis

299 2006 360 2038 sub
381 2004 579 2048 gravissimis
604 2003 721 2046 poenis
752 2001 1039 2045 p1·a=i·cipiel]atur,

299 2058 386 2101 quod
405 2058 444 2091 de
463 2062 572 2090 cetero
594 2066 778 2100 supremam
799 2061 919 2088 tantum
938 2055 1040 2099 ipsius

298 2110 427 2145 Victorii
455 2110 589 2143 Amedei
621 2109 712 2142 ducis
743 2109 968 2141 auctoritatem
995 2120 1041 2142 re-

297 2169 558 2207 cognoscerent3
578 2163 617 2196 ad
644 2162 741 2195 huius
760 2173 836 2195 vero
863 2163 958 2195 edicti
981 2173 1041 2207 pu-

296 2217 505 2251 blicationem
541 2216 758 2261 praefatarum
794 2216 1038 2249 universitatum

296 2270 445 2315 syndicos
480 2269 508 2303 vi
547 2276 701 2313 metuque
740 2270 870 2303 ducales
901 2270 1038 2303 ministri

296 2323 495 2368 compellere
529 2328 719 2363 tentarant;
747 2323 963 2367 omnibusque
990 2334 1039 2356 re-

297 2376 491 2416 nuentibus,
519 2377 670 2410 nonnulli
698 2377 729 2408 in
756 2377 881 2409 civitate
908 2378 1036 2410 Astensi

296 2429 519 2473 deprehensi,
546 2429 734 2461 carceribus
760 2430 955 2473 mancipati,
983 2430 1036 2462 alii

297 2493 385 2522 vero,
403 2482 456 2526 qui
476 2483 514 2515 ad
537 2482 624 2515 illam
652 2483 808 2516 accedere
834 2489 1034 2523 recusarunt,

330 2554 343 2580 1
368 2553 446 2580 Deest
467 2560 515 2579 vox
536 2556 711 2587 contemptu,
733 2554 774 2580 vel
794 2553 890 2581 similis
911 2556 946 2590 (a.
968 2562 1015 2588 Τ.).

331 2597 347 2624 2
367 2595 438 2624 Edit.
458 2596 538 2623 Malu.
559 2596 623 2632 legit
643 2603 846 2633 recoqnovercil
866 2606 902 2635 ta.
920 2600 972 2635 T.).

384 2651 464 2679 Bau.
482 2650 566 2679 Rom.
587 2665 621 2671 -·
644 2651 705 2680 Vol.
726 2652 800 2680 XXI.
946 2652 980 2679 36

943 195 1084 219 cicutas
1111 197 1142 219 XI
1168 198 1212 220 PR

1743 192 1800 226 281

1104 245 1297 279 militaribus
1325 247 1428 291 copiis
1447 259 1463 279 a
1483 249 1574 280 dictis
1602 249 1704 281 feudis
1730 250 1847 283 violen-

1104 304 1151 331 ter
1177 300 1332 340 extracti,
1360 299 1511 333 similiter
1543 301 1663 334 detenti
1692 303 1818 335 suerunt
1840 331 1846 343 ,

1102 359 1205 385 morte
1221 353 1316 386 etiam
1333 354 1446 397 sclopo
1463 354 1550 387 illata
1565 355 1677 387 alteri¹
1698 366 1733 388 ex
1753 355 1843 400 ipsis,

1102 406 1154 449 qui
1183 406 1255 449 suga
1281 407 1341 439 sibi
1369 409 1544 441 consulere
1572 409 1754 441 studuerat.

1107 494 1109 497 ,
1144 460 1158 503 g
1184 458 1215 493 8.
1243 459 1307 494 Nec
1325 461 1430 493 minor
1455 462 1605 505 apparuit
1632 462 1693 495 alia
1711 469 1844 496 senatus

1099 564 1173 598 bilis
1200 566 1299 598 l'rater
1316 567 1492 610 episcopus
1512 567 1672 610 Aquensis
1692 580 1708 601 a
1728 568 1844 601 divinis

1098 618 1322 661 suspendisset
1335 619 1515 662 parochum
1531 620 1592 653 loci
1612 620 1842 659 Mombaldoni,

1098 670 1167 703 eius
1193 671 1336 705 dioecesi
1373 672 1529 713 subiecti,
1557 674 1701 717 quamvis
1733 674 1783 706 siti
1811 675 1841 707 in

1098 724 1222 757 ditione
1243 725 1411 769 temporali
1435 726 1579 759 eiusdem
1598 726 1731 759 Victorii
1751 728 1843 760 Ame-

1097 777 1148 809 dei
1176 778 1289 815 ducis,
1317 789 1377 821 pro
1411 780 1592 812 coercenda
1619 780 1705 812 illius
1731 780 1842 812 inobe-

1097 830 1230 871 dientia,
1248 842 1283 863 ex
1305 842 1367 875 quo
1393 842 1585 876 comparere
1606 833 1842 866 contumaciter

1096 889 1311 924 recusaverat,
1339 885 1415 918 licet
1440 885 1562 928 pluries
1588 892 1717 919 vocatus
1743 886 1780 918 ad
1807 897 1840 919 se

1096 938 1339 980 cvpurgandum
1380 939 1418 971 de
1453 939 1604 982 gravibus
1641 939 1767 973 delictis
1800 940 1840 972 de

1093 990 1209 1033 quihus
1230 991 1334 1024 suerat
1351 992 1487 1032 delatus,
1508 998 1538 1025 et
1563 992 1728 1035 signanter
1752 994 1839 1036 quod

1093 1043 1125 1075 in
1152 1045 1360 1077 manifestum
1378 1056 1414 1078 ac
1440 1046 1667 1079 detestabilem
1694 1051 1839 1079 contem-

1092 1103 1182 1140 ptum
1209 1098 1343 1131 clarium
1377 1099 1415 1131 ad
1450 1099 1635 1132 divinorum
1661 1100 1838 1144 participa-

1093 1150 1215 1183 tionem
1242 1151 1424 1184 admisisset
1448 1152 1583 1185 comites
1608 1152 1832 1195 Franciscuin,

1091 1203 1291 1237 Dominicum
1324 1211 1356 1238 et
1387 1205 1575 1238 Michaelem
1602 1216 1677 1239 suos
1710 1207 1834 1247 fratres,

1091 1268 1150 1300 per
1167 1258 1374 1301 publicarum
1401 1260 1633 1292 schedularum
1648 1260 1834 1294 affixionem

1089 1317 1258 1353 sequutum
1296 1312 1348 1345 die
1382 1323 1400 1345 v
1427 1313 1581 1345 {obruant
1615 1323 1714 1347 mucci
1754 1319 1834 1347 tam-

1089 1374 1184 1405 quam
1201 1365 1536 1398 excommunicatione
1554 1366 1699 1399 irretitos
1714 1367 1835 1400 denun-

1088 1417 1199 1457 ciatos,
1218 1418 1365 1461 ipsisque
1385 1419 1612 1461 praesentibus
1633 1424 1664 1452 et
1682 1420 1834 1454 assisten·

1088 1470 1172 1502 tibus
1198 1471 1404 1513 celebrasset,
1425 1472 1536 1505 habito
1554 1473 1594 1505 ad
1616 1480 1831 1507 memoratum

1087 1529 1232 1556 senatum
1251 1535 1384 1557 recursu
1403 1536 1461 1568 per
1480 1532 1726 1569 procuratorem
1743 1527 1833 1560 fisca-

1088 1578 1148 1610 lem
1175 1578 1335 1619 laicalem,
1352 1580 1592 1623 promulgatum
1615 1580 1672 1612 suit
1690 1581 1830 1614 edictum

1086 1630 1124 1662 ab
1139 1632 1253 1664 eodem
1273 1638 1386 1665 senatu
1405 1632 1457 1665 die
1479 1643 1501 1665 11
1521 1633 1706 1666 decembris
1721 1644 1829 1675 uincet,

1085 1695 1149 1728 quo
1175 1686 1357 1728 praefatum
1383 1686 1574 1729 episcopum
1600 1688 1738 1727 monuit,
1772 1689 1830 1720 suh

1086 1741 1190 1781 poena
1224 1739 1422 1772 reductionis
1460 1739 1624 1773 honorum
1663 1746 1829 1784 tempora-

1086 1791 1174 1832 lium,
1189 1802 1229 1825 ne
1245 1793 1349 1835 ipsum
1364 1793 1542 1836 parochum
1563 1799 1651 1827 extra
1669 1794 1828 1828 ditionem

1086 1845 1231 1878 ducalem
1258 1853 1424 1886 evocaret,
1451 1847 1507 1879 sed
1535 1847 1565 1879 in
1592 1847 1647 1879 illa
1673 1848 1828 1881 vicarium

1085 1899 1274 1942 deputaret;
1303 1900 1409 1933 eidem
1442 1901 1586 1944 parocho
1619 1901 1827 1944 prohibendo

1085 1962 1124 1984 ne
1150 1952 1225 1985 alibi
1251 1958 1483 1996 compareret,
1511 1953 1569 1985 sub
1595 1953 1693 1986 simili
1721 1957 1828 1997 poena

1084 2005 1283 2039 reductionis
1300 2006 1457 2040 bonorum
1473 1998 1713 2050 temporalium;
1730 2018 1828 2051 super

1083 2058 1174 2091 cuins
1201 2059 1297 2092 edicti
1323 2059 1471 2093 affixione
1498 2060 1529 2092 in
1555 2060 1677 2104 palatio
1700 2066 1829 2104 praeto--

1084 2111 1132 2145 rio
1158 2115 1312 2156 sequuta,
1339 2113 1477 2157 sumptis
1503 2119 1614 2146 contra
1639 2114 1742 2157 ipsum
1770 2125 1826 2158 pa-

1083 2166 1217 2198 rochum
1245 2177 1304 2210 per
1327 2166 1450 2199 curiam
1477 2167 1697 2211 episcopalem
1725 2168 1827 2200 insor-

1082 2220 1290 2260 mationihus,
1311 2230 1417 2263 eoque
1436 2221 1467 2252 in
1489 2221 1691 2253 contumacia
1717 2232 1826 2265 perse-

1082 2279 1222 2313 verante,
1250 2279 1345 2316 atque
1372 2272 1488 2305 divinis
1515 2274 1731 2313 ministrante,
1755 2285 1825 2307 nec-

1082 2337 1145 2359 non
1172 2327 1202 2359 in
1229 2326 1424 2369 parochialis
1451 2326 1546 2359 officii
1574 2326 1729 2359 exercitio
1754 2337 1824 2360 sese

1081 2380 1294 2421 immiscente,
1310 2379 1361 2412 die
1379 2390 1441 2413 xxti
1461 2379 1536 2412 dicti
1555 2379 1674 2412 mensis
1697 2380 1825 2413 decem-

1080 2433 1148 2465 bris
1168 2433 1251 2466 idem
1274 2433 1436 2476 parochus
1463 2432 1644 2466 declaratus
1671 2433 1729 2465 suit
1747 2432 1825 2465 irre-

1080 2486 1208 2528 gularis,
1224 2496 1259 2518 ac
1276 2485 1423 2525 subinde,
1440 2485 1471 2517 in
1492 2486 1715 2518 executionem
1737 2495 1824 2518 man-

1079 2539 1228 2572 datorum
1255 2539 1360 2572 dictae
1381 2538 1655 2581 Congregationis
1681 2538 1823 2571 cardina-

1117 2602 1126 2626 t
1152 2599 1224 2627 Edit.
1248 2600 1331 2628 Maia.
1355 2600 1420 2636 legit
1439 2600 1513 2628 alter
1531 2602 1570 2635 (a.
1587 2600 1638 2635 12).

1854 204 1890 228 An
1923 203 1949 228 C.
1971 203 2041 230 ⁴707

1188 512 1193 517 .
1284 513 1290 518 .
1437 513 1442 518 .
1645 514 1650 519 .
1855 476 2040 524 natiisu'i‘liiiifintiioiZ

1100 511 1308 545 Taurinensis
1333 513 1476 546 audacia.
1497 513 1573 546 Cum
1600 524 1684 547 emm
1711 526 1844 548 venera-
1856 535 1892 549 sisi
