2269 3203
94 189 145 217 An.
167 189 197 216 C.
221 189 288 216 1716

112 1305 223 1326 Clausulae
231 1310 274 1325 am-

89 1333 204 1359 piissimae.

287 243 323 270 ut
347 239 539 282 praefertur,
566 250 631 273 non
658 237 882 278 cxccdciites¹,
907 247 966 280 pro
992 236 1028 269 il-

287 292 391 325 lorum
416 295 506 325 sexta
529 298 629 336 parte,
652 291 799 325 videlicet
818 301 876 333 pro
903 291 1028 322 summa

287 345 500 378 ducentorum
542 345 844 388 octogintaduorum
889 343 1023 375 ducato-

288 409 359 430 ruiu
389 398 456 430 auri
482 399 520 431 dc
546 398 679 431 Camerti
711 396 898 429 huiusmodi
925 401 955 428 ct
980 396 1028 428 iu-

286 451 405 484 liorum
422 458 494 484 octo
510 456 668 490 monetae,
687 460 746 493 pro
765 450 1027 492 praebendarum

286 503 369 535 dotis
390 509 564 546 augmento
582 503 639 545 (ita
657 503 741 545 quod
762 503 883 535 decano
903 507 934 535 et
954 502 1026 534 aliis

286 556 429 599 quinquo
455 555 664 599 dignitatibus
691 561 723 588 et
747 555 912 588 canonicis
938 565 1028 598 prac—

286 608 358 640 satis
392 618 507 641 novem
537 607 644 640 ducati
675 607 743 639 auri
776 606 961 639 huiusmodi
996 613 1028 639 et

286 661 354 693 iulii
381 666 504 704 septem
528 664 678 693 monetae
693 670 765 692 cum
783 669 847 691 uno
874 658 969 691 tertio
987 659 1027 690 al-

288 714 385 746 terius
409 712 480 745 iulii
505 723 564 756 pro
591 713 764 756 quolibet;
792 711 927 744 cuilibet
951 721 1026 743 vero

286 776 323 799 ex
346 766 438 799 dictis
455 765 657 799 beneficiatis
675 768 812 809 quatuor
833 764 939 797 duca-ti
956 764 1025 796 auri

285 818 473 852 huiusmodi
499 829 570 852 cum
604 818 737 851 dimidio
763 816 895 851 alterius
921 816 1025 849 ducati

284 872 373 915 paris
400 877 431 905 et
451 871 521 905 iulii
541 875 602 906 tres
619 875 772 904 monetae
795 880 867 903 cum
893 869 1025 903 dimidio

285 923 419 957 alterius
434 924 503 957 iulii
522 923 647 964 similis,
667 922 833 956 annuatim
847 921 1025 965 respective

285 975 488 1019 obveniant),
508 976 675 1009 residuum
693 986 768 1008 vero
789 985 848 1017 pro
871 974 1026 1007 distribu-

285 1028 409 1061 tionum
440 1028 702 1072 quotidianarum
729 1027 822 1060 etiam
853 1032 1025 1068 augmento

285 1080 371 1113 inter
395 1081 554 1114 decanum
581 1081 727 1124 aliasque
754 1080 952 1122 dignitates,
975 1090 1026 1112 ca-

283 1133 421 1166 nonicos
441 1138 473 1166 et
489 1133 697 1167 beneficiatos
724 1133 884 1176 praefatos
910 1133 1024 1166 eodem

284 1187 382 1220 modo
403 1187 730 1230 proportionabiliter
752 1186 961 1219 dividendum
981 1197 1027 1219 re-

285 1241 429 1284 spective
450 1241 691 1275 distribuatur?

328 1296 344 1339 §
365 1296 396 1329 5.
422 1296 460 1329 Et
477 1296 516 1329 ad
535 1296 635 1329 dictas
654 1296 797 1337 vicarias,
816 1297 862 1330 sic
880 1304 914 1330 ut
931 1308 1026 1341 prae-

284 1348 386 1381 fertur
405 1348 584 1391 erigendas,
606 1354 667 1382 tam
689 1349 751 1382 hac
774 1350 878 1393 prima
897 1351 965 1384 vice
985 1351 1024 1384 ab

285 1400 394 1435 earum
410 1402 576 1445 primaeva
591 1402 755 1436 erectione
774 1409 805 1436 et
822 1403 1024 1437 institutione

284 1460 317 1487 ut
341 1455 526 1499 praefertur
550 1455 705 1489 faciendis
731 1462 899 1498 vacantes,
929 1468 1023 1500 quam

284 1507 411 1550 quoties
437 1518 473 1540 ex
509 1514 583 1542 tunc
615 1508 767 1552 deinceps
801 1507 878 1542 alias
912 1511 1024 1554 quovis

283 1560 379 1594 modo
405 1561 518 1604 <etiam
543 1572 580 1594 ex
606 1572 883 1606 quorumcumque
915 1574 1025 1606 perso-

283 1614 333 1646 nis
349 1614 447 1647 etiam
461 1614 562 1648 nostri
582 1619 613 1647 et
631 1614 767 1648 Romani
781 1615 944 1648 Pontificis
962 1626 1023 1659 pro

285 1673 432 1710 tempore
458 1667 628 1700 existentis
664 1678 721 1700 seu
758 1668 896 1701 cuiusvis
927 1669 1023 1702 etiam

283 1719 314 1752 S.
338 1719 373 1752 R.
401 1719 435 1752 E.
462 1719 636 1753 cardInalis
666 1720 761 1752 etiam
789 1726 863 1753 tunc
887 1721 1023 1754 viventis

283 1772 504 1806 familiarium⁸
516 1773 741 1807 continuorum
756 1775 1022 1807 commensalium

281 1835 337 1858 seu
361 1825 453 1859 Sedis
478 1826 643 1869 praefatae
670 1827 888 1867 notariorum,
914 1833 1023 1870 proto-

280 1878 483 1913 notariorum
519 1884 780 1922 nuncupatorum
818 1885 849 1912 et
884 1880 1021 1913 aliorum

283 1933 446 1966 Romanae
472 1932 585 1966 Curiae
620 1932 806 1966 officialium
839 1938 868 1966 et
894 1935 1022 1967 concla-

281 1985 437 2018 vistarum
462 1985 712 2029 curialiumque,
732 1991 763 2019 et
784 1986 923 2019 aliorum
943 1997 1023 2029 quo-

280 2049 492 2083 rumcumque
507 2039 757 2082 specialissimas
776 2040 947 2083 qualitates
967 2041 1022 2074 lia-

280 2092 427 2125 bentium
461 2102 520 2135 per
544 2102 622 2136 quas
647 2103 684 2125 ex
710 2103 773 2126 uno
798 2093 846 2126 vel
873 2093 1021 2136 pluribus

281 2144 444 2188 capitibus
470 2151 532 2178 tam
562 2146 789 2188 personalibus
823 2156 918 2189 quam
951 2156 1021 2179 rea-

280 2197 365 2231 libus
391 2208 614 2242 quaecumque
634 2199 806 2232 reservatio
822 2200 869 2232 vel
891 2198 1020 2233 affectio

281 2252 461 2294 apostolica
480 2252 665 2293 inducatur,
684 2253 780 2286 etiam
799 2263 834 2285 ex
853 2252 1019 2286 vacatione

283 2305 367 2346 apud
380 2304 495 2338 Sedem
513 2306 742 2348 Apostolicain,
764 2306 841 2339 etin
856 2306 1019 2349 quibusvis

283 2357 448 2390 mensibus
465 2358 560 2391 nobis
582 2364 613 2391 et
630 2358 776 2392 Romano
794 2359 943 2392 Pontifici
961 2370 1019 2403 pro

283 2415 429 2452 ternpore
464 2411 613 2445 existenti
650 2411 791 2455 Sedique
833 2413 1019 2456 praedictae

317 2491 329 2515 1
352 2487 418 2515 Male
435 2488 499 2515 edit.
515 2489 598 2516 Main.
615 2491 681 2525 legit
695 2492 898 2519 excedentium
913 2496 950 2525 (R.
969 2494 1018 2526 T.).

317 2533 333 2560 :2
352 2533 483 2568 Legerem
496 2533 713 2563 distribuantur
729 2541 766 2571 tn.
783 2542 831 2568 12).

316 2576 332 2605 3
351 2576 422 2605 Edit.
438 2576 517 2604 Maia.
533 2577 600 2613 legit
612 2579 802 2613 familiarum
816 2583 854 2616 (R.
875 2581 924 2615 T.).

368 2631 449 2661 Bull.
470 2631 554 2660 Rom.
573 2646 604 2651 -
624 2632 683 2660 Vol.
700 2633 776 2661 XM.
921 2634 955 2662 90

910 188 1051 213 CLEMENS

1078 189 1111 212 xi
1135 189 1183 212 1¹1³.
1710 182 1773 215 713

1072 246 1132 279 per
1158 247 1380 281 quascumque
1411 239 1660 272 constitutiones
1686 245 1814 283 aposto-

1048 301 1050 315 ν
1073 288 1148 322 licas
1174 294 1227 322 aut
1251 289 1470 324 Cancellariac
1490 291 1696 334 ‚apostolicae
1724 303 1815 335 regu-

1072 343 1118 376 las
1143 353 1228 375 nunc
1247 348 1277 375 ct
1301 354 1362 386 pro
1390 349 1535 386 tempore
1555 345 1735 384 reservatis,
1755 356 1813 377 seu

1072 395 1246 428 ordinariis
1273 396 1502 435 collatoribus,
1535 397 1631 429 ctiam
1657 408 1715 440 per
1739 409 1814 431 con-

1072 447 1255 480 stitutiones
1282 453 1310 481 et
1336 449 1465 490 regulas
1493 449 1622 482 casdem
1648 460 1703 482 scu
1731 450 1814 483 litto-

1073 511 1122 534 ras
1159 501 1424 534 alternativarum
1460 508 1513 535 aut
1550 503 1611 535 alia
1645 503 1813 546 privilegia

1072 560 1104 587 et
1127 554 1253 587 indulta
1279 555 1437 588 hacteuus
1466 566 1621 589 concessa
1647 562 1678 589 ct
1702 558 1733 590 in
1757 569 1814 600 po-

1072 612 1192 640 sterum
1229 608 1441 641 concedenda
1470 614 1524 641 aut
1556 609 1634 642 alias
1668 609 1706 642 de
1742 609 1812 643 iurc

1072 659 1319 702 quomodolibet
1345 661 1576 703 competentia)
1603 661 1811 704 ubicumque,

1071 711 1353 754 qualitercumque
1381 718 1412 745 et
1436 714 1741 757 quomodocumque
1762 725 1813 745 va-

1071 773 1142 796 care
1168 764 1365 807 contigerit,
1393 765 1638 808 iuspatronatus
1665 772 1696 799 et
1721 777 1813 810 prac-

1071 817 1220 849 sentandi
1251 818 1290 850 ad
1322 817 1455 850 vicarias
1491 818 1663 861 erigendas
1694 820 1809 853 huius-

1071 869 1158 902 modi
1183 881 1342 914 personas
1367 871 1511 911 idoneas,
1529 883 1589 915 per
1609 872 1810 906 Ordinarium

1070 923 1133 956 loci
1160 923 1397 965 instituendas,
1430 926 1574 968 praefato
1606 926 1717 959 Ioanni
1742 928 1811 969 regi

1071 975 1205 1019 eiusque
1234 977 1267 1009 in
1298 977 1392 1010 dictis
1426 978 1535 1020 regnis
1568 979 1810 1012 successoribus

1071 1028 1202 1070 regibus
1223 1029 1401 1072 praedictis
1417 1031 1529 1064 eadem
1555 1031 1734 1074 apostolica
1759 1042 1812 1064 au-

1071 1081 1221 1114 ctoritate
1237 1109 1245 1121 ‚
1276 1093 1313 1115 eo
1339 1094 1402 1126 quo
1428 1087 1501 1117 ante
1529 1085 1568 1117 ad
1594 1085 1695 1117 dictas
1720 1095 1811 1128 paro-

1071 1134 1195 1166 chiales
1229 1135 1382 1168 ccclesias
1416 1141 1450 1168 ut
1482 1136 1667 1180 praefertur
1696 1138 1810 1171 unicn-

1071 1187 1125 1220 das
1140 1188 1346 1231 competebat
1363 1189 1474 1229 modo,
1487 1189 1636 1222 similiter
1653 1197 1809 1234 perpetuo

1070 1241 1253 1280 reservetis,
1281 1241 1466 1274 concedatis
1491 1247 1523 1274 et
1547 1243 1743 1285 assignetis;
1772 1256 1809 1277 ac

1070 1293 1314 1336 iuspatronatus
1355 1297 1387 1327 ct
1421 1296 1652 1337 praesentandi
1690 1297 1807 1330 liuius-

1069 1348 1156 1381 modi
1183 1348 1329 1392 praefato
1363 1348 1474 1381 Ioanni
1509 1350 1575 1392 regi
1611 1351 1744 1394 eiusque
1775 1353 1808 1384 in

1068 1401 1161 1434 dictis
1179 1401 1288 1444 regnis
1305 1402 1550 1435 successoribus
1570 1403 1700 1445 regibus
1719 1415 1808 1448 prac-

1067 1454 1149 1495 satis,
1180 1465 1245 1488 non
1271 1465 1308 1488 cx
1333 1455 1504 1498 privilegio
1529 1457 1723 1499 apostolico,
1750 1458 1807 1491 scd

1066 1508 1111 1541 uti
1138 1519 1174 1541 ex
1200 1510 1282 1548 vera,
1309 1509 1481 1551 primaeva,
1508 1510 1587 1543 reali
1614 1517 1646 1543 et
1669 1511 1806 1552 actuali,

1066 1563 1171 1605 plena,
1194 1563 1322 1606 integra
1347 1568 1379 1596 et
1403 1563 1591 1597 omnimoda
1615 1564 1806 1598 fundatione

1066 1621 1098 1647 et
1122 1618 1281 1658 perpetua
1314 1615 1481 1649 dotatione
1515 1616 1622 1649 laicali
1649 1627 1686 1650 ex
1711 1617 1807 1650 bonis

1066 1678 1153 1701 mere
1172 1668 1338 1702 laicalibus
1362 1669 1512 1712 regiique
1533 1669 1720 1712 patrimonii
1737 1671 1808 1704 red-

1066 1721 1183 1753 ditibus
1210 1722 1302 1755 sactis
1327 1726 1453 1755 tantum
1478 1729 1675 1766 competere,
1702 1729 1734 1757 et
1759 1724 1805 1757 uti

1067 1775 1127 1808 tale
1153 1775 1212 1808 sub
1234 1775 1446 1818 derogatione
1467 1775 1748 1819 iurispatronatus‚
1769 1788 1806 1810 ex

1064 1828 1235 1871 privilegio
1272 1829 1452 1871 apostolico
1485 1830 1534 1862 vel
1567 1831 1806 1862 consuetudine

1064 1886 1116 1913 aut
1139 1881 1399 1924 praescriptione
1425 1881 1594 1925 acquisiti,
1621 1883 1805 1917 nullatenus

1064 1934 1312 1977 comprehendi,
1332 1945 1393 1967 nec
1416 1934 1464 1968 illi
1483 1936 1550 1968 ullo
1568 1946 1710 1979 unquam
1730 1942 1806 1970 tem·

1064 1998 1141 2030 pore
1163 1987 1259 2021 etiam
1288 1987 1431 2020 cuiusvis
1450 1987 1515 2021 litis
1540 1989 1736 2032 pendentiae
1755 1993 1804 2024 vel

1066 2040 1241 2073 vacationis
1266 2041 1486 2084 praefatarum
1502 2041 1694 2075 vicariaruni
1719 2045 1805 2086 apud

1063 2096 1182 2129 Sedem
1207 2095 1365 2136 eamdem,
1386 2095 1483 2129 etiam
1509 2106 1546 2128 ex
1572 2095 1803 2139 resignationis

1064 2150 1170 2190 causa,
1195 2148 1462 2192 permutationis,
1480 2153 1535 2181 aut
1560 2148 1623 2182 alio
1649 2160 1805 2193 quocum-

1064 2212 1126 2245 que
1141 2207 1323 2245 praetextu,
1341 2212 1378 2234 ex
1394 2201 1507 2245 quavis
1522 2201 1585 2235 alia
1599 2205 1694 2235 causa
1708 2214 1803 2246 quan-

1064 2254 1176 2287 tumvis
1206 2255 1437 2296 urgentissima
1462 2260 1493 2287 et
1516 2255 1677 2297 legitima,
1704 2256 1803 2288 etiam

1062 2318 1123 2350 per
1147 2317 1205 2339 nos
1231 2312 1263 2339 et
1287 2317 1512 2350 quoscumque
1538 2307 1700 2340 Romanos
1726 2309 1805 2341 Pon-

1063 2359 1163 2392 tifices
1188 2369 1392 2392 successores
1416 2364 1543 2392 nostros
1570 2370 1629 2402 pro
1658 2364 1802 2403 tempore

1062 2412 1238 2445 existentes
1256 2412 1405 2454 derogari
1432 2422 1527 2455 posse
1546 2411 1747 2451 decernatis3
1767 2424 1803 2445 ac

1062 2465 1192 2498 easdem
1217 2470 1425 2508 praesentes,
1449 2471 1480 2498 et
1511 2466 1543 2497 in
1570 2465 1616 2497 cis
1650 2471 1802 2498 contenta

1062 2528 1294 2562 quaecumque,
1314 2519 1412 2551 ctiam
1438 2529 1475 2551 cx
1501 2528 1539 2551 eo
1561 2518 1648 2561 quod
1674 2528 1800 2559 causae,

1060 2576 1198 2615 propter
1224 2582 1303 2615 quas
1337 2571 1515 2615 praemissa
1547 2571 1656 2606 omnia
1679 2575 1710 2605 et
1733 2571 1800 2606 sin-

1820 192 1869 217 Λιι.
1891 191 1920 216 C.
1942 189 2012 217 1716
