2269 3203
104 226 151 252 An.
169 224 195 249 ¹¹..
221 223 284 249 ΠΜ

132 1514 238 1537 Resoluta·
267 1515 288 1533 et

104 1543 211 1564 decretum
235 1542 286 1562 Cun-

104 1570 233 1596 gregationiz
242 1575 287 1589 ear·

105 1597 214 1618 «tinnitum.

131 2100 277 2123 Contirmatur⁴

945 218 1089 242 CLEMENS
1114 218 1143 241 XI
1171 218 1218 241 ΓΡ.

297 275 484 316 oporteret,
505 270 669 312 Iuliusque
686 268 775 301 dubii
796 268 876 301 ratio
898 279 934 301 ex
960 269 1043 311 capi-

298 327 364 359 tulo
385 333 461 357 xvur
491 327 742 356 memoratarum
769 321 1041 355 constitutionum

297 377 539 416 desumebatur,
557 375 611 409 ubi
632 375 919 419 praescribe-batur
938 375 1042 407 dictos

296 432 428 464 abbates
454 430 624 472 regiriiinis
643 430 674 462 in
694 440 806 462 eorum
824 429 933 462 oslicio
954 434 1042 461 tanto

297 491 444 528 tempore
485 488 606 526 quanto
642 483 696 516 alii
733 483 868 515 abbates
904 482 1041 525 praefati

295 537 328 570 in
353 536 514 580 gubernio
539 535 678 569 alicuius
704 535 894 568 monasterii
914 535 1041 575 durare,

295 596 327 624 et
352 591 392 624 ab
419 601 456 623 eo
479 589 547 634 pari
566 589 664 622 etiam
683 595 830 633 tempore
848 599 963 622 vacare
990 589 1043 622 de-

294 644 396 684 bere,
422 654 461 677 eo
499 644 665 676 dumtaxat
701 654 777 676 casu
817 648 953 686 excepto
978 653 1043 685 quo

295 698 414 742 aliquis
440 708 476 731 ex
504 697 583 741 ipsis
616 697 647 729 in
674 697 917 741 praesidentem
945 696 1044 739 elige-

295 757 410 785 retur:
453 762 488 785 ac
527 751 666 795 proinde
707 751 812 784 dictus
852 756 1043 794 procurator

295 805 457 849 generalis
476 833 483 846 ,
511 805 644 838 dubium
682 804 868 838 huiusmodi
905 814 923 836 a
959 804 1043 837 dicta

294 859 556 902 Congregatione
574 858 790 891 cardinalium
816 857 989 898 declarari,
1007 868 1043 890 ac

294 923 518 956 quoscumque
532 912 690 951 desectus,
710 912 741 944 in
760 911 978 945 electionibus
997 921 1043 944 su-

294 966 460 1010 periorum
486 972 517 999 et
542 966 613 999 aliis
638 966 764 998 actibus
789 976 805 998 a
823 965 918 998 dictis
945 965 1043 998 abba-

295 1020 382 1053 tibus
405 1019 575 1063 regiminis
593 1019 664 1052 Iieri
683 1019 821 1058 solitis¹,
839 1019 880 1052 ob
898 1019 1042 1062 ipsorum

295 1083 351 1106 seu
379 1073 519 1107 alicuius
545 1083 659 1106 eorum
686 1072 884 1105 electionem
916 1072 953 1104 ad
987 1082 1043 1114 gu-

296 1125 468 1159 bernium²
489 1126 615 1159 abbatis
635 1126 804 1169 regiminis
819 1136 990 1165 annexum,
1010 1131 1044 1158 ut

296 1181 489 1223 praefertur,
518 1180 681 1219 habentis,
709 1180 784 1212 licet
801 1179 840 1212 ab
859 1179 966 1212 ot'Iicio
985 1179 1043 1211 Iiu-

296 1234 438 1267 iusmodi
462 1244 522 1277 per
548 1234 728 1267 triennium
747 1244 810 1266 non
831 1233 1043 1272 vacavissent,

297 1287 432 1327 factam,
462 1292 613 1326 secutos,
639 1287 760 1320 servari
780 1286 802 1326 ³,
834 1296 1042 1330 summopere

296 1340 520 1375 desiderabat:
540 1340 701 1374 emanavit
718 1340 758 1374 ab
775 1340 887 1373 eadem
905 1340 1043 1383 Congre-

297 1395 429 1438 gatione
461 1394 678 1428 cardinalium
716 1394 884 1427 decretum
920 1392 1042 1426 tenoris

297 1449 353 1492 qui
379 1448 545 1492 sequitur,
578 1447 750 1481 videlicet:

341 1512 354 1531 ((
377 1502 464 1532 Sacra
481 1502 677 1541 Congregatio
693 1500 995 1531 eminentissimorum
1015 1504 1043 1530 et

298 1551 610 1582 reverendissimorum
633 1551 662 1581 S.
683 1551 718 1581 R.
735 1551 767 1581 E.
784 1551 977 1581 cardinalium
993 1559 1044 1580 ne-

298 1600 386 1639 gotiis
421 1605 450 1631 et
481 1600 746 1631 consultationibus
779 1601 984 1640 episcoporum
1016 1604 1044 1630 et

300 1650 481 1688 regularium
504 1650 681 1689 praeposita,
702 1650 849 1680 referente
872 1649 1045 1679 eminentis-

300 1698 374 1728 simo
389 1698 560 1736 Gabriellio,
574 1699 688 1729 censuit
704 1708 736 1729 ac
751 1699 910 1729 declaravit
925 1708 1044 1729 servan-

299 1748 368 1777 dum
391 1757 455 1778 esse
477 1748 665 1778 enunciatum
687 1748 778 1778 Breve
801 1748 960 1779 Alexandri
981 1748 1042 1778 VIII

298 1800 326 1826 et
349 1796 501 1826 decretum
524 1796 654 1826 eiusdem
677 1806 777 1827 sacrae
804 1796 1043 1836 Congregationis

300 1853 368 1874 xxiv
391 1845 489 1875 martii
519 1854 708 1884 unetxxx1x‚
732 1846 819 1876 etiam
842 1847 936 1885 quoad
959 1856 1045 1886 quos-

298 1903 425 1933 cumque
448 1894 483 1924 de
507 1894 661 1932 regimine,
685 1898 713 1924 et
735 1895 914 1924 vacationem
938 1895 1045 1925 intelli-

299 1944 422 1982 gendam
446 1954 510 1974 esse
532 1944 567 1974 (le
589 1944 704 1982 integro
720 1944 859 1974 triennio.
878 1946 997 1982 Romae,
1018 1953 1044 1974 vi

299 1993 414 2032 augusti
441 2001 530 2023 amec.
556 2012 590 2016 —
618 1994 652 2024 G.
677 1993 834 2024 cardinalis
866 1993 1042 2024 Canium-s.

298 2060 336 2065 —
360 2042 381 2072 I.
406 2043 442 2072 M.
467 2043 663 2073 PANcrtricus
685 2043 863 2074 secretarius
888 2054 914 2072 ».

343 2092 358 2136 ἐ
384 2092 415 2125 ⁶2.
438 2092 516 2126 Cum
538 2093 751 2134 autem,sicut
768 2093 957 2137 praedictus
974 2103 1046 2136 pro-

300 2151 433 2180 curator
450 2147 615 2190 generalis
636 2146 733 2181 nobis
759 2147 900 2180 subinde
926 2147 1043 2190 exponi

300 2200 389 2241 fecit,
415 2200 484 2244 ipse
507 2200 674 2234 decretum
696 2200 895 2240 huiusmodi,
914 2211 979 2244 quo
997 2200 1046 2232 str-

300 2253 384 2287 mius
409 2254 563 2287 subsistat
587 2260 619 2288 et
638 2259 783 2288 servetur
800 2254 954 2295 exactius,
972 2265 1045 2298 apo-

300 2307 436 2341 stolicae
462 2307 721 2341 confirmationis
745 2313 878 2341 nostrae
904 2308 1044 2351 patroci-

300 2360 355 2394 nio
373 2361 581 2402 communiri,
591 2372 627 2395 ac
641 2367 872 2406 praenarratos
886 2361 1044 2403 desectus,

336 2459 347 2484 1
371 2458 444 2485 Edit.
465 2458 545 2486 Main.
570 2458 635 2495 legit
654 2459 754 2487 solitos
773 2462 811 2491 (R.
828 2460 876 2492 Τ.).

335 2502 352 2527 ’2
372 2501 484 2530 Videtur
499 2503 595 2531 deesse
609 2505 783 2533 monasterii
797 2505 927 2540 officium
942 2505 983 2537 (a.
995 2503 1043 2539 T.).

337 2545 353 2573 3
367 2546 481 2574 Videtur
497 2547 640 2583 legendum
655 2549 770 2582 sanari,
793 2557 892 2584 nempe
912 2547 1043 2584 defectuS,

302 2598 334 2617 ac
348 2590 440 2617 forsan
455 2591 610 2620 addendum
628 2593 742 2621 ulterius
753 2594 938 2628 praedictum
953 2593 1044 2622 Breve

302 2634 467 2664 Alexandri
485 2636 557 2665 VIII
568 2638 677 2667 servari
690 2639 728 2673 (a.
746 2638 794 2673 τ.).

1751 209 1792 242 tt)

1086 278 1145 310 pro
1164 277 1305 311 quorum
1322 266 1494 299 sanatione
1514 266 1598 299 [licta
1616 267 1831 300 cardinalium

1087 319 1306 363 Congregatio
1344 319 1439 353 nobis
1473 320 1724 363 supplicandum
1761 331 1833 353 csse

1086 373 1278 412 declaravit,
1298 373 1491 407 auctoritate
1510 375 1621 406 nostra
1638 374 1745 406 sanari
1765 376 1835 417 plu-

1089 427 1206 459 rimum
1232 426 1420 459 desideret:
1439 437 1506 466 nos,
1526 426 1629 469 ipsius
1647 432 1836 469 procurato-

1088 480 1131 513 ris
1158 480 1322 523 generalis
1353 479 1435 513 votis
1463 480 1523 512 Iiac
1550 479 1581 512 in
1608 490 1651 519 re,
1674 486 1833 522 quantum

1087 544 1160 566 cum
1201 533 1341 566 Domino
1381 544 1572 577 possumus,
1611 533 1836 566 favorabiliter

1087 596 1234 620 annuere
1260 588 1419 627 volentes,
1458 597 1599 630 euinque
1625 598 1642 619 a
1668 586 1835 630 quibusvis

1088 640 1446 680 excommunicationis,
1477 640 1702 684 suspensionis
1729 645 1761 673 et
1788 640 1835 672 in-

1088 694 1227 735 terdicti,
1247 694 1384 738 aliisque
1402 694 1634 727 ecclesiasticis
1651 694 1834 733 sententiis,

1086 748 1235 782 censuris
1255 754 1287 782 ct
1303 748 1430 792 poenis,
1445 760 1462 781 a
1478 748 1550 782 iure
1566 749 1615 781 vel
1630 749 1670 781 ab
1689 748 1835 787 homine,

1087 803 1198 846 quavis
1224 803 1394 836 eccasione
1419 803 1467 835 vel
1493 804 1592 836 causa
1610 803 1694 842 latis,
1713 801 1738 833 si
1764 802 1836 844 qui-

1087 856 1146 890 bus
1172 857 1423 901 quomodolibet
1447 856 1622 890 innodatus
1649 856 1768 896 existit,
1794 856 1833 888 ad

1087 911 1236 945 effectum
1268 911 1490 956 praesentium
1517 912 1687 944 dumtaxat.
1713 921 1832 944 conse-

1087 965 1267 1008 quendum,
1302 966 1416 998 harum
1450 965 1535 998 serie
1569 964 1778 998 absolventes
1805 970 1836 996 et

1087 1019 1272 1052 absolutum
1300 1020 1369 1053 sore
1403 1025 1586 1059 censentes,
1620 1018 1834 1061 supplicatio-

1088 1072 1183 1106 nibus
1224 1073 1291 1107 eius
1332 1073 1464 1106 nomine
1505 1073 1600 1106 nobis
1640 1082 1739 1115 super
1773 1072 1834 1104 Iioc

1090 1126 1258 1159 humiliter
1284 1127 1446 1170 porrectis
1473 1125 1638 1165 inclinati,
1666 1125 1834 1158 decretum

1087 1181 1341 1223 praelusertum,
1361 1180 1553 1213 auctoritate
1579 1179 1768 1222 apostolica,
1790 1184 1835 1211 tc-

1088 1244 1169 1267 nore
1195 1235 1435 1278 praesentium,
1466 1233 1700 1267 confirmamus
1728 1238 1760 1265 et
1785 1243 1836 1276 ap-

1087 1287 1274 1330 probamus,
1290 1287 1403 1330 illique
1419 1286 1617 1320 inviolabilis
1633 1286 1835 1329 apostolicae

1087 1340 1249 1374 firmitatis
1275 1341 1379 1374 robur
1404 1340 1584 1380 adjicimus,
1605 1350 1640 1373 ac
1665 1350 1779 1373 omnes
1805 1345 1836 1372 et

1086 1395 1235 1439 singulos
1267 1404 1551 1439 quorumcumque
1584 1399 1716 1427 actuum
1750 1400 1836 1427 cete-

1087 1448 1183 1492 roqui
1221 1449 1368 1492 legitime
1405 1448 1565 1482 sactorum
1603 1455 1636 1482 et
1666 1453 1835 1492 gestorum

1088 1502 1245 1543 desectus,
1269 1502 1323 1546 qui
1349 1502 1381 1535 in
1409 1502 1486 1543 illis,
1514 1507 1648 1546 propter
1673 1512 1836 1535 memora-

1088 1561 1151 1589 tam
1177 1555 1328 1590 abbatum
1363 1555 1532 1599 regiminis
1565 1555 1604 1589 ad
1638 1555 1835 1598 gubernium

1088 1610 1280 1644 monasterii
1319 1609 1463 1643 officium
1499 1610 1626 1644 abbatis
1665 1609 1834 1652 regiminis

1087 1674 1253 1697 annexum
1290 1663 1450 1704 habentis,
1489 1663 1635 1707 quamvis
1662 1663 1700 1697 ab
1726 1662 1835 1696 officio

1089 1717 1277 1750 huiusmodi
1303 1727 1362 1760 per
1388 1716 1565 1749 triennium
1602 1727 1667 1750 non
1694 1716 1837 1749 vacavis-

1088 1776 1168 1811 sent,
1185 1771 1392 1810 electionem,
1412 1770 1571 1803 haetenus
1586 1769 1837 1813 quomodolibet

1087 1825 1349 1864 intervenerunt,
1370 1824 1483 1857 eadem
1502 1823 1702 1862 auctoritate,
1717 1823 1835 1855 Irarum

1088 1878 1186 1919 serie,
1205 1878 1396 1922 supplemus
1422 1883 1453 1910 et
1477 1888 1649 1917 sanamus;
1673 1878 1761 1910 salva
1787 1882 1835 1909 ta-

1088 1943 1162 1966 men
1197 1941 1330 1975 semper
1355 1931 1388 1964 in
1413 1930 1603 1974 praemissis
1641 1930 1835 1964 auctoritate

1089 1986 1255 2029 praefatae
1280 1984 1554 2028 Congregationis
1579 1984 1806 2017 cardinalium.

1133 2039 1196 2083 §.⁶3.
1224 2039 1460 2079 Decernentcs,
1484 2038 1613 2071 easdem
1642 2044 1835 2082 praesentes

1088 2094 1216 2127 litteras
1242 2103 1373 2136 semper
1398 2092 1517 2133 firmas,
1536 2092 1658 2125 validas
1680 2099 1710 2125 et
1729 2092 1836 2125 effica-

1089 2157 1142 2180 ces
1169 2147 1309 2179 existere
1336 2153 1366 2180 et
1393 2146 1474 2186 sore,
1501 2156 1641 2190 suosque
1667 2146 1836 2188 plenarios

1089 2207 1121 2234 et
1141 2200 1289 2243 integros
1317 2198 1451 2233 effectus
1476 2199 1587 2232 sortiri
1613 2205 1644 2233 et
1669 2199 1833 2239 obtinere,

1089 2265 1126 2288 ac
1141 2253 1216 2294 illis,
1232 2254 1272 2288 ad
1291 2264 1372 2297 quos
1394 2258 1518 2297 spectat
1543 2259 1575 2286 et
1598 2263 1659 2297 pro
1687 2259 1835 2297 tempore

1089 2308 1366 2352 quandocumque
1384 2307 1557 2350 spectabit,
1578 2307 1610 2339 in
1635 2306 1788 2340 omnibus
1804 2311 1836 2340 et

1089 2371 1148 2405 per
1181 2361 1291 2394 omnia
1316 2360 1506 2404 plenissime
1532 2360 1713 2403 suffragari,
1740 2365 1771 2393 et
1795 2360 1835 2392 ab

1089 2415 1136 2448 eis
1161 2414 1341 2458 respective
1366 2413 1605 2447 inviolabiliter
1639 2413 1833 2451 observari,

1089 2468 1200 2512 sicque
1235 2468 1267 2500 in
1300 2467 1489 2511 praemissis
1517 2477 1577 2511 per
1611 2476 1835 2510 quoscumque

1088 2521 1212 2555 iudices
1246 2521 1432 2555 ordinarios
1464 2525 1497 2554 et
1531 2520 1713 2563 delegatos,
1738 2520 1836 2553 etiam

1088 2586 1261 2610 causarum
1296 2575 1408 2619 palatii
1445 2574 1619 2619 apostolici
1646 2574 1832 2614 auditores,

1088 2628 1224 2665 iudicari
1251 2634 1283 2663 et
1307 2628 1437 2663 deliniri
1467 2628 1602 2671 debere,
1633 2638 1668 2662 ac
1706 2626 1834 2660 irritum

1841 219 1888 245 An.
1906 219 1932 245 tl.
1959 219 2022 246 t7ut

1873 2044 1997 2066 Clausulae.
