<?xml version="1.0" encoding="UTF-8"?>
<!DOCTYPE html PUBLIC "-//W3C//DTD XHTML 1.0 Transitional//EN"
    "http://www.w3.org/TR/xhtml1/DTD/xhtml1-transitional.dtd">
<html xmlns="http://www.w3.org/1999/xhtml" xml:lang="en" lang="en">
 <head>
  <title>
</title>
<meta http-equiv="Content-Type" content="text/html;charset=utf-8" />
  <meta name='ocr-system' content='tesseract 3.04.00' />
  <meta name='ocr-capabilities' content='ocr_page ocr_carea ocr_par ocr_line ocrx_word'/>
</head>
<body>
  <div class='ocr_page' id='page_1' title='image "./bullarumdiplomat21cath_0456.png"; bbox 0 0 2269 3203; ppageno 0'>
   <div class='ocr_carea' id='block_1_1' title="bbox 243 200 542 238">
    <p class='ocr_par' dir='ltr' id='par_1_1' title="bbox 243 200 542 238">
     <span class='ocr_line' id='line_1_1' title="bbox 243 200 542 238; baseline -0.007 -1"><span class='ocrx_word' id='word_1_1' title='bbox 243 211 295 238; x_wconf 71' lang='lat' dir='ltr'>An.</span> <span class='ocrx_word' id='word_1_2' title='bbox 311 211 339 237; x_wconf 91' lang='lat' dir='ltr'>c.</span> <span class='ocrx_word' id='word_1_3' title='bbox 364 210 433 237; x_wconf 70' lang='lat'>¹710</span> <span class='ocrx_word' id='word_1_4' title='bbox 478 200 542 235; x_wconf 82' lang='lat'>388</span> 
     </span>
    </p>
   </div>
   <div class='ocr_carea' id='block_1_2' title="bbox 264 695 388 716">
    <p class='ocr_par' dir='ltr' id='par_1_2' title="bbox 264 695 388 716">
     <span class='ocr_line' id='line_1_2' title="bbox 264 695 388 716; baseline -0.016 0"><span class='ocrx_word' id='word_1_5' title='bbox 264 695 388 716; x_wconf 70' lang='lat' dir='ltr'>Exordium.</span> 
     </span>
    </p>
   </div>
   <div class='ocr_carea' id='block_1_3' title="bbox 238 1275 423 1402">
    <p class='ocr_par' dir='ltr' id='par_1_3' title="bbox 238 1275 423 1402">
     <span class='ocr_line' id='line_1_3' title="bbox 265 1275 423 1296; baseline -0.006 0"><span class='ocrx_word' id='word_1_6' title='bbox 265 1275 364 1296; x_wconf 67' lang='lat' dir='ltr'>racanas</span> <span class='ocrx_word' id='word_1_7' title='bbox 381 1275 423 1295; x_wconf 80' lang='lat' dir='ltr'>dis—</span> 
     </span>
     <span class='ocr_line' id='line_1_4' title="bbox 238 1302 423 1322; baseline 0 0"><span class='ocrx_word' id='word_1_8' title='bbox 238 1302 344 1322; x_wconf 68' lang='lat' dir='ltr'>tribuendi</span> <span class='ocrx_word' id='word_1_9' title='bbox 377 1308 423 1322; x_wconf 78' lang='lat' dir='ltr'>sca-</span> 
     </span>
     <span class='ocr_line' id='line_1_5' title="bbox 238 1328 422 1354; baseline 0 -6"><span class='ocrx_word' id='word_1_10' title='bbox 238 1329 320 1354; x_wconf 59' lang='lat' dir='ltr'>putam</span> <span class='ocrx_word' id='word_1_11' title='bbox 352 1328 422 1348; x_wconf 78' lang='lat' dir='ltr'>huius-</span> 
     </span>
     <span class='ocr_line' id='line_1_6' title="bbox 238 1355 423 1376; baseline 0 -1"><span class='ocrx_word' id='word_1_12' title='bbox 238 1355 294 1375; x_wconf 82' lang='lat' dir='ltr'>modi</span> <span class='ocrx_word' id='word_1_13' title='bbox 317 1356 357 1376; x_wconf 81' lang='lat' dir='ltr'>iam</span> <span class='ocrx_word' id='word_1_14' title='bbox 372 1360 423 1375; x_wconf 89' lang='lat' dir='ltr'>con-</span> 
     </span>
     <span class='ocr_line' id='line_1_7' title="bbox 238 1387 306 1402; baseline 0.015 -1"><span class='ocrx_word' id='word_1_15' title='bbox 238 1387 306 1402; x_wconf 74' lang='lat' dir='ltr'>cessa.</span> 
     </span>
    </p>
   </div>
   <div class='ocr_carea' id='block_1_4' title="bbox 238 2225 425 2326">
    <p class='ocr_par' dir='ltr' id='par_1_4' title="bbox 253 2225 425 2300">
     <span class='ocr_line' id='line_1_8' title="bbox 279 2225 424 2247; baseline 0 -1"><span class='ocrx_word' id='word_1_16' title='bbox 279 2225 337 2247; x_wconf 81' lang='lat' dir='ltr'>Nunc</span> <span class='ocrx_word' id='word_1_17' title='bbox 357 2226 424 2246; x_wconf 83' lang='lat' dir='ltr'>lndnl·</span> 
     </span>
     <span class='ocr_line' id='line_1_9' title="bbox 253 2254 425 2273; baseline -0.006 0"><span class='ocrx_word' id='word_1_18' title='bbox 253 2254 323 2273; x_wconf 76' lang='lat' dir='ltr'>entiae</span> <span class='ocrx_word' id='word_1_19' title='bbox 347 2258 425 2273; x_wconf 83' lang='lat' dir='ltr'>conce-</span> 
     </span>
     <span class='ocr_line' id='line_1_10' title="bbox 254 2279 423 2300; baseline 0.006 -1"><span class='ocrx_word' id='word_1_20' title='bbox 254 2281 316 2300; x_wconf 82' lang='lat' dir='ltr'>untur</span> <span class='ocrx_word' id='word_1_21' title='bbox 328 2281 349 2299; x_wconf 84' lang='lat' dir='ltr'>nt</span> <span class='ocrx_word' id='word_1_22' title='bbox 361 2279 380 2299; x_wconf 87' lang='lat' dir='ltr'>in</span> <span class='ocrx_word' id='word_1_23' title='bbox 391 2284 423 2300; x_wconf 82' lang='lat' dir='ltr'>ru·</span> 
     </span>
    </p>

    <p class='ocr_par' dir='ltr' id='par_1_5' title="bbox 238 2305 306 2326">
     <span class='ocr_line' id='line_1_11' title="bbox 238 2305 306 2326; baseline 0 -1"><span class='ocrx_word' id='word_1_24' title='bbox 238 2305 306 2326; x_wconf 66' lang='lat' dir='ltr'>bricii.</span> 
     </span>
    </p>
   </div>
   <div class='ocr_carea' id='block_1_5' title="bbox 435 339 1177 530">
    <p class='ocr_par' dir='ltr' id='par_1_6' title="bbox 435 339 1177 530">
     <span class='ocr_line' id='line_1_12' title="bbox 435 339 1176 383; baseline -0.001 -10"><span class='ocrx_word' id='word_1_25' title='bbox 435 339 663 373; x_wconf 75' lang='lat' dir='ltr'>conceduntur</span> <span class='ocrx_word' id='word_1_26' title='bbox 688 339 916 382; x_wconf 71' lang='lat' dir='ltr'>indulqentiae</span> <span class='ocrx_word' id='word_1_27' title='bbox 933 344 1105 383; x_wconf 73' lang='lat' dir='ltr'><em>perpetuae</em></span> <span class='ocrx_word' id='word_1_28' title='bbox 1124 350 1176 382; x_wconf 73' lang='lat' dir='ltr'>ye-</span> 
     </span>
     <span class='ocr_line' id='line_1_13' title="bbox 477 392 1177 435; baseline -0.001 -10"><span class='ocrx_word' id='word_1_29' title='bbox 477 393 639 425; x_wconf 73' lang='lat' dir='ltr'>stantibus</span> <span class='ocrx_word' id='word_1_30' title='bbox 672 393 859 435; x_wconf 75' lang='lat' dir='ltr'><em>scapularia</em></span> <span class='ocrx_word' id='word_1_31' title='bbox 891 403 995 435; x_wconf 83' lang='lat' dir='ltr'>parva</span> <span class='ocrx_word' id='word_1_32' title='bbox 1019 392 1177 425; x_wconf 77' lang='lat' dir='ltr'><em>distribui</em></span> 
     </span>
     <span class='ocr_line' id='line_1_14' title="bbox 476 445 1175 488; baseline -0.001 -11"><span class='ocrx_word' id='word_1_33' title='bbox 476 445 573 477; x_wconf 75' lang='lat' dir='ltr'>solita</span> <span class='ocrx_word' id='word_1_34' title='bbox 591 456 610 477; x_wconf 81' lang='lat' dir='ltr'>a</span> <span class='ocrx_word' id='word_1_35' title='bbox 630 445 755 477; x_wconf 76' lang='lat' dir='ltr'>clericis</span> <span class='ocrx_word' id='word_1_36' title='bbox 772 445 979 488; x_wconf 72' lang='lat' dir='ltr'>reqularibus</span> <span class='ocrx_word' id='word_1_37' title='bbox 1000 445 1175 477; x_wconf 74' lang='lat' dir='ltr'>Theatino-</span> 
     </span>
     <span class='ocr_line' id='line_1_15' title="bbox 477 499 587 530; baseline 0 0"><span class='ocrx_word' id='word_1_38' title='bbox 477 509 553 530; x_wconf 77' lang='lat' dir='ltr'>rum</span> <span class='ocrx_word' id='word_1_39' title='bbox 567 499 587 530; x_wconf 92' lang='lat'>¹.</span> 
     </span>
    </p>
   </div>
   <div class='ocr_carea' id='block_1_6' title="bbox 559 568 1049 647">
    <p class='ocr_par' dir='ltr' id='par_1_7' title="bbox 559 568 1049 647">
     <span class='ocr_line' id='line_1_16' title="bbox 655 568 961 601; baseline 0 -7"><span class='ocrx_word' id='word_1_40' title='bbox 655 569 790 595; x_wconf 82' lang='lat' dir='ltr'>Clemens</span> <span class='ocrx_word' id='word_1_41' title='bbox 811 568 891 601; x_wconf 82' lang='lat' dir='ltr'>Papa</span> <span class='ocrx_word' id='word_1_42' title='bbox 911 568 961 598; x_wconf 79' lang='lat' dir='ltr'>xl.</span> 
     </span>
     <span class='ocr_line' id='line_1_17' title="bbox 559 613 1049 647; baseline 0 -8"><span class='ocrx_word' id='word_1_43' title='bbox 559 616 593 640; x_wconf 83' lang='lat' dir='ltr'>ad</span> <span class='ocrx_word' id='word_1_44' title='bbox 615 616 791 647; x_wconf 82' lang='lat' dir='ltr'>perpetuam</span> <span class='ocrx_word' id='word_1_45' title='bbox 805 613 852 640; x_wconf 83' lang='lat' dir='ltr'>rei</span> <span class='ocrx_word' id='word_1_46' title='bbox 867 613 1049 640; x_wconf 79' lang='lat' dir='ltr'>memoriam.</span> 
     </span>
    </p>
   </div>
   <div class='ocr_carea' id='block_1_7' title="bbox 432 684 1176 1894">
    <p class='ocr_par' dir='ltr' id='par_1_8' title="bbox 433 684 1176 1254">
     <span class='ocr_line' id='line_1_18' title="bbox 480 684 1174 727; baseline 0.001 -11"><span class='ocrx_word' id='word_1_47' title='bbox 480 684 671 716; x_wconf 85' lang='lat' dir='ltr'>Caelestium</span> <span class='ocrx_word' id='word_1_48' title='bbox 697 694 865 716; x_wconf 86' lang='lat' dir='ltr'>muncrum</span> <span class='ocrx_word' id='word_1_49' title='bbox 892 684 1071 724; x_wconf 78' lang='lat' dir='ltr'>thesauros,</span> <span class='ocrx_word' id='word_1_50' title='bbox 1094 695 1174 727; x_wconf 91' lang='lat' dir='ltr'>quo-</span> 
     </span>
     <span class='ocr_line' id='line_1_19' title="bbox 436 736 1174 780; baseline 0.003 -12"><span class='ocrx_word' id='word_1_51' title='bbox 436 747 507 769; x_wconf 85' lang='lat' dir='ltr'>rum</span> <span class='ocrx_word' id='word_1_52' title='bbox 534 736 814 780; x_wconf 61' lang='lat' dir='ltr'>dispensationem</span> <span class='ocrx_word' id='word_1_53' title='bbox 846 737 1017 770; x_wconf 75' lang='lat' dir='ltr'>humilitati</span> <span class='ocrx_word' id='word_1_54' title='bbox 1045 743 1174 770; x_wconf 87' lang='lat' dir='ltr'>nostrae</span> 
     </span>
     <span class='ocr_line' id='line_1_20' title="bbox 434 789 1176 833; baseline 0 -11"><span class='ocrx_word' id='word_1_55' title='bbox 434 789 593 822; x_wconf 85' lang='lat' dir='ltr'>commisit</span> <span class='ocrx_word' id='word_1_56' title='bbox 619 789 726 821; x_wconf 86' lang='lat' dir='ltr'>divina</span> <span class='ocrx_word' id='word_1_57' title='bbox 752 790 965 832; x_wconf 72' lang='lat' dir='ltr'>dispensatio,</span> <span class='ocrx_word' id='word_1_58' title='bbox 991 789 1077 823; x_wconf 81' lang='lat' dir='ltr'>fideli</span> <span class='ocrx_word' id='word_1_59' title='bbox 1104 800 1176 833; x_wconf 87' lang='lat' dir='ltr'>pru-</span> 
     </span>
     <span class='ocr_line' id='line_1_21' title="bbox 434 842 1172 886; baseline 0 -12"><span class='ocrx_word' id='word_1_60' title='bbox 434 842 590 885; x_wconf 84' lang='lat' dir='ltr'>dentique</span> <span class='ocrx_word' id='word_1_61' title='bbox 609 842 803 875; x_wconf 82' lang='lat' dir='ltr'>liberalitate</span> <span class='ocrx_word' id='word_1_62' title='bbox 830 842 971 875; x_wconf 75' lang='lat' dir='ltr'>libenter</span> <span class='ocrx_word' id='word_1_63' title='bbox 989 854 1172 886; x_wconf 75' lang='lat' dir='ltr'>erogamus,</span> 
     </span>
     <span class='ocr_line' id='line_1_22' title="bbox 433 894 1173 938; baseline 0.003 -12"><span class='ocrx_word' id='word_1_64' title='bbox 433 895 581 938; x_wconf 83' lang='lat' dir='ltr'>sicutpia</span> <span class='ocrx_word' id='word_1_65' title='bbox 595 894 823 937; x_wconf 81' lang='lat' dir='ltr'>religiosorum</span> <span class='ocrx_word' id='word_1_66' title='bbox 845 895 986 928; x_wconf 77' lang='lat' dir='ltr'>virorum</span> <span class='ocrx_word' id='word_1_67' title='bbox 1006 896 1035 928; x_wconf 93' lang='lat' dir='ltr'>in</span> <span class='ocrx_word' id='word_1_68' title='bbox 1055 901 1173 928; x_wconf 86' lang='lat' dir='ltr'>sortem</span> 
     </span>
     <span class='ocr_line' id='line_1_23' title="bbox 433 947 1175 991; baseline 0 -12"><span class='ocrx_word' id='word_1_69' title='bbox 433 947 558 980; x_wconf 85' lang='lat' dir='ltr'>Domini</span> <span class='ocrx_word' id='word_1_70' title='bbox 581 953 820 990; x_wconf 71' lang='lat' dir='ltr'>assumptorum</span> <span class='ocrx_word' id='word_1_71' title='bbox 842 953 916 980; x_wconf 81' lang='lat' dir='ltr'>vota</span> <span class='ocrx_word' id='word_1_72' title='bbox 937 949 1124 991; x_wconf 83' lang='lat' dir='ltr'>postulant,</span> <span class='ocrx_word' id='word_1_73' title='bbox 1145 954 1175 980; x_wconf 87' lang='lat' dir='ltr'>et</span> 
     </span>
     <span class='ocr_line' id='line_1_24' title="bbox 433 1000 1175 1043; baseline 0.001 -11"><span class='ocrx_word' id='word_1_74' title='bbox 433 1011 491 1033; x_wconf 91' lang='lat' dir='ltr'>nos</span> <span class='ocrx_word' id='word_1_75' title='bbox 505 1000 543 1032; x_wconf 85' lang='lat' dir='ltr'>ad</span> <span class='ocrx_word' id='word_1_76' title='bbox 562 1000 758 1032; x_wconf 87' lang='lat' dir='ltr'>incitandam</span> <span class='ocrx_word' id='word_1_77' title='bbox 781 1000 1015 1043; x_wconf 71' lang='lat' dir='ltr'>fovendamque</span> <span class='ocrx_word' id='word_1_78' title='bbox 1032 1000 1175 1033; x_wconf 77' lang='lat' dir='ltr'>fidelium</span> 
     </span>
     <span class='ocr_line' id='line_1_25' title="bbox 433 1053 1175 1097; baseline 0.001 -12"><span class='ocrx_word' id='word_1_79' title='bbox 433 1053 586 1096; x_wconf 87' lang='lat' dir='ltr'>pietatem</span> <span class='ocrx_word' id='word_1_80' title='bbox 614 1063 739 1086; x_wconf 83' lang='lat' dir='ltr'><em>necnon</em></span> <span class='ocrx_word' id='word_1_81' title='bbox 763 1053 946 1095; x_wconf 81' lang='lat' dir='ltr'>augendum</span> <span class='ocrx_word' id='word_1_82' title='bbox 974 1053 1175 1097; x_wconf 87' lang='lat' dir='ltr'>potissimum</span> 
     </span>
     <span class='ocr_line' id='line_1_26' title="bbox 435 1105 1176 1149; baseline 0 -11"><span class='ocrx_word' id='word_1_83' title='bbox 435 1116 511 1149; x_wconf 73' lang='lat' dir='ltr'>erga</span> <span class='ocrx_word' id='word_1_84' title='bbox 537 1105 811 1149; x_wconf 72' lang='lat' dir='ltr'>gloriosissimam</span> <span class='ocrx_word' id='word_1_85' title='bbox 830 1106 994 1149; x_wconf 78' lang='lat' dir='ltr'>Virginem</span> <span class='ocrx_word' id='word_1_86' title='bbox 1014 1106 1069 1139; x_wconf 87' lang='lat' dir='ltr'>Dei</span> <span class='ocrx_word' id='word_1_87' title='bbox 1086 1107 1176 1149; x_wconf 78' lang='lat' dir='ltr'>geni-</span> 
     </span>
     <span class='ocr_line' id='line_1_27' title="bbox 434 1158 1175 1193; baseline 0.001 -2"><span class='ocrx_word' id='word_1_88' title='bbox 434 1159 548 1192; x_wconf 82' lang='lat' dir='ltr'>tricem</span> <span class='ocrx_word' id='word_1_89' title='bbox 574 1158 704 1192; x_wconf 86' lang='lat' dir='ltr'>Mariam</span> <span class='ocrx_word' id='word_1_90' title='bbox 741 1161 862 1192; x_wconf 88' lang='lat' dir='ltr'>cultum</span> <span class='ocrx_word' id='word_1_91' title='bbox 899 1170 934 1193; x_wconf 87' lang='lat' dir='ltr'>ac</span> <span class='ocrx_word' id='word_1_92' title='bbox 971 1159 1175 1193; x_wconf 81' lang='lat' dir='ltr'>devotionem</span> 
     </span>
     <span class='ocr_line' id='line_1_28' title="bbox 434 1212 1085 1254; baseline 0.002 -10"><span class='ocrx_word' id='word_1_93' title='bbox 434 1213 638 1254; x_wconf 86' lang='lat' dir='ltr'>profuturum</span> <span class='ocrx_word' id='word_1_94' title='bbox 662 1212 695 1245; x_wconf 95' lang='lat' dir='ltr'>in</span> <span class='ocrx_word' id='word_1_95' title='bbox 713 1212 851 1246; x_wconf 91' lang='lat' dir='ltr'>Domino</span> <span class='ocrx_word' id='word_1_96' title='bbox 878 1213 1085 1245; x_wconf 74' lang='lat' dir='ltr'>arbitramur.</span> 
     </span>
    </p>

    <p class='ocr_par' dir='ltr' id='par_1_9' title="bbox 432 1265 1176 1894">
     <span class='ocr_line' id='line_1_29' title="bbox 478 1265 1175 1309; baseline 0.001 -12"><span class='ocrx_word' id='word_1_97' title='bbox 478 1266 492 1308; x_wconf 61' lang='grc' dir='ltr'>ξ</span> <span class='ocrx_word' id='word_1_98' title='bbox 519 1265 548 1297; x_wconf 81' lang='lat' dir='ltr'>l.</span> <span class='ocrx_word' id='word_1_99' title='bbox 578 1266 664 1298; x_wconf 73' lang='lat' dir='ltr'>Alias</span> <span class='ocrx_word' id='word_1_100' title='bbox 698 1265 858 1309; x_wconf 83' lang='lat' dir='ltr'>siquidem</span> <span class='ocrx_word' id='word_1_101' title='bbox 894 1266 997 1298; x_wconf 85' lang='lat' dir='ltr'>felicis</span> <span class='ocrx_word' id='word_1_102' title='bbox 1023 1265 1175 1299; x_wconf 86' lang='lat' dir='ltr'>recorda-</span> 
     </span>
     <span class='ocr_line' id='line_1_30' title="bbox 435 1318 1176 1361; baseline 0 -10"><span class='ocrx_word' id='word_1_103' title='bbox 435 1318 531 1351; x_wconf 82' lang='lat' dir='ltr'>tionis</span> <span class='ocrx_word' id='word_1_104' title='bbox 565 1318 714 1352; x_wconf 83' lang='lat' dir='ltr'>Clemens</span> <span class='ocrx_word' id='word_1_105' title='bbox 743 1319 769 1350; x_wconf 75' lang='lat' dir='ltr'>X</span> <span class='ocrx_word' id='word_1_106' title='bbox 794 1319 1030 1361; x_wconf 80' lang='lat' dir='ltr'>praedecessor</span> <span class='ocrx_word' id='word_1_107' title='bbox 1062 1324 1176 1351; x_wconf 87' lang='lat' dir='ltr'>noster</span> 
     </span>
     <span class='ocr_line' id='line_1_31' title="bbox 434 1371 1175 1414; baseline 0 -10"><span class='ocrx_word' id='word_1_108' title='bbox 434 1371 562 1404; x_wconf 84' lang='lat' dir='ltr'>clericis</span> <span class='ocrx_word' id='word_1_109' title='bbox 575 1371 779 1414; x_wconf 79' lang='lat' dir='ltr'>regularibus</span> <span class='ocrx_word' id='word_1_110' title='bbox 793 1371 1059 1414; x_wconf 80' lang='lat' dir='ltr'>Congregationis</span> <span class='ocrx_word' id='word_1_111' title='bbox 1074 1372 1175 1404; x_wconf 86' lang='lat' dir='ltr'>Thea-</span> 
     </span>
     <span class='ocr_line' id='line_1_32' title="bbox 435 1424 1174 1469; baseline 0.004 -14"><span class='ocrx_word' id='word_1_112' title='bbox 435 1424 578 1458; x_wconf 87' lang='lat' dir='ltr'>tinorum</span> <span class='ocrx_word' id='word_1_113' title='bbox 598 1430 858 1468; x_wconf 82' lang='lat' dir='ltr'>nuncupatorum</span> <span class='ocrx_word' id='word_1_114' title='bbox 877 1425 1058 1469; x_wconf 78' lang='lat' dir='ltr'>scapularia</span> <span class='ocrx_word' id='word_1_115' title='bbox 1076 1436 1174 1468; x_wconf 83' lang='lat' dir='ltr'>parva</span> 
     </span>
     <span class='ocr_line' id='line_1_33' title="bbox 434 1477 1173 1522; baseline 0.003 -13"><span class='ocrx_word' id='word_1_116' title='bbox 434 1478 575 1511; x_wconf 87' lang='lat' dir='ltr'>caerulei</span> <span class='ocrx_word' id='word_1_117' title='bbox 618 1477 738 1511; x_wconf 90' lang='lat' dir='ltr'>coloris</span> <span class='ocrx_word' id='word_1_118' title='bbox 775 1478 1014 1519; x_wconf 84' lang='lat' dir='ltr'>benedicendi,</span> <span class='ocrx_word' id='word_1_119' title='bbox 1052 1478 1173 1522; x_wconf 87' lang='lat' dir='ltr'>illaque</span> 
     </span>
     <span class='ocr_line' id='line_1_34' title="bbox 433 1530 1175 1575; baseline 0.003 -13"><span class='ocrx_word' id='word_1_120' title='bbox 433 1530 704 1564; x_wconf 79' lang='lat' dir='ltr'>christifidelibus</span> <span class='ocrx_word' id='word_1_121' title='bbox 730 1531 785 1574; x_wconf 88' lang='lat' dir='ltr'>pio</span> <span class='ocrx_word' id='word_1_122' title='bbox 812 1531 992 1565; x_wconf 87' lang='lat' dir='ltr'>devotionis</span> <span class='ocrx_word' id='word_1_123' title='bbox 1011 1542 1088 1575; x_wconf 81' lang='lat' dir='ltr'>erga</span> <span class='ocrx_word' id='word_1_124' title='bbox 1108 1542 1175 1574; x_wconf 76' lang='lat' dir='ltr'>my-</span> 
     </span>
     <span class='ocr_line' id='line_1_35' title="bbox 433 1583 1174 1627; baseline -0.001 -11"><span class='ocrx_word' id='word_1_125' title='bbox 433 1584 569 1617; x_wconf 81' lang='lat' dir='ltr'>sterium</span> <span class='ocrx_word' id='word_1_126' title='bbox 593 1583 824 1627; x_wconf 87' lang='lat' dir='ltr'>Conceptionis</span> <span class='ocrx_word' id='word_1_127' title='bbox 843 1584 877 1617; x_wconf 90' lang='lat' dir='ltr'>B.</span> <span class='ocrx_word' id='word_1_128' title='bbox 898 1584 1014 1617; x_wconf 82' lang='lat' dir='ltr'>Mariae</span> <span class='ocrx_word' id='word_1_129' title='bbox 1034 1584 1174 1627; x_wconf 71' lang='lat' dir='ltr'>Virginis</span> 
     </span>
     <span class='ocr_line' id='line_1_36' title="bbox 434 1635 1174 1680; baseline 0.001 -12"><span class='ocrx_word' id='word_1_130' title='bbox 434 1635 692 1669; x_wconf 85' lang='lat' dir='ltr'>immmaculatae</span> <span class='ocrx_word' id='word_1_131' title='bbox 712 1635 824 1670; x_wconf 81' lang='lat' dir='ltr'>affectu</span> <span class='ocrx_word' id='word_1_132' title='bbox 844 1647 881 1669; x_wconf 89' lang='lat' dir='ltr'>ea</span> <span class='ocrx_word' id='word_1_133' title='bbox 900 1642 1025 1680; x_wconf 80' lang='lat' dir='ltr'>gestare</span> <span class='ocrx_word' id='word_1_134' title='bbox 1042 1637 1174 1680; x_wconf 86' lang='lat' dir='ltr'>cupien-</span> 
     </span>
     <span class='ocr_line' id='line_1_37' title="bbox 434 1689 1173 1733; baseline 0.001 -12"><span class='ocrx_word' id='word_1_135' title='bbox 434 1689 530 1731; x_wconf 80' lang='lat' dir='ltr'>tibus,</span> <span class='ocrx_word' id='word_1_136' title='bbox 558 1690 828 1733; x_wconf 87' lang='lat' dir='ltr'>quemadmodum</span> <span class='ocrx_word' id='word_1_137' title='bbox 854 1690 886 1722; x_wconf 93' lang='lat' dir='ltr'>in</span> <span class='ocrx_word' id='word_1_138' title='bbox 911 1690 1065 1733; x_wconf 81' lang='lat' dir='ltr'>Hispania</span> <span class='ocrx_word' id='word_1_139' title='bbox 1096 1690 1173 1723; x_wconf 88' lang='lat' dir='ltr'>iam—</span> 
     </span>
     <span class='ocr_line' id='line_1_38' title="bbox 434 1741 1171 1783; baseline 0 -8"><span class='ocrx_word' id='word_1_140' title='bbox 434 1741 553 1775; x_wconf 89' lang='lat' dir='ltr'>dudum</span> <span class='ocrx_word' id='word_1_141' title='bbox 579 1743 647 1776; x_wconf 85' lang='lat' dir='ltr'>sieri</span> <span class='ocrx_word' id='word_1_142' title='bbox 673 1748 906 1783; x_wconf 84' lang='lat' dir='ltr'>consueverat,</span> <span class='ocrx_word' id='word_1_143' title='bbox 939 1743 1171 1783; x_wconf 89' lang='lat' dir='ltr'>distribuendi,</span> 
     </span>
     <span class='ocr_line' id='line_1_39' title="bbox 432 1796 1172 1835; baseline 0.001 -7"><span class='ocrx_word' id='word_1_144' title='bbox 432 1796 597 1829; x_wconf 76' lang='lat' dir='ltr'>licentiam</span> <span class='ocrx_word' id='word_1_145' title='bbox 618 1803 649 1829; x_wconf 88' lang='lat' dir='ltr'>et</span> <span class='ocrx_word' id='word_1_146' title='bbox 668 1797 863 1835; x_wconf 78' lang='lat' dir='ltr'>facultatem,</span> <span class='ocrx_word' id='word_1_147' title='bbox 884 1797 941 1829; x_wconf 89' lang='lat' dir='ltr'>sub</span> <span class='ocrx_word' id='word_1_148' title='bbox 960 1797 1055 1829; x_wconf 82' lang='lat' dir='ltr'>certis</span> <span class='ocrx_word' id='word_1_149' title='bbox 1076 1797 1172 1830; x_wconf 89' lang='lat' dir='ltr'>modo</span> 
     </span>
     <span class='ocr_line' id='line_1_40' title="bbox 433 1850 1173 1894; baseline 0.003 -13"><span class='ocrx_word' id='word_1_150' title='bbox 433 1854 465 1881; x_wconf 87' lang='lat' dir='ltr'>et</span> <span class='ocrx_word' id='word_1_151' title='bbox 482 1850 583 1882; x_wconf 78' lang='lat' dir='ltr'>forma</span> <span class='ocrx_word' id='word_1_152' title='bbox 601 1855 676 1882; x_wconf 90' lang='lat' dir='ltr'>tunc</span> <span class='ocrx_word' id='word_1_153' title='bbox 694 1851 868 1894; x_wconf 74' lang='lat' dir='ltr'>expressis,</span> <span class='ocrx_word' id='word_1_154' title='bbox 889 1850 1077 1883; x_wconf 83' lang='lat' dir='ltr'>anctoritate</span> <span class='ocrx_word' id='word_1_155' title='bbox 1096 1861 1173 1894; x_wconf 87' lang='lat' dir='ltr'>apo-</span> 
     </span>
    </p>
   </div>
   <div class='ocr_carea' id='block_1_8' title="bbox 432 1903 1196 2051">
    <p class='ocr_par' dir='ltr' id='par_1_10' title="bbox 432 1903 1196 2051">
     <span class='ocr_line' id='line_1_41' title="bbox 432 1903 1195 1946; baseline 0.001 -11"><span class='ocrx_word' id='word_1_156' title='bbox 432 1903 544 1936; x_wconf 75' lang='lat' dir='ltr'>stolica</span> <span class='ocrx_word' id='word_1_157' title='bbox 570 1903 683 1935; x_wconf 85' lang='lat' dir='ltr'>tribuit</span> <span class='ocrx_word' id='word_1_158' title='bbox 701 1909 731 1936; x_wconf 88' lang='lat' dir='ltr'>et</span> <span class='ocrx_word' id='word_1_159' title='bbox 750 1903 932 1946; x_wconf 87' lang='lat' dir='ltr'>impertitus</span> <span class='ocrx_word' id='word_1_160' title='bbox 946 1903 1013 1942; x_wconf 89' lang='lat' dir='ltr'>fuit,</span> <span class='ocrx_word' id='word_1_161' title='bbox 1034 1909 1065 1935; x_wconf 87' lang='lat' dir='ltr'>ct</span> <span class='ocrx_word' id='word_1_162' title='bbox 1084 1904 1171 1943; x_wconf 72' lang='lat' dir='ltr'>alias,</span> <span class='ocrx_word' id='word_1_163' title='bbox 1194 1919 1195 1925; x_wconf 50' lang='lat'>¹</span> 
     </span>
     <span class='ocr_line' id='line_1_42' title="bbox 432 1955 1173 1998; baseline 0 -9"><span class='ocrx_word' id='word_1_164' title='bbox 432 1961 528 1998; x_wconf 85' lang='lat' dir='ltr'>prout</span> <span class='ocrx_word' id='word_1_165' title='bbox 552 1955 584 1988; x_wconf 94' lang='lat' dir='ltr'>in</span> <span class='ocrx_word' id='word_1_166' title='bbox 611 1955 712 1998; x_wconf 87' lang='lat' dir='ltr'>ipsius</span> <span class='ocrx_word' id='word_1_167' title='bbox 737 1955 914 1989; x_wconf 79' lang='lat' dir='ltr'>Clementis</span> <span class='ocrx_word' id='word_1_168' title='bbox 939 1956 1173 1998; x_wconf 80' lang='lat' dir='ltr'>praedecesso·</span> 
     </span>
     <span class='ocr_line' id='line_1_43' title="bbox 433 2004 1196 2051; baseline 0.003 -11"><span class='ocrx_word' id='word_1_169' title='bbox 433 2009 477 2040; x_wconf 89' lang='lat' dir='ltr'>ris</span> <span class='ocrx_word' id='word_1_170' title='bbox 503 2008 619 2041; x_wconf 86' lang='lat' dir='ltr'>litteris</span> <span class='ocrx_word' id='word_1_171' title='bbox 645 2009 786 2051; x_wconf 77' lang='lat' dir='ltr'>desuper</span> <span class='ocrx_word' id='word_1_172' title='bbox 806 2009 837 2041; x_wconf 95' lang='lat' dir='ltr'>in</span> <span class='ocrx_word' id='word_1_173' title='bbox 859 2008 956 2042; x_wconf 88' lang='lat' dir='ltr'>simili</span> <span class='ocrx_word' id='word_1_174' title='bbox 979 2010 1079 2042; x_wconf 78' lang='lat' dir='ltr'>forma</span> <span class='ocrx_word' id='word_1_175' title='bbox 1105 2010 1172 2042; x_wconf 88' lang='lat' dir='ltr'>Brc·</span> <span class='ocrx_word' id='word_1_176' title='bbox 1195 2004 1196 2014; x_wconf 57' lang='lat'><strong>³</strong></span> 
     </span>
    </p>
   </div>
   <div class='ocr_carea' id='block_1_9' title="bbox 434 2060 1172 2158">
    <p class='ocr_par' dir='ltr' id='par_1_11' title="bbox 434 2060 1172 2158">
     <span class='ocr_line' id='line_1_44' title="bbox 434 2060 1170 2104; baseline 0.001 -12"><span class='ocrx_word' id='word_1_177' title='bbox 434 2060 479 2092; x_wconf 92' lang='lat' dir='ltr'>vis</span> <span class='ocrx_word' id='word_1_178' title='bbox 506 2061 557 2093; x_wconf 85' lang='lat' dir='ltr'>dic</span> <span class='ocrx_word' id='word_1_179' title='bbox 583 2071 641 2094; x_wconf 79' lang='lat' dir='ltr'>xxx</span> <span class='ocrx_word' id='word_1_180' title='bbox 666 2062 802 2094; x_wconf 85' lang='lat' dir='ltr'>ianuarii</span> <span class='ocrx_word' id='word_1_181' title='bbox 823 2071 962 2095; x_wconf 82' lang='lat' dir='ltr'>MDCLxxt</span> <span class='ocrx_word' id='word_1_182' title='bbox 988 2062 1170 2104; x_wconf 78' lang='lat' dir='ltr'>expeditis,</span> 
     </span>
     <span class='ocr_line' id='line_1_45' title="bbox 434 2115 1172 2158; baseline 0.003 -13"><span class='ocrx_word' id='word_1_183' title='bbox 434 2123 571 2156; x_wconf 87' lang='lat' dir='ltr'>quarum</span> <span class='ocrx_word' id='word_1_184' title='bbox 591 2120 737 2147; x_wconf 87' lang='lat' dir='ltr'>tenorem</span> <span class='ocrx_word' id='word_1_185' title='bbox 753 2115 981 2158; x_wconf 84' lang='lat' dir='ltr'>praesentibus</span> <span class='ocrx_word' id='word_1_186' title='bbox 1001 2125 1058 2158; x_wconf 90' lang='lat' dir='ltr'>pro</span> <span class='ocrx_word' id='word_1_187' title='bbox 1078 2115 1172 2157; x_wconf 86' lang='lat' dir='ltr'>plene</span> 
     </span>
    </p>
   </div>
   <div class='ocr_carea' id='block_1_10' title="bbox 436 2166 1196 2210">
    <p class='ocr_par' dir='ltr' id='par_1_12' title="bbox 436 2166 1196 2210">
     <span class='ocr_line' id='line_1_46' title="bbox 436 2166 1196 2210; baseline 0.005 -13"><span class='ocrx_word' id='word_1_188' title='bbox 436 2171 468 2198; x_wconf 89' lang='lat' dir='ltr'>et</span> <span class='ocrx_word' id='word_1_189' title='bbox 492 2166 688 2200; x_wconf 82' lang='lat' dir='ltr'>sufficienter</span> <span class='ocrx_word' id='word_1_190' title='bbox 719 2178 874 2210; x_wconf 78' lang='lat' dir='ltr'>expresso</span> <span class='ocrx_word' id='word_1_191' title='bbox 906 2178 943 2200; x_wconf 87' lang='lat' dir='ltr'>ac</span> <span class='ocrx_word' id='word_1_192' title='bbox 969 2168 1091 2200; x_wconf 89' lang='lat' dir='ltr'>inserto</span> <span class='ocrx_word' id='word_1_193' title='bbox 1118 2168 1196 2201; x_wconf 51' lang='lat' dir='ltr'>ha-¹</span> 
     </span>
    </p>
   </div>
   <div class='ocr_carea' id='block_1_11' title="bbox 433 2219 1174 2370">
    <p class='ocr_par' dir='ltr' id='par_1_13' title="bbox 433 2219 1174 2370">
     <span class='ocr_line' id='line_1_47' title="bbox 433 2219 1174 2260; baseline 0.004 -9"><span class='ocrx_word' id='word_1_194' title='bbox 433 2219 504 2252; x_wconf 88' lang='lat' dir='ltr'>beri</span> <span class='ocrx_word' id='word_1_195' title='bbox 529 2220 684 2260; x_wconf 82' lang='lat' dir='ltr'>volumus,</span> <span class='ocrx_word' id='word_1_196' title='bbox 707 2220 840 2253; x_wconf 86' lang='lat' dir='ltr'>uberius</span> <span class='ocrx_word' id='word_1_197' title='bbox 865 2221 1060 2254; x_wconf 85' lang='lat' dir='ltr'>continetur.</span> <span class='ocrx_word' id='word_1_198' title='bbox 1084 2220 1174 2254; x_wconf 89' lang='lat' dir='ltr'>Nunc</span> 
     </span>
     <span class='ocr_line' id='line_1_48' title="bbox 435 2273 1174 2314; baseline 0.004 -10"><span class='ocrx_word' id='word_1_199' title='bbox 435 2277 541 2305; x_wconf 85' lang='lat' dir='ltr'>autem</span> <span class='ocrx_word' id='word_1_200' title='bbox 558 2273 833 2314; x_wconf 84' lang='lat' dir='ltr'>nos,landabilem</span> <span class='ocrx_word' id='word_1_201' title='bbox 852 2273 1111 2308; x_wconf 78' lang='lat' dir='ltr'>christifidelium</span> <span class='ocrx_word' id='word_1_202' title='bbox 1129 2284 1174 2307; x_wconf 92' lang='lat' dir='ltr'>er-</span> 
     </span>
     <span class='ocr_line' id='line_1_49' title="bbox 434 2326 1172 2370; baseline 0.001 -11"><span class='ocrx_word' id='word_1_203' title='bbox 434 2335 474 2368; x_wconf 83' lang='lat' dir='ltr'>ga</span> <span class='ocrx_word' id='word_1_204' title='bbox 504 2326 692 2369; x_wconf 66' lang='lat' dir='ltr'>mysterium</span> <span class='ocrx_word' id='word_1_205' title='bbox 717 2327 940 2370; x_wconf 85' lang='lat' dir='ltr'>supradictum</span> <span class='ocrx_word' id='word_1_206' title='bbox 966 2327 1172 2360; x_wconf 89' lang='lat' dir='ltr'>devotionem</span> 
     </span>
    </p>
   </div>
   <div class='ocr_carea' id='block_1_12' title="bbox 433 2421 1173 2628">
    <p class='ocr_par' dir='ltr' id='par_1_14' title="bbox 433 2421 1173 2628">
     <span class='ocr_line' id='line_1_50' title="bbox 469 2421 1173 2455; baseline 0.001 -6"><span class='ocrx_word' id='word_1_207' title='bbox 469 2423 482 2449; x_wconf 78' lang='lat'>‘1</span> <span class='ocrx_word' id='word_1_208' title='bbox 505 2422 653 2449; x_wconf 82' lang='lat' dir='ltr'>Innocentii</span> <span class='ocrx_word' id='word_1_209' title='bbox 672 2421 717 2448; x_wconf 79' lang='lat' dir='ltr'>xli</span> <span class='ocrx_word' id='word_1_210' title='bbox 739 2423 846 2449; x_wconf 84' lang='lat' dir='ltr'>constit.</span> <span class='ocrx_word' id='word_1_211' title='bbox 863 2422 925 2449; x_wconf 86' lang='lat' dir='ltr'>edit.</span> <span class='ocrx_word' id='word_1_212' title='bbox 947 2429 1054 2455; x_wconf 75' lang='lat' dir='ltr'>Mncxm,</span> <span class='ocrx_word' id='word_1_213' title='bbox 1076 2422 1119 2449; x_wconf 85' lang='lat' dir='ltr'>die</span> <span class='ocrx_word' id='word_1_214' title='bbox 1141 2423 1173 2450; x_wconf 89' lang='grc'>15</span> 
     </span>
     <span class='ocr_line' id='line_1_51' title="bbox 434 2465 1171 2501; baseline 0 -9"><span class='ocrx_word' id='word_1_215' title='bbox 434 2466 512 2501; x_wconf 82' lang='lat' dir='ltr'>iulii,</span> <span class='ocrx_word' id='word_1_216' title='bbox 533 2465 628 2501; x_wconf 82' lang='lat' dir='ltr'>pontif.</span> <span class='ocrx_word' id='word_1_217' title='bbox 649 2472 677 2499; x_wconf 91' lang='grc'>1,</span> <span class='ocrx_word' id='word_1_218' title='bbox 703 2469 774 2492; x_wconf 84' lang='lat' dir='ltr'>extat</span> <span class='ocrx_word' id='word_1_219' title='bbox 801 2466 970 2493; x_wconf 83' lang='lat' dir='ltr'>canonizatio</span> <span class='ocrx_word' id='word_1_220' title='bbox 997 2466 1022 2493; x_wconf 89' lang='lat' dir='ltr'>S.</span> <span class='ocrx_word' id='word_1_221' title='bbox 1053 2466 1171 2493; x_wconf 80' lang='lat' dir='ltr'>Caietani</span> 
     </span>
     <span class='ocr_line' id='line_1_52' title="bbox 434 2509 1172 2543; baseline 0.001 -7"><span class='ocrx_word' id='word_1_222' title='bbox 434 2509 580 2543; x_wconf 74' lang='lat' dir='ltr'>Thienaei5</span> <span class='ocrx_word' id='word_1_223' title='bbox 600 2514 625 2537; x_wconf 85' lang='lat' dir='ltr'>et</span> <span class='ocrx_word' id='word_1_224' title='bbox 645 2510 671 2536; x_wconf 92' lang='lat' dir='ltr'>in</span> <span class='ocrx_word' id='word_1_225' title='bbox 687 2510 767 2536; x_wconf 89' lang='lat' dir='ltr'>huius</span> <span class='ocrx_word' id='word_1_226' title='bbox 796 2509 933 2536; x_wconf 85' lang='lat' dir='ltr'>Pontificis</span> <span class='ocrx_word' id='word_1_227' title='bbox 962 2510 1068 2537; x_wconf 86' lang='lat' dir='ltr'>constit.</span> <span class='ocrx_word' id='word_1_228' title='bbox 1100 2510 1172 2537; x_wconf 70' lang='lat' dir='ltr'>edita</span> 
     </span>
     <span class='ocr_line' id='line_1_53' title="bbox 434 2554 1172 2590; baseline 0.003 -9"><span class='ocrx_word' id='word_1_229' title='bbox 434 2561 559 2589; x_wconf 71' lang='lat' dir='ltr'>nucem,</span> <span class='ocrx_word' id='word_1_230' title='bbox 580 2554 623 2581; x_wconf 82' lang='lat' dir='ltr'>die</span> <span class='ocrx_word' id='word_1_231' title='bbox 649 2554 683 2581; x_wconf 73' lang='lat'>22</span> <span class='ocrx_word' id='word_1_232' title='bbox 710 2554 791 2589; x_wconf 86' lang='lat' dir='ltr'>maii,</span> <span class='ocrx_word' id='word_1_233' title='bbox 813 2554 906 2590; x_wconf 85' lang='lat' dir='ltr'>pontif.</span> <span class='ocrx_word' id='word_1_234' title='bbox 928 2562 985 2587; x_wconf 85' lang='lat' dir='ltr'>xn,</span> <span class='ocrx_word' id='word_1_235' title='bbox 1008 2555 1172 2583; x_wconf 82' lang='lat' dir='ltr'>canonizatio</span> 
     </span>
     <span class='ocr_line' id='line_1_54' title="bbox 433 2599 752 2628; baseline -0.016 0"><span class='ocrx_word' id='word_1_236' title='bbox 433 2600 459 2628; x_wconf 90' lang='lat' dir='ltr'>S.</span> <span class='ocrx_word' id='word_1_237' title='bbox 482 2599 604 2626; x_wconf 83' lang='lat' dir='ltr'>Andreae</span> <span class='ocrx_word' id='word_1_238' title='bbox 625 2599 752 2627; x_wconf 85' lang='lat' dir='ltr'>Avellini.</span> 
     </span>
    </p>
   </div>
   <div class='ocr_carea' id='block_1_13' title="bbox 1195 260 1200 2624">
    <p class='ocr_par' dir='ltr' id='par_1_15' title="bbox 1195 260 1200 2624">
     <span class='ocr_line' id='line_1_55' title="bbox 1195 260 1200 2624; baseline 0 0"><span class='ocrx_word' id='word_1_239' title='bbox 1195 260 1200 2624; x_wconf 95' lang='lat' dir='ltr'> </span> 
     </span>
    </p>
   </div>
   <div class='ocr_carea' id='block_1_14' title="bbox 1022 209 1378 235">
    <p class='ocr_par' dir='ltr' id='par_1_16' title="bbox 1022 209 1378 235">
     <span class='ocr_line' id='line_1_56' title="bbox 1022 209 1378 235; baseline 0.003 -1"><span class='ocrx_word' id='word_1_240' title='bbox 1022 209 1201 235; x_wconf 70' lang='lat' dir='ltr'>nuLLAnmtt</span> <span class='ocrx_word' id='word_1_241' title='bbox 1225 209 1378 235; x_wconf 60' lang='lat' dir='ltr'>nonaum!</span> 
     </span>
    </p>
   </div>
   <div class='ocr_carea' id='block_1_15' title="bbox 1215 260 1962 2642">
    <p class='ocr_par' dir='ltr' id='par_1_17' title="bbox 1215 260 1962 2642">
     <span class='ocr_line' id='line_1_57' title="bbox 1220 260 1959 304; baseline 0.001 -12"><span class='ocrx_word' id='word_1_242' title='bbox 1220 260 1323 303; x_wconf 84' lang='lat' dir='ltr'>magis</span> <span class='ocrx_word' id='word_1_243' title='bbox 1349 260 1516 303; x_wconf 81' lang='lat' dir='ltr'>magisque</span> <span class='ocrx_word' id='word_1_244' title='bbox 1544 260 1575 292; x_wconf 94' lang='lat' dir='ltr'>in</span> <span class='ocrx_word' id='word_1_245' title='bbox 1601 260 1669 293; x_wconf 84' lang='lat' dir='ltr'>dies</span> <span class='ocrx_word' id='word_1_246' title='bbox 1695 260 1807 303; x_wconf 77' lang='lat' dir='ltr'>augeri</span> <span class='ocrx_word' id='word_1_247' title='bbox 1834 264 1866 293; x_wconf 87' lang='lat' dir='ltr'>et</span> <span class='ocrx_word' id='word_1_248' title='bbox 1883 270 1959 304; x_wconf 88' lang='lat' dir='ltr'>pro·</span> 
     </span>
     <span class='ocr_line' id='line_1_58' title="bbox 1220 313 1959 356; baseline 0.001 -11"><span class='ocrx_word' id='word_1_249' title='bbox 1220 314 1330 356; x_wconf 79' lang='lat' dir='ltr'>pagari</span> <span class='ocrx_word' id='word_1_250' title='bbox 1349 313 1528 356; x_wconf 87' lang='lat' dir='ltr'>cupientes,</span> <span class='ocrx_word' id='word_1_251' title='bbox 1543 313 1834 356; x_wconf 81' lang='lat' dir='ltr'>supplicationibus</span> <span class='ocrx_word' id='word_1_252' title='bbox 1860 313 1959 347; x_wconf 86' lang='lat' dir='ltr'>totius</span> 
     </span>
     <span class='ocr_line' id='line_1_59' title="bbox 1220 365 1959 408; baseline 0.001 -11"><span class='ocrx_word' id='word_1_253' title='bbox 1220 365 1488 408; x_wconf 76' lang='lat' dir='ltr'>Congregationis</span> <span class='ocrx_word' id='word_1_254' title='bbox 1534 367 1722 399; x_wconf 83' lang='lat' dir='ltr'>corumdem</span> <span class='ocrx_word' id='word_1_255' title='bbox 1766 366 1959 399; x_wconf 88' lang='lat' dir='ltr'>clericorum</span> 
     </span>
     <span class='ocr_line' id='line_1_60' title="bbox 1219 419 1959 461; baseline 0.003 -11"><span class='ocrx_word' id='word_1_256' title='bbox 1219 420 1415 461; x_wconf 78' lang='lat' dir='ltr'>regularium</span> <span class='ocrx_word' id='word_1_257' title='bbox 1441 419 1673 452; x_wconf 86' lang='lat' dir='ltr'>Theatinorum</span> <span class='ocrx_word' id='word_1_258' title='bbox 1708 420 1838 453; x_wconf 83' lang='lat' dir='ltr'>nomine</span> <span class='ocrx_word' id='word_1_259' title='bbox 1866 419 1959 452; x_wconf 83' lang='lat' dir='ltr'>nobis</span> 
     </span>
     <span class='ocr_line' id='line_1_61' title="bbox 1220 472 1958 516; baseline 0.004 -13"><span class='ocrx_word' id='word_1_260' title='bbox 1220 482 1316 514; x_wconf 84' lang='lat' dir='ltr'>super</span> <span class='ocrx_word' id='word_1_261' title='bbox 1341 472 1403 504; x_wconf 89' lang='lat' dir='ltr'>hoc</span> <span class='ocrx_word' id='word_1_262' title='bbox 1433 473 1602 505; x_wconf 84' lang='lat' dir='ltr'>humiliter</span> <span class='ocrx_word' id='word_1_263' title='bbox 1634 473 1792 516; x_wconf 80' lang='lat' dir='ltr'>porrectis</span> <span class='ocrx_word' id='word_1_264' title='bbox 1818 472 1958 515; x_wconf 83' lang='lat' dir='ltr'>benigne</span> 
     </span>
     <span class='ocr_line' id='line_1_62' title="bbox 1220 524 1959 569; baseline 0.001 -13"><span class='ocrx_word' id='word_1_265' title='bbox 1220 524 1377 565; x_wconf 86' lang='lat' dir='ltr'>inclinati,</span> <span class='ocrx_word' id='word_1_266' title='bbox 1407 525 1444 558; x_wconf 87' lang='lat' dir='ltr'>de</span> <span class='ocrx_word' id='word_1_267' title='bbox 1471 525 1704 569; x_wconf 86' lang='lat' dir='ltr'>omnipotentis</span> <span class='ocrx_word' id='word_1_268' title='bbox 1738 525 1794 558; x_wconf 85' lang='lat' dir='ltr'>Dei</span> <span class='ocrx_word' id='word_1_269' title='bbox 1831 525 1959 558; x_wconf 83' lang='lat' dir='ltr'>miscri-</span> 
     </span>
     <span class='ocr_line' id='line_1_63' title="bbox 1220 577 1959 622; baseline 0.003 -13"><span class='ocrx_word' id='word_1_270' title='bbox 1220 577 1330 610; x_wconf 77' lang='lat' dir='ltr'>cordia</span> <span class='ocrx_word' id='word_1_271' title='bbox 1355 589 1391 611; x_wconf 88' lang='lat' dir='ltr'>ac</span> <span class='ocrx_word' id='word_1_272' title='bbox 1415 578 1583 611; x_wconf 81' lang='lat' dir='ltr'>beatorum</span> <span class='ocrx_word' id='word_1_273' title='bbox 1609 578 1693 611; x_wconf 79' lang='lat' dir='ltr'>Petri</span> <span class='ocrx_word' id='word_1_274' title='bbox 1713 584 1745 611; x_wconf 88' lang='lat' dir='ltr'>et</span> <span class='ocrx_word' id='word_1_275' title='bbox 1765 578 1856 611; x_wconf 85' lang='lat' dir='ltr'>Pauli</span> <span class='ocrx_word' id='word_1_276' title='bbox 1883 588 1959 622; x_wconf 88' lang='lat' dir='ltr'>apo-</span> 
     </span>
     <span class='ocr_line' id='line_1_64' title="bbox 1220 630 1960 671; baseline 0.001 -9"><span class='ocrx_word' id='word_1_277' title='bbox 1220 631 1379 664; x_wconf 87' lang='lat' dir='ltr'>stolorum</span> <span class='ocrx_word' id='word_1_278' title='bbox 1404 631 1472 664; x_wconf 87' lang='lat' dir='ltr'>eius</span> <span class='ocrx_word' id='word_1_279' title='bbox 1499 631 1688 664; x_wconf 87' lang='lat' dir='ltr'>auctoritate</span> <span class='ocrx_word' id='word_1_280' title='bbox 1708 630 1833 671; x_wconf 84' lang='lat' dir='ltr'>conlisi,</span> <span class='ocrx_word' id='word_1_281' title='bbox 1855 631 1960 663; x_wconf 79' lang='lat' dir='ltr'>omni-</span> 
     </span>
     <span class='ocr_line' id='line_1_65' title="bbox 1219 683 1960 728; baseline 0 -13"><span class='ocrx_word' id='word_1_282' title='bbox 1219 683 1279 715; x_wconf 87' lang='lat' dir='ltr'>bns</span> <span class='ocrx_word' id='word_1_283' title='bbox 1306 689 1336 716; x_wconf 85' lang='lat' dir='ltr'>et</span> <span class='ocrx_word' id='word_1_284' title='bbox 1361 684 1498 727; x_wconf 83' lang='lat' dir='ltr'>singulis</span> <span class='ocrx_word' id='word_1_285' title='bbox 1526 685 1695 728; x_wconf 87' lang='lat' dir='ltr'>utriusque</span> <span class='ocrx_word' id='word_1_286' title='bbox 1720 695 1814 717; x_wconf 80' lang='lat' dir='ltr'>sexus</span> <span class='ocrx_word' id='word_1_287' title='bbox 1831 684 1960 716; x_wconf 86' lang='lat' dir='ltr'>christi-</span> 
     </span>
     <span class='ocr_line' id='line_1_66' title="bbox 1220 735 1961 781; baseline 0.001 -13"><span class='ocrx_word' id='word_1_288' title='bbox 1220 735 1391 776; x_wconf 79' lang='lat' dir='ltr'>fidelibus,</span> <span class='ocrx_word' id='word_1_289' title='bbox 1419 737 1534 780; x_wconf 88' lang='lat' dir='ltr'>quibus</span> <span class='ocrx_word' id='word_1_290' title='bbox 1571 738 1753 781; x_wconf 83' lang='lat' dir='ltr'>scapularia</span> <span class='ocrx_word' id='word_1_291' title='bbox 1788 737 1961 771; x_wconf 85' lang='lat' dir='ltr'>benedicta</span> 
     </span>
     <span class='ocr_line' id='line_1_67' title="bbox 1220 790 1956 834; baseline 0.001 -13"><span class='ocrx_word' id='word_1_292' title='bbox 1220 790 1408 823; x_wconf 80' lang='lat' dir='ltr'>huiusmodi</span> <span class='ocrx_word' id='word_1_293' title='bbox 1443 797 1477 823; x_wconf 91' lang='lat' dir='ltr'>ut</span> <span class='ocrx_word' id='word_1_294' title='bbox 1513 792 1696 833; x_wconf 82' lang='lat' dir='ltr'>praefertur</span> <span class='ocrx_word' id='word_1_295' title='bbox 1729 791 1760 823; x_wconf 90' lang='lat' dir='ltr'>in</span> <span class='ocrx_word' id='word_1_296' title='bbox 1792 796 1956 834; x_wconf 82' lang='lat' dir='ltr'>posterum</span> 
     </span>
     <span class='ocr_line' id='line_1_68' title="bbox 1221 842 1960 887; baseline 0.001 -13"><span class='ocrx_word' id='word_1_297' title='bbox 1221 842 1477 882; x_wconf 80' lang='lat' dir='ltr'>distribuentur¹‚</span> <span class='ocrx_word' id='word_1_298' title='bbox 1496 842 1546 875; x_wconf 89' lang='lat' dir='ltr'>die</span> <span class='ocrx_word' id='word_1_299' title='bbox 1559 854 1621 886; x_wconf 82' lang='lat' dir='ltr'>quo</span> <span class='ocrx_word' id='word_1_300' title='bbox 1637 843 1690 876; x_wconf 85' lang='lat' dir='ltr'>illa</span> <span class='ocrx_word' id='word_1_301' title='bbox 1704 844 1841 887; x_wconf 87' lang='lat' dir='ltr'>primum</span> <span class='ocrx_word' id='word_1_302' title='bbox 1855 854 1960 876; x_wconf 80' lang='lat' dir='ltr'>susce-</span> 
     </span>
     <span class='ocr_line' id='line_1_69' title="bbox 1220 895 1960 938; baseline 0.003 -11"><span class='ocrx_word' id='word_1_303' title='bbox 1220 895 1349 938; x_wconf 89' lang='lat' dir='ltr'>perint,</span> <span class='ocrx_word' id='word_1_304' title='bbox 1381 895 1405 927; x_wconf 81' lang='lat' dir='ltr'>si</span> <span class='ocrx_word' id='word_1_305' title='bbox 1432 906 1506 928; x_wconf 86' lang='lat' dir='ltr'>vere</span> <span class='ocrx_word' id='word_1_306' title='bbox 1533 896 1737 938; x_wconf 83' lang='lat' dir='ltr'>poenitentes</span> <span class='ocrx_word' id='word_1_307' title='bbox 1765 901 1795 929; x_wconf 88' lang='lat' dir='ltr'>et</span> <span class='ocrx_word' id='word_1_308' title='bbox 1819 896 1960 929; x_wconf 77' lang='lat' dir='ltr'>confessi</span> 
     </span>
     <span class='ocr_line' id='line_1_70' title="bbox 1221 948 1959 982; baseline 0.003 -3"><span class='ocrx_word' id='word_1_309' title='bbox 1221 948 1460 980; x_wconf 84' lang='lat' dir='ltr'>sanctissimum</span> <span class='ocrx_word' id='word_1_310' title='bbox 1486 948 1708 981; x_wconf 80' lang='lat' dir='ltr'>Eucharistiae</span> <span class='ocrx_word' id='word_1_311' title='bbox 1726 954 1959 982; x_wconf 87' lang='lat' dir='ltr'>sacramentum</span> 
     </span>
     <span class='ocr_line' id='line_1_71' title="bbox 1221 1000 1960 1044; baseline 0.003 -12"><span class='ocrx_word' id='word_1_312' title='bbox 1221 1000 1425 1043; x_wconf 82' lang='lat' dir='ltr'>sumpserint,</span> <span class='ocrx_word' id='word_1_313' title='bbox 1447 1001 1653 1044; x_wconf 84' lang='lat' dir='ltr'>plenariam;</span> <span class='ocrx_word' id='word_1_314' title='bbox 1681 1012 1809 1034; x_wconf 79' lang='lat' dir='ltr'>necnon</span> <span class='ocrx_word' id='word_1_315' title='bbox 1835 1002 1960 1035; x_wconf 86' lang='lat' dir='ltr'>eisdem</span> 
     </span>
     <span class='ocr_line' id='line_1_72' title="bbox 1220 1053 1960 1094; baseline 0.001 -9"><span class='ocrx_word' id='word_1_316' title='bbox 1220 1053 1251 1085; x_wconf 91' lang='lat' dir='ltr'>in</span> <span class='ocrx_word' id='word_1_317' title='bbox 1279 1053 1454 1087; x_wconf 84' lang='lat' dir='ltr'>cuiuslibet</span> <span class='ocrx_word' id='word_1_318' title='bbox 1479 1064 1589 1087; x_wconf 86' lang='lat' dir='ltr'>eorum</span> <span class='ocrx_word' id='word_1_319' title='bbox 1625 1055 1738 1087; x_wconf 88' lang='lat' dir='ltr'>mortis</span> <span class='ocrx_word' id='word_1_320' title='bbox 1763 1054 1912 1094; x_wconf 86' lang='lat' dir='ltr'>articulo,</span> <span class='ocrx_word' id='word_1_321' title='bbox 1933 1054 1960 1086; x_wconf 86' lang='lat' dir='ltr'>si</span> 
     </span>
     <span class='ocr_line' id='line_1_73' title="bbox 1221 1106 1960 1150; baseline 0.003 -12"><span class='ocrx_word' id='word_1_322' title='bbox 1221 1106 1315 1139; x_wconf 79' lang='lat' dir='ltr'>ctiam</span> <span class='ocrx_word' id='word_1_323' title='bbox 1341 1117 1415 1140; x_wconf 84' lang='lat' dir='ltr'>vere</span> <span class='ocrx_word' id='word_1_324' title='bbox 1443 1107 1648 1150; x_wconf 83' lang='lat' dir='ltr'>poenitentes</span> <span class='ocrx_word' id='word_1_325' title='bbox 1681 1113 1713 1140; x_wconf 87' lang='lat' dir='ltr'>et</span> <span class='ocrx_word' id='word_1_326' title='bbox 1737 1107 1900 1146; x_wconf 75' lang='lat' dir='ltr'>confessi,</span> <span class='ocrx_word' id='word_1_327' title='bbox 1925 1118 1960 1140; x_wconf 86' lang='lat' dir='ltr'>ac</span> 
     </span>
     <span class='ocr_line' id='line_1_74' title="bbox 1220 1160 1959 1205; baseline 0 -13"><span class='ocrx_word' id='word_1_328' title='bbox 1220 1161 1311 1192; x_wconf 76' lang='lat' dir='ltr'>sacra</span> <span class='ocrx_word' id='word_1_329' title='bbox 1330 1160 1559 1193; x_wconf 88' lang='lat' dir='ltr'>communione</span> <span class='ocrx_word' id='word_1_330' title='bbox 1578 1160 1699 1201; x_wconf 88' lang='lat' dir='ltr'>refecti,</span> <span class='ocrx_word' id='word_1_331' title='bbox 1719 1161 1778 1201; x_wconf 86' lang='lat' dir='ltr'>vel,</span> <span class='ocrx_word' id='word_1_332' title='bbox 1801 1166 1959 1205; x_wconf 85' lang='lat' dir='ltr'>quatenus</span> 
     </span>
     <span class='ocr_line' id='line_1_75' title="bbox 1220 1212 1961 1257; baseline 0 -12"><span class='ocrx_word' id='word_1_333' title='bbox 1220 1213 1251 1245; x_wconf 83' lang='lat' dir='ltr'>id</span> <span class='ocrx_word' id='word_1_334' title='bbox 1279 1213 1382 1246; x_wconf 79' lang='lat' dir='ltr'>facere</span> <span class='ocrx_word' id='word_1_335' title='bbox 1420 1214 1648 1257; x_wconf 84' lang='lat' dir='ltr'>nequiverint,</span> <span class='ocrx_word' id='word_1_336' title='bbox 1681 1215 1795 1247; x_wconf 87' lang='lat' dir='ltr'>saltem</span> <span class='ocrx_word' id='word_1_337' title='bbox 1833 1212 1961 1247; x_wconf 84' lang='lat' dir='ltr'>contriti</span> 
     </span>
     <span class='ocr_line' id='line_1_76' title="bbox 1219 1266 1957 1309; baseline 0.001 -11"><span class='ocrx_word' id='word_1_338' title='bbox 1219 1276 1339 1299; x_wconf 84' lang='lat' dir='ltr'>nomen</span> <span class='ocrx_word' id='word_1_339' title='bbox 1359 1266 1426 1299; x_wconf 88' lang='lat' dir='ltr'>lesu</span> <span class='ocrx_word' id='word_1_340' title='bbox 1446 1277 1511 1306; x_wconf 87' lang='lat' dir='ltr'>ore,</span> <span class='ocrx_word' id='word_1_341' title='bbox 1530 1267 1554 1299; x_wconf 90' lang='lat' dir='ltr'>si</span> <span class='ocrx_word' id='word_1_342' title='bbox 1576 1267 1751 1309; x_wconf 84' lang='lat' dir='ltr'>potuerint,</span> <span class='ocrx_word' id='word_1_343' title='bbox 1774 1267 1821 1299; x_wconf 83' lang='lat' dir='ltr'>sin</span> <span class='ocrx_word' id='word_1_344' title='bbox 1842 1267 1957 1306; x_wconf 90' lang='lat' dir='ltr'>minus,</span> 
     </span>
     <span class='ocr_line' id='line_1_77' title="bbox 1219 1319 1961 1363; baseline 0.001 -12"><span class='ocrx_word' id='word_1_345' title='bbox 1219 1320 1315 1352; x_wconf 83' lang='lat' dir='ltr'>corde</span> <span class='ocrx_word' id='word_1_346' title='bbox 1342 1319 1457 1352; x_wconf 85' lang='lat' dir='ltr'>devote</span> <span class='ocrx_word' id='word_1_347' title='bbox 1488 1320 1722 1359; x_wconf 86' lang='lat' dir='ltr'>invocaverint,</span> <span class='ocrx_word' id='word_1_348' title='bbox 1748 1319 1858 1353; x_wconf 87' lang='lat' dir='ltr'>itidem</span> <span class='ocrx_word' id='word_1_349' title='bbox 1891 1321 1961 1363; x_wconf 85' lang='lat' dir='ltr'>ple-</span> 
     </span>
     <span class='ocr_line' id='line_1_78' title="bbox 1219 1372 1962 1416; baseline 0 -11"><span class='ocrx_word' id='word_1_350' title='bbox 1219 1373 1342 1406; x_wconf 81' lang='lat' dir='ltr'>nariam</span> <span class='ocrx_word' id='word_1_351' title='bbox 1357 1384 1363 1413; x_wconf 89' lang='lat'>;</span> <span class='ocrx_word' id='word_1_352' title='bbox 1381 1383 1415 1405; x_wconf 90' lang='lat' dir='ltr'>ac</span> <span class='ocrx_word' id='word_1_353' title='bbox 1435 1372 1511 1416; x_wconf 89' lang='lat' dir='ltr'>ipsis</span> <span class='ocrx_word' id='word_1_354' title='bbox 1530 1373 1653 1416; x_wconf 87' lang='lat' dir='ltr'>pariter</span> <span class='ocrx_word' id='word_1_355' title='bbox 1676 1383 1747 1406; x_wconf 89' lang='lat' dir='ltr'>vere</span> <span class='ocrx_word' id='word_1_356' title='bbox 1769 1372 1962 1416; x_wconf 86' lang='lat' dir='ltr'>poenitenti-</span> 
     </span>
     <span class='ocr_line' id='line_1_79' title="bbox 1218 1425 1960 1465; baseline 0.003 -8"><span class='ocrx_word' id='word_1_357' title='bbox 1218 1426 1279 1458; x_wconf 87' lang='lat' dir='ltr'>bus</span> <span class='ocrx_word' id='word_1_358' title='bbox 1305 1431 1337 1458; x_wconf 88' lang='lat' dir='ltr'>et</span> <span class='ocrx_word' id='word_1_359' title='bbox 1368 1425 1536 1465; x_wconf 79' lang='lat' dir='ltr'>confessis,</span> <span class='ocrx_word' id='word_1_360' title='bbox 1557 1437 1592 1458; x_wconf 87' lang='lat' dir='ltr'>ac</span> <span class='ocrx_word' id='word_1_361' title='bbox 1618 1426 1730 1458; x_wconf 77' lang='lat' dir='ltr'>eadem</span> <span class='ocrx_word' id='word_1_362' title='bbox 1757 1428 1850 1459; x_wconf 75' lang='lat' dir='ltr'>sacra</span> <span class='ocrx_word' id='word_1_363' title='bbox 1874 1436 1960 1459; x_wconf 89' lang='lat' dir='ltr'>com-</span> 
     </span>
     <span class='ocr_line' id='line_1_80' title="bbox 1218 1479 1961 1523; baseline 0.003 -12"><span class='ocrx_word' id='word_1_364' title='bbox 1218 1479 1373 1511; x_wconf 88' lang='lat' dir='ltr'>munione</span> <span class='ocrx_word' id='word_1_365' title='bbox 1399 1479 1538 1519; x_wconf 82' lang='lat' dir='ltr'>refectis,</span> <span class='ocrx_word' id='word_1_366' title='bbox 1561 1479 1615 1522; x_wconf 92' lang='lat' dir='ltr'>qui</span> <span class='ocrx_word' id='word_1_367' title='bbox 1635 1479 1776 1523; x_wconf 81' lang='lat' dir='ltr'>aliquam</span> <span class='ocrx_word' id='word_1_368' title='bbox 1803 1490 1839 1512; x_wconf 82' lang='lat' dir='ltr'>ex</span> <span class='ocrx_word' id='word_1_369' title='bbox 1858 1480 1961 1513; x_wconf 85' lang='lat' dir='ltr'>eccle-</span> 
     </span>
     <span class='ocr_line' id='line_1_81' title="bbox 1218 1531 1960 1576; baseline 0.003 -12"><span class='ocrx_word' id='word_1_370' title='bbox 1218 1532 1273 1564; x_wconf 87' lang='lat' dir='ltr'>siis</span> <span class='ocrx_word' id='word_1_371' title='bbox 1295 1532 1398 1565; x_wconf 84' lang='lat' dir='ltr'>dictae</span> <span class='ocrx_word' id='word_1_372' title='bbox 1416 1531 1695 1575; x_wconf 82' lang='lat' dir='ltr'>Congrcgationis,</span> <span class='ocrx_word' id='word_1_373' title='bbox 1715 1532 1763 1566; x_wconf 87' lang='lat' dir='ltr'>vel</span> <span class='ocrx_word' id='word_1_374' title='bbox 1778 1533 1960 1576; x_wconf 84' lang='lat' dir='ltr'>cappellam</span> 
     </span>
     <span class='ocr_line' id='line_1_82' title="bbox 1220 1584 1960 1625; baseline 0.001 -8"><span class='ocrx_word' id='word_1_375' title='bbox 1220 1596 1274 1617; x_wconf 87' lang='lat' dir='ltr'>seu</span> <span class='ocrx_word' id='word_1_376' title='bbox 1300 1584 1494 1625; x_wconf 87' lang='lat' dir='ltr'>oratorium,</span> <span class='ocrx_word' id='word_1_377' title='bbox 1524 1584 1575 1618; x_wconf 91' lang='lat' dir='ltr'>die</span> <span class='ocrx_word' id='word_1_378' title='bbox 1603 1585 1682 1618; x_wconf 83' lang='lat' dir='ltr'>festo</span> <span class='ocrx_word' id='word_1_379' title='bbox 1708 1585 1853 1618; x_wconf 87' lang='lat' dir='ltr'>eiusdem</span> <span class='ocrx_word' id='word_1_380' title='bbox 1879 1584 1960 1618; x_wconf 90' lang='lat' dir='ltr'>Con-</span> 
     </span>
     <span class='ocr_line' id='line_1_83' title="bbox 1218 1638 1960 1682; baseline 0.001 -12"><span class='ocrx_word' id='word_1_381' title='bbox 1218 1639 1378 1682; x_wconf 88' lang='lat' dir='ltr'>ceptionis</span> <span class='ocrx_word' id='word_1_382' title='bbox 1411 1638 1444 1671; x_wconf 84' lang='lat' dir='ltr'>B.</span> <span class='ocrx_word' id='word_1_383' title='bbox 1473 1638 1511 1670; x_wconf 87' lang='grc' dir='ltr'>Μ.</span> <span class='ocrx_word' id='word_1_384' title='bbox 1540 1638 1573 1672; x_wconf 84' lang='lat' dir='ltr'>V.</span> <span class='ocrx_word' id='word_1_385' title='bbox 1602 1638 1828 1672; x_wconf 81' lang='lat' dir='ltr'>immaculatae</span> <span class='ocrx_word' id='word_1_386' title='bbox 1855 1649 1871 1671; x_wconf 87' lang='lat' dir='ltr'>a</span> <span class='ocrx_word' id='word_1_387' title='bbox 1895 1638 1960 1682; x_wconf 88' lang='lat' dir='ltr'>pri-</span> 
     </span>
     <span class='ocr_line' id='line_1_84' title="bbox 1218 1691 1958 1735; baseline 0 -11"><span class='ocrx_word' id='word_1_388' title='bbox 1218 1692 1279 1724; x_wconf 89' lang='lat' dir='ltr'>mis</span> <span class='ocrx_word' id='word_1_389' title='bbox 1304 1692 1450 1735; x_wconf 85' lang='lat' dir='ltr'>vesperis</span> <span class='ocrx_word' id='word_1_390' title='bbox 1489 1702 1591 1735; x_wconf 84' lang='lat' dir='ltr'>usque</span> <span class='ocrx_word' id='word_1_391' title='bbox 1630 1693 1667 1724; x_wconf 89' lang='lat' dir='ltr'>ad</span> <span class='ocrx_word' id='word_1_392' title='bbox 1701 1702 1849 1725; x_wconf 85' lang='lat' dir='ltr'>occasum</span> <span class='ocrx_word' id='word_1_393' title='bbox 1882 1691 1958 1724; x_wconf 89' lang='lat' dir='ltr'>solis</span> 
     </span>
     <span class='ocr_line' id='line_1_85' title="bbox 1219 1744 1959 1787; baseline -0.001 -10"><span class='ocrx_word' id='word_1_394' title='bbox 1219 1745 1281 1778; x_wconf 86' lang='lat' dir='ltr'>diei</span> <span class='ocrx_word' id='word_1_395' title='bbox 1309 1745 1492 1778; x_wconf 80' lang='lat' dir='ltr'>huiusmodi</span> <span class='ocrx_word' id='word_1_396' title='bbox 1519 1744 1655 1787; x_wconf 79' lang='lat' dir='ltr'>singulis</span> <span class='ocrx_word' id='word_1_397' title='bbox 1673 1745 1765 1777; x_wconf 80' lang='lat' dir='ltr'>annis</span> <span class='ocrx_word' id='word_1_398' title='bbox 1785 1744 1898 1777; x_wconf 89' lang='lat' dir='ltr'>devote</span> <span class='ocrx_word' id='word_1_399' title='bbox 1916 1744 1959 1776; x_wconf 81' lang='lat' dir='ltr'>vi-</span> 
     </span>
     <span class='ocr_line' id='line_1_86' title="bbox 1219 1797 1960 1841; baseline 0 -12"><span class='ocrx_word' id='word_1_400' title='bbox 1219 1798 1397 1836; x_wconf 81' lang='lat' dir='ltr'>sitaverint,</span> <span class='ocrx_word' id='word_1_401' title='bbox 1419 1803 1449 1830; x_wconf 90' lang='lat' dir='ltr'>et</span> <span class='ocrx_word' id='word_1_402' title='bbox 1466 1797 1509 1830; x_wconf 91' lang='lat' dir='ltr'>ibi</span> <span class='ocrx_word' id='word_1_403' title='bbox 1529 1808 1588 1841; x_wconf 92' lang='lat' dir='ltr'>pro</span> <span class='ocrx_word' id='word_1_404' title='bbox 1607 1797 1859 1830; x_wconf 83' lang='lat' dir='ltr'>christianorum</span> <span class='ocrx_word' id='word_1_405' title='bbox 1873 1797 1960 1840; x_wconf 85' lang='lat' dir='ltr'>prin-</span> 
     </span>
     <span class='ocr_line' id='line_1_87' title="bbox 1218 1850 1956 1894; baseline 0.001 -12"><span class='ocrx_word' id='word_1_406' title='bbox 1218 1851 1325 1894; x_wconf 86' lang='lat' dir='ltr'>cipum</span> <span class='ocrx_word' id='word_1_407' title='bbox 1366 1850 1563 1890; x_wconf 68' lang='lat' dir='ltr'>concordia,</span> <span class='ocrx_word' id='word_1_408' title='bbox 1601 1851 1773 1883; x_wconf 81' lang='lat' dir='ltr'>haeresum</span> <span class='ocrx_word' id='word_1_409' title='bbox 1812 1850 1956 1894; x_wconf 80' lang='lat' dir='ltr'>extirpa-</span> 
     </span>
     <span class='ocr_line' id='line_1_88' title="bbox 1220 1903 1959 1944; baseline 0.001 -9"><span class='ocrx_word' id='word_1_410' title='bbox 1220 1904 1319 1944; x_wconf 72' lang='lat' dir='ltr'>tione,</span> <span class='ocrx_word' id='word_1_411' title='bbox 1342 1909 1373 1936; x_wconf 87' lang='lat' dir='ltr'>et</span> <span class='ocrx_word' id='word_1_412' title='bbox 1399 1909 1528 1937; x_wconf 83' lang='lat' dir='ltr'>sanctae</span> <span class='ocrx_word' id='word_1_413' title='bbox 1555 1903 1664 1936; x_wconf 86' lang='lat' dir='ltr'>matris</span> <span class='ocrx_word' id='word_1_414' title='bbox 1689 1903 1850 1936; x_wconf 85' lang='lat' dir='ltr'>Ecclesiae</span> <span class='ocrx_word' id='word_1_415' title='bbox 1878 1903 1959 1936; x_wconf 87' lang='lat' dir='ltr'>exal-</span> 
     </span>
     <span class='ocr_line' id='line_1_89' title="bbox 1220 1956 1956 2001; baseline -0.001 -11"><span class='ocrx_word' id='word_1_416' title='bbox 1220 1958 1339 1991; x_wconf 84' lang='lat' dir='ltr'>tatione</span> <span class='ocrx_word' id='word_1_417' title='bbox 1358 1957 1426 2001; x_wconf 88' lang='lat' dir='ltr'>pias</span> <span class='ocrx_word' id='word_1_418' title='bbox 1449 1958 1488 1990; x_wconf 89' lang='lat' dir='ltr'>ad</span> <span class='ocrx_word' id='word_1_419' title='bbox 1510 1958 1608 1990; x_wconf 89' lang='lat' dir='ltr'>Deum</span> <span class='ocrx_word' id='word_1_420' title='bbox 1635 1967 1748 2000; x_wconf 87' lang='lat' dir='ltr'>preces</span> <span class='ocrx_word' id='word_1_421' title='bbox 1774 1956 1956 1996; x_wconf 79' lang='lat' dir='ltr'>effuderint,</span> 
     </span>
     <span class='ocr_line' id='line_1_90' title="bbox 1218 2010 1958 2054; baseline 0 -11"><span class='ocrx_word' id='word_1_422' title='bbox 1218 2011 1396 2054; x_wconf 86' lang='lat' dir='ltr'>plenariam</span> <span class='ocrx_word' id='word_1_423' title='bbox 1421 2010 1569 2044; x_wconf 86' lang='lat' dir='ltr'>similiter</span> <span class='ocrx_word' id='word_1_424' title='bbox 1587 2010 1729 2044; x_wconf 87' lang='lat' dir='ltr'>omnium</span> <span class='ocrx_word' id='word_1_425' title='bbox 1752 2015 1958 2054; x_wconf 87' lang='lat' dir='ltr'>peccatorum</span> 
     </span>
     <span class='ocr_line' id='line_1_91' title="bbox 1218 2063 1957 2107; baseline 0.003 -12"><span class='ocrx_word' id='word_1_426' title='bbox 1218 2075 1350 2097; x_wconf 78' lang='lat' dir='ltr'>suornm</span> <span class='ocrx_word' id='word_1_427' title='bbox 1387 2064 1624 2107; x_wconf 82' lang='lat' dir='ltr'>indulgentiam</span> <span class='ocrx_word' id='word_1_428' title='bbox 1663 2070 1695 2097; x_wconf 87' lang='lat' dir='ltr'>et</span> <span class='ocrx_word' id='word_1_429' title='bbox 1731 2063 1957 2097; x_wconf 87' lang='lat' dir='ltr'>remissionem</span> 
     </span>
     <span class='ocr_line' id='line_1_92' title="bbox 1217 2117 1955 2151; baseline 0 -2"><span class='ocrx_word' id='word_1_430' title='bbox 1217 2117 1477 2150; x_wconf 78' lang='lat' dir='ltr'>misericorditer</span> <span class='ocrx_word' id='word_1_431' title='bbox 1507 2118 1538 2149; x_wconf 93' lang='lat' dir='ltr'>in</span> <span class='ocrx_word' id='word_1_432' title='bbox 1565 2117 1701 2150; x_wconf 85' lang='lat' dir='ltr'>Domino</span> <span class='ocrx_word' id='word_1_433' title='bbox 1732 2117 1955 2151; x_wconf 84' lang='lat' dir='ltr'>concedimus.</span> 
     </span>
     <span class='ocr_line' id='line_1_93' title="bbox 1218 2169 1958 2214; baseline 0 -12"><span class='ocrx_word' id='word_1_434' title='bbox 1218 2170 1352 2213; x_wconf 89' lang='lat' dir='ltr'>Insuper</span> <span class='ocrx_word' id='word_1_435' title='bbox 1369 2170 1546 2214; x_wconf 88' lang='lat' dir='ltr'>praedictis</span> <span class='ocrx_word' id='word_1_436' title='bbox 1565 2169 1845 2210; x_wconf 79' lang='lat' dir='ltr'>christifidelibus,</span> <span class='ocrx_word' id='word_1_437' title='bbox 1861 2169 1958 2202; x_wconf 81' lang='lat' dir='ltr'>etiam</span> 
     </span>
     <span class='ocr_line' id='line_1_94' title="bbox 1219 2223 1957 2267; baseline -0.001 -12"><span class='ocrx_word' id='word_1_438' title='bbox 1219 2234 1292 2256; x_wconf 84' lang='lat' dir='ltr'>vere</span> <span class='ocrx_word' id='word_1_439' title='bbox 1319 2224 1564 2267; x_wconf 86' lang='lat' dir='ltr'>poenitentibus</span> <span class='ocrx_word' id='word_1_440' title='bbox 1590 2229 1621 2256; x_wconf 89' lang='lat' dir='ltr'>et</span> <span class='ocrx_word' id='word_1_441' title='bbox 1646 2223 1819 2263; x_wconf 83' lang='lat' dir='ltr'>confessis,</span> <span class='ocrx_word' id='word_1_442' title='bbox 1845 2232 1880 2255; x_wconf 84' lang='lat' dir='ltr'>ac</span> <span class='ocrx_word' id='word_1_443' title='bbox 1909 2233 1957 2255; x_wconf 88' lang='lat' dir='ltr'>sa-</span> 
     </span>
     <span class='ocr_line' id='line_1_95' title="bbox 1218 2275 1956 2315; baseline -0.001 -6"><span class='ocrx_word' id='word_1_444' title='bbox 1218 2279 1270 2310; x_wconf 72' lang='lat' dir='ltr'>cra</span> <span class='ocrx_word' id='word_1_445' title='bbox 1295 2277 1523 2310; x_wconf 89' lang='lat' dir='ltr'>communione</span> <span class='ocrx_word' id='word_1_446' title='bbox 1550 2276 1688 2315; x_wconf 84' lang='lat' dir='ltr'>refectis,</span> <span class='ocrx_word' id='word_1_447' title='bbox 1708 2275 1878 2309; x_wconf 82' lang='lat' dir='ltr'>ecclesiam</span> <span class='ocrx_word' id='word_1_448' title='bbox 1906 2275 1956 2308; x_wconf 87' lang='lat' dir='ltr'>vel</span> 
     </span>
     <span class='ocr_line' id='line_1_96' title="bbox 1217 2328 1957 2372; baseline -0.001 -10"><span class='ocrx_word' id='word_1_449' title='bbox 1217 2330 1399 2372; x_wconf 84' lang='lat' dir='ltr'>cappellam</span> <span class='ocrx_word' id='word_1_450' title='bbox 1425 2339 1480 2361; x_wconf 83' lang='lat' dir='ltr'>seu</span> <span class='ocrx_word' id='word_1_451' title='bbox 1507 2328 1685 2362; x_wconf 83' lang='lat' dir='ltr'>oratorium</span> <span class='ocrx_word' id='word_1_452' title='bbox 1711 2328 1898 2362; x_wconf 87' lang='lat' dir='ltr'>huiusmodi</span> <span class='ocrx_word' id='word_1_453' title='bbox 1924 2328 1957 2361; x_wconf 91' lang='lat' dir='ltr'>in</span> 
     </span>
     <span class='ocr_line' id='line_1_97' title="bbox 1217 2380 1957 2422; baseline 0 -9"><span class='ocrx_word' id='word_1_454' title='bbox 1217 2381 1287 2413; x_wconf 89' lang='lat' dir='ltr'>aliis</span> <span class='ocrx_word' id='word_1_455' title='bbox 1314 2380 1458 2413; x_wconf 84' lang='lat' dir='ltr'>eiusdem</span> <span class='ocrx_word' id='word_1_456' title='bbox 1484 2381 1517 2412; x_wconf 90' lang='lat' dir='ltr'>B.</span> <span class='ocrx_word' id='word_1_457' title='bbox 1542 2380 1581 2413; x_wconf 87' lang='lat' dir='ltr'>M.</span> <span class='ocrx_word' id='word_1_458' title='bbox 1605 2380 1638 2412; x_wconf 68' lang='lat' dir='ltr'>Y.</span> <span class='ocrx_word' id='word_1_459' title='bbox 1660 2380 1748 2413; x_wconf 87' lang='lat' dir='ltr'>festis</span> <span class='ocrx_word' id='word_1_460' title='bbox 1774 2380 1902 2422; x_wconf 76' lang='lat' dir='ltr'>diebus,</span> <span class='ocrx_word' id='word_1_461' title='bbox 1922 2385 1957 2413; x_wconf 91' lang='lat' dir='ltr'>ut</span> 
     </span>
     <span class='ocr_line' id='line_1_98' title="bbox 1215 2432 1957 2476; baseline 0.001 -11"><span class='ocrx_word' id='word_1_462' title='bbox 1215 2433 1408 2476; x_wconf 84' lang='lat' dir='ltr'>praefertur,</span> <span class='ocrx_word' id='word_1_463' title='bbox 1436 2432 1649 2473; x_wconf 82' lang='lat' dir='ltr'>visitantibus,</span> <span class='ocrx_word' id='word_1_464' title='bbox 1668 2438 1698 2465; x_wconf 85' lang='lat' dir='ltr'>et</span> <span class='ocrx_word' id='word_1_465' title='bbox 1720 2433 1840 2466; x_wconf 90' lang='lat' dir='ltr'>ibidem</span> <span class='ocrx_word' id='word_1_466' title='bbox 1861 2443 1957 2466; x_wconf 84' lang='lat' dir='ltr'>oran-</span> 
     </span>
     <span class='ocr_line' id='line_1_99' title="bbox 1217 2485 1955 2530; baseline 0.003 -12"><span class='ocrx_word' id='word_1_467' title='bbox 1217 2486 1325 2527; x_wconf 80' lang='lat' dir='ltr'>tibus,</span> <span class='ocrx_word' id='word_1_468' title='bbox 1352 2495 1417 2529; x_wconf 84' lang='lat' dir='ltr'>quo</span> <span class='ocrx_word' id='word_1_469' title='bbox 1443 2485 1493 2518; x_wconf 90' lang='lat' dir='ltr'>die</span> <span class='ocrx_word' id='word_1_470' title='bbox 1519 2486 1738 2529; x_wconf 85' lang='lat' dir='ltr'>praefatorum</span> <span class='ocrx_word' id='word_1_471' title='bbox 1763 2487 1793 2519; x_wconf 89' lang='lat' dir='ltr'>id</span> <span class='ocrx_word' id='word_1_472' title='bbox 1819 2486 1955 2530; x_wconf 84' lang='lat' dir='ltr'>egerint,</span> 
     </span>
     <span class='ocr_line' id='line_1_100' title="bbox 1216 2539 1955 2583; baseline 0 -11"><span class='ocrx_word' id='word_1_473' title='bbox 1216 2544 1338 2583; x_wconf 81' lang='lat' dir='ltr'>septem</span> <span class='ocrx_word' id='word_1_474' title='bbox 1364 2548 1464 2572; x_wconf 80' lang='lat' dir='ltr'>annos</span> <span class='ocrx_word' id='word_1_475' title='bbox 1498 2544 1527 2571; x_wconf 91' lang='lat' dir='ltr'>et</span> <span class='ocrx_word' id='word_1_476' title='bbox 1560 2539 1695 2573; x_wconf 87' lang='lat' dir='ltr'>totidem</span> <span class='ocrx_word' id='word_1_477' title='bbox 1728 2539 1955 2583; x_wconf 79' lang='lat' dir='ltr'>quadragenas</span> 
     </span>
     <span class='ocr_line' id='line_1_101' title="bbox 1250 2599 1916 2642; baseline 0.003 -16"><span class='ocrx_word' id='word_1_478' title='bbox 1250 2601 1262 2626; x_wconf 75' lang='lat'><strong>1</strong></span> <span class='ocrx_word' id='word_1_479' title='bbox 1286 2599 1354 2627; x_wconf 87' lang='lat' dir='ltr'>Edit.</span> <span class='ocrx_word' id='word_1_480' title='bbox 1377 2599 1454 2627; x_wconf 75' lang='lat' dir='ltr'>Maia.</span> <span class='ocrx_word' id='word_1_481' title='bbox 1478 2600 1538 2636; x_wconf 75' lang='lat' dir='ltr'>tegit</span> <span class='ocrx_word' id='word_1_482' title='bbox 1560 2600 1752 2629; x_wconf 66' lang='lat' dir='ltr'>distribuetur</span> <span class='ocrx_word' id='word_1_483' title='bbox 1773 2601 1811 2635; x_wconf 76' lang='lat' dir='ltr'>(n.</span> <span class='ocrx_word' id='word_1_484' title='bbox 1834 2603 1882 2637; x_wconf 70' lang='grc' dir='ltr'><em>τ.).</em></span> <span class='ocrx_word' id='word_1_485' title='bbox 1910 2639 1916 2642; x_wconf 79' lang='lat'><strong><em>.</em></strong></span> 
     </span>
    </p>
   </div>
   <div class='ocr_carea' id='block_1_16' title="bbox 1966 211 2152 240">
    <p class='ocr_par' dir='ltr' id='par_1_18' title="bbox 1966 211 2152 240">
     <span class='ocr_line' id='line_1_102' title="bbox 1966 211 2152 240; baseline 0.011 -2"><span class='ocrx_word' id='word_1_486' title='bbox 1966 211 2014 238; x_wconf 86' lang='grc' dir='ltr'>Αη.</span> <span class='ocrx_word' id='word_1_487' title='bbox 2031 211 2059 239; x_wconf 86' lang='lat' dir='ltr'>C.</span> <span class='ocrx_word' id='word_1_488' title='bbox 2084 211 2152 240; x_wconf 76' lang='lat'>¹7¹0</span> 
     </span>
    </p>
   </div>
   <div class='ocr_carea' id='block_1_17' title="bbox 2252 0 2269 954">
    <p class='ocr_par' dir='ltr' id='par_1_19' title="bbox 2252 0 2269 954">
     <span class='ocr_line' id='line_1_103' title="bbox 2252 0 2269 954; baseline 0 0"><span class='ocrx_word' id='word_1_489' title='bbox 2252 0 2269 954; x_wconf 95' lang='lat' dir='ltr'> </span> 
     </span>
    </p>
   </div>
  </div>
 </body>
</html>
