2269 3203
141 212 190 239 An.
212 211 239 238 C.
258 212 322 239 ¹721

335 259 509 293 cardinalis
524 259 626 293 maior
643 256 915 303 poenitentiarius
933 266 990 298 pro
1006 255 1074 288 cius

336 312 471 346 arbitrio
483 311 722 346 etconscientia
735 308 961 354 superioribus
973 308 1074 352 ipsius

336 364 466 399 Ordinis
493 364 716 398 testimonium
743 362 929 404 exhibeat),
955 360 1074 394 reversi

337 418 455 452 deinde
473 419 512 452 ad
538 418 686 462 proprias
707 416 892 461 provincias
919 416 957 448 de
976 415 1076 448 licen-

337 472 381 504 tia
406 472 554 505 eiusdem
588 470 762 504 cardinalis
792 469 922 502 maioris
956 468 1072 512 poeni-

337 525 492 565 tentiarii,
510 524 660 558 omnibus
678 529 710 556 et
727 522 865 566 singulis
885 520 1076 565 privilegiis,

336 577 579 621 praerogativis,
598 576 867 620 praeeminentiis
892 580 923 608 et
949 584 1076 618 praece-

337 630 470 670 dentiis,
489 629 604 673 quihus
622 629 739 662 fratres
757 628 886 662 Ordinis
907 626 1076 671 praedicti,

337 683 391 727 qui
416 682 554 716 ministri
585 681 802 725 provinciales
836 681 986 720 suerunt,
1014 684 1076 712 tam

338 737 376 769 dc
394 735 476 776 iure,
494 745 553 767 usu
571 739 603 768 et
620 733 866 773 consuetudine,
885 743 980 776 quam
999 731 1078 765 alias

337 788 586 832 quomodolibet
604 792 749 828 utuntur,
770 788 920 820 fruuntur
945 790 976 818 et
1001 796 1076 828 gau-

337 842 426 883 dent,
449 851 485 874 ac
509 841 567 881 uti,
586 841 648 873 srui
668 845 698 874 et
723 840 866 883 gaudere
892 842 1031 882 possunt
1048 843 1077 870 et

336 897 492 936 poterunt
517 891 549 924 in
576 891 728 932 futurum,
749 891 818 935 pari
840 890 937 923 modo
957 894 988 922 et
1008 888 1077 921 abs-

337 955 400 989 que
424 945 490 978 ulla
515 955 649 988 prorsus
677 943 861 977 differentia
885 942 939 983 nti,
969 942 1027 974 frui
1046 946 1077 974 et

337 998 479 1042 gaudere
504 998 606 1032 libere
634 1003 665 1031 et
690 997 777 1031 licite
807 996 934 1041 possint
967 1000 997 1029 et
1026 1006 1077 1027 va-

337 1053 436 1092 leant,
454 1051 486 1084 in
513 1051 664 1085 omnibns
682 1056 712 1084 et
728 1061 788 1094 per
803 1050 920 1090 omnia,
942 1048 1077 1093 perinde

337 1117 373 1138 ac
405 1105 429 1137 si
462 1104 715 1148 provincialatus
749 1113 883 1136 munere
915 1102 1075 1146 perfuncti

338 1158 481 1198 fuissent,
503 1158 547 1190 ita
574 1162 679 1190 tamen
696 1161 732 1189 ut
751 1157 835 1189 inter
860 1156 949 1199 ipsos
974 1155 1078 1187 mino-

339 1223 390 1245 res
410 1210 684 1255 poenitentiarios
706 1209 902 1254 apostolicos
921 1214 951 1241 et
968 1218 1078 1251 expro-

338 1265 493 1299 vinciales
525 1270 674 1298 servetur
699 1264 889 1306 aequalitas,
916 1268 947 1295 et
971 1262 1077 1306 quoad

338 1318 487 1353 ordinem
503 1316 754 1362 praecedentiae
764 1317 833 1349 sola
847 1315 997 1359 prioritas
1010 1315 1076 1347 sive

337 1371 509 1405 antianitas
525 1369 729 1414 paternitatis
745 1370 946 1408 attendatur,
965 1374 1077 1401 tenore

336 1424 558 1470 praesentium
581 1423 794 1457 concedimus
808 1422 1076 1465 et-indulgemus.

379 1480 394 1523 g
418 1478 449 1511 2.
476 1478 713 1517 Decernentes,
732 1476 861 1510 easdem
887 1481 1077 1519 praesentes

336 1533 464 1567 litteras
474 1541 603 1575 semper
616 1529 736 1570 firmas,
753 1530 874 1563 validas
886 1534 918 1563 et
931 1529 1078 1562 efficaces

338 1586 477 1620 existere
503 1590 535 1619 et
565 1585 656 1625 fore,
685 1595 828 1628 suosque
854 1583 1022 1628 plenarios
1048 1589 1079 1616 et

337 1641 483 1682 integros
510 1637 644 1671 effeetus
670 1637 781 1670 sortiri
807 1643 837 1670 et
863 1637 1022 1677 obtinere,
1044 1648 1079 1670 ae

337 1694 413 1733 iltis,
438 1693 477 1726 ad
514 1702 595 1736 quos
632 1696 757 1734 spectat
781 1697 813 1724 et
837 1701 897 1734 pro
930 1696 1079 1734 tempore

338 1746 611 1790 quandocumque
630 1744 800 1788 spectabit,
822 1744 855 1776 in
877 1744 1028 1777 omnibus
1050 1750 1081 1777 et

338 1810 396 1844 per
417 1799 525 1833 omnia
543 1797 732 1842 plenissime
756 1797 939 1840 suffragari,
969 1798 1079 1841 sicque

336 1855 369 1887 in
392 1852 580 1897 praemissis
608 1862 668 1895 per
700 1862 922 1894 quoscumque
956 1851 1079 1884 iudices

337 1906 522 1941 ordinarios
541 1911 571 1939 et
598 1905 777 1947 delegatos,
795 1905 890 1937 etiam
909 1915 1078 1937 causarum

337 1959 449 2004 palatii
475 1957 647 2002 apostolici
674 1958 855 1997 auditores,
886 1957 1022 1990 iudicari
1051 1963 1078 1990 et

338 2013 467 2048 definiri
494 2013 628 2052 debere,
655 2021 690 2044 ac
716 2011 842 2043 irritum
875 2016 907 2044 et
931 2011 1029 2044 inane
1055 2012 1080 2044 si

337 2077 432 2100 secus
451 2075 550 2109 super
575 2065 627 2097 his
649 2075 666 2097 a
691 2075 866 2108 quoquam,
893 2064 1006 2107 quavis
1025 2075 1081 2097 au-

338 2120 499 2161 ctoritate,
523 2118 665 2152 scienter
689 2119 736 2151 vel
763 2117 963 2161 ignoranter,
980 2118 1081 2152 conti-

339 2173 425 2217 gerit
449 2171 615 2205 attentari.

385 2228 400 2271 ἓ
423 2226 456 2261 3.
482 2225 552 2260 Non
569 2224 772 2259 obstantibus
793 2225 1080 2258 constitutionibus

341 2287 372 2315 et
397 2279 656 2314 ordinationibus
681 2278 876 2322 apostolicis,
896 2289 932 2311 ac
956 2278 1082 2321 praedi-

341 2339 463 2367 ctorum
487 2332 617 2366 Ordinis
642 2337 673 2365 et
698 2331 957 2375 provinciarum,
986 2331 1079 2364 etiam

341 2386 535 2424 iuramento,
561 2390 623 2418 etc.
638 2385 659 2417 ¹.

386 2438 400 2481 ξ
424 2437 456 2470 4.
491 2437 644 2471 Volumus
676 2442 781 2471 autem
802 2464 808 2477 ,
833 2444 867 2470 ut
893 2437 1078 2470 earumdem

341 2490 561 2535 praesentium
575 2491 757 2524 litterarum
772 2491 993 2534 transumptis,
1006 2489 1081 2524 (εἰς.2

168 1492 288 1514 ctausutao.

214 2233 330 2259 Derogatio

144 2263 308 2283 contrariorum.

186 2447 249 2468 rides
273 2449 331 2467 tran·

145 2476 283 2500 muiptorunt.

380 2563 390 2587 ¹
413 2561 531 2596 Reliqua
550 2564 578 2587 ut
597 2569 657 2596 pag.
679 2561 730 2588 703
749 2570 766 2588 a
786 2562 824 2596 (n.
845 2564 894 2594 τ.).

378 2606 395 2633 2
415 2605 528 2642 Reliqua
546 2608 576 2632 ut
594 2613 655 2641 pag.
677 2606 729 2634 704
748 2616 765 2633 α
785 2607 822 2641 (n.
843 2605 891 2641 T.).

427 2659 508 2688 Bull.
530 2659 614 2688 Rom.
632 2674 664 2679 -
684 2660 742 2688 t’oz.
760 2660 835 2688 XXI,
984 2659 1032 2688 112

920 207 1129 230 txxoct-larlt's
1156 207 1211 229 XIII
1238 207 1286 229 Pr.

1753 196 1815 228 830
1865 204 1915 230 An.
1933 203 1962 229 C.
1988 203 2050 229 172¹

1163 255 1277 287 Datum
1304 256 1441 294 Romae,
1469 256 1554 297 apud
1580 257 1609 287 ,5.
1640 255 1768 287 Mai-iam
1796 254 1860 285 Ma-

1119 309 1234 348 iorem,
1260 308 1318 341 sub
1340 309 1462 341 annulo
1487 308 1670 345 I'iscaloris,
1698 308 1748 340 die
1777 319 1784 340 1
1811 319 1861 339 se-

1120 362 1276 405 ptembris
1313 370 1476 400 nocem,
1513 360 1721 403 pontificatus
1759 360 1861 392 nostri

1120 425 1205 448 anno
1233 425 1253 447 r

1157 476 1216 502 nat.
1233 476 1277 503 die
1296 477 1304 503 I
1325 475 1490 511 septembris
1514 475 1590 507 1721,
1609 475 1706 509 pontif⁸
1723 483 1791 500 auno
1808 482 1825 500 1.

1454 618 1530 650 xttt.

1125 698 1319 732 Conceditur
1344 698 1469 731 custodi
1493 703 1521 731 et
1545 698 1731 739 quardinno
1757 697 1788 730 S.
1815 697 1865 730 Se-

1164 751 1298 794 pulchri
1321 751 1462 793 facultas
1481 750 1666 793 conserendi
1683 759 1865 782 sacramen-

1168 808 1236 837 tum
1263 803 1529 845 Confirmationis
1544 802 1563 836 ¹.

1292 882 1493 910 Innocentius
1516 883 1595 915 Papa
1616 882 1696 912 xm.

1263 928 1300 954 ad
1320 927 1454 954 futuram
1474 927 1519 954 rei
1539 926 1719 954 memoriam.

1166 999 1180 1043 ξ
1205 1000 1232 1032 l.
1252 999 1328 1033 Cum
1342 999 1381 1032 ad
1396 999 1635 1041 infrascriptam
1651 998 1863 1031 cardinalium
1875 1005 1984 1050 υθιῗξιὲερ
2000 1010 2061 1045 praej

1122 1052 1418 1095 Congregationem
1436 1051 1577 1084 delatum
1594 1051 1690 1084 suerit
1704 1051 1837 1083 dubium
1854 1037 1947 1082 :ssiiiins-
1975 1037 2050 1051 ΝΜ

1122 1115 1160 1137 an
1190 1110 1298 1138 custos
1331 1110 1362 1137 et
1394 1105 1592 1147 guardianus
1625 1104 1656 1136 S.
1690 1103 1863 1146 Sepulchri

1122 1158 1245 1191 domini
1278 1157 1377 1191 nostri
1411 1158 1480 1190 Iesu
1514 1157 1630 1190 Christi
1658 1167 1692 1189 ex
1731 1156 1862 1199 speciali

1123 1211 1217 1244 huius
1242 1211 1377 1244 Sanctae
1403 1211 1493 1244 Sedis
1527 1210 1731 1253 delegatione
1764 1216 1795 1242 et
1820 1210 1864 1241 vi-

1122 1275 1198 1307 gore
1218 1265 1452 1298 nonnullorum
1471 1264 1717 1307 privilegiorum
1738 1274 1795 1306 per
1817 1263 1864 1296 di-

1122 1318 1225 1351 lectos
1252 1317 1334 1350 filios
1360 1317 1548 1361 superiores
1574 1317 1703 1350 Ordinis
1730 1317 1864 1349 fratrum

1122 1371 1278 1404 Minorum
1306 1371 1407 1403 sancti
1434 1370 1596 1403 Francisci
1625 1371 1662 1403 de
1689 1369 1866 1403 Observan-

1123 1425 1166 1457 tia
1195 1430 1456 1468 nuncupatorum
1493 1425 1712 1458 exhibitorum
1750 1435 1863 1458 neces-

1123 1478 1223 1511 sarias
1250 1479 1418 1512 facultates
1445 1478 1565 1511 habeat
1601 1479 1791 1512 conserendi
1818 1490 1864 1511 sa-

1123 1538 1324 1566 cramentum
1339 1532 1613 1566 Confirmationis:
1629 1543 1697 1572 nos,
1710 1543 1767 1575 pro
1780 1544 1864 1565 eom-

1123 1585 1219 1618 missa
1254 1586 1347 1620 nobis
1383 1586 1520 1619 caelitus
1555 1586 1730 1629 pastoralis
1765 1585 1861 1619 officii
1901 1596 2061 1626 mmmmm

1124 1641 1201 1672 cura
1226 1649 1341 1672 omnes
1360 1639 1564 1672 difficultates
1590 1650 1624 1671 ac
1647 1639 1678 1671 in
1697 1628 1893 1682 posterum¹n
1910 1623 2002 1642 'nb'm'

1124 1692 1291 1726 dubitandi
1319 1693 1379 1726 hac
1397 1692 1428 1725 in
1452 1703 1485 1725 re
1512 1692 1721 1726 occasionem
1748 1694 1864 1726 tollere

1124 1745 1317 1788 cupientes,
1345 1756 1380 1778 ac
1406 1746 1560 1779 dilectum
1588 1745 1688 1779 tilium
1712 1746 1866 1779 loannem

1123 1798 1311 1842 Philippum
1331 1810 1348 1831 a
1365 1798 1546 1832 Mediolano
1565 1800 1697 1832 fratrem
1715 1810 1865 1842 expresse

1125 1852 1307 1894 professum
1334 1852 1409 1885 dieti
1436 1852 1574 1890 Ordinis,
1594 1863 1628 1884 ac
1650 1853 1815 1886 custodem
1836 1859 1867 1886 et

1125 1904 1341 1947 guardianum
1380 1905 1455 1938 dicti
1480 1905 1511 1938 S.
1540 1905 1711 1949 Sepulchri
1743 1906 1867 1949 specia-

1125 1958 1208 1991 libus
1235 1958 1396 1992 favoribus
1431 1963 1462 1991 et
1495 1959 1606 2002 gratiis
1635 1959 1787 2002 prosequi
1817 1970 1867 1993 vo-

1124 2012 1240 2052 tentos,
1268 2016 1298 2045 et
1323 2023 1340 2044 a
1366 2011 1531 2055 quibusvis
1558 2011 1867 2046 excommunicatio-

1124 2064 1182 2105 nis,
1210 2064 1435 2108 suspensionis
1461 2070 1492 2098 et
1517 2065 1698 2105 interdicti,
1730 2065 1866 2109 aliisque

1125 2117 1355 2151 ecclesiasticis
1373 2118 1557 2160 sententiis,
1574 2119 1720 2152 censuris
1743 2124 1774 2151 et
1792 2129 1867 2162 poc-

1125 2171 1184 2210 nis,
1203 2181 1220 2202 a
1243 2170 1311 2204 iure
1337 2172 1386 2204 vel
1412 2172 1451 2204 ab
1478 2171 1621 2212 homine,
1641 2172 1750 2215 qiizivis
1777 2183 1868 2205 oeca-

1124 2223 1215 2256 sione
1239 2225 1289 2257 vel
1315 2226 1409 2257 causa
1428 2224 1515 2263 latis,
1545 2225 1570 2257 si
1591 2225 1707 2267 quibus
1730 2235 1866 2268 quomo-

1162 2340 1170 2366 1
1195 2339 1343 2366 innocentii
1364 2339 1395 2366 XI
1417 2340 1525 2366 constit.
1548 2338 1612 2366 edit.
1635 2346 1801 2371 nnctxxvm,
1822 2339 1865 2367 die

1123 2384 1156 2410 ⁰25
1173 2383 1245 2417 maii,
1260 2383 1356 2418 pontif.
1374 2390 1401 2417 11,
1419 2383 1580 2417 designatus
1595 2383 1643 2410 fuit
1655 2388 1802 2410 conventus
1819 2383 1864 2410 ubi

1123 2427 1233 2463 Neapoli
1249 2428 1347 2454 morari
1365 2427 1464 2454 debeat
1475 2428 1677 2455 commissarius
1688 2429 1788 2455 Terrae
1800 2428 1864 2454 San-

1123 2476 1237 2505 ctae3et
1256 2471 1393 2499 Benedicti
1414 2472 1474 2498 XIII
1488 2472 1596 2499 constit.
1618 2472 1682 2499 edit.
1705 2479 1863 2502 mcccxxvii,

1123 2516 1166 2543 die
1186 2516 1201 2543 3
1221 2516 1332 2549 martii,
1355 2516 1453 2551 pontif.
1475 2523 1511 2547 111,
1533 2517 1731 2543 confirmantur
1751 2515 1862 2550 privile—

1122 2560 1166 2595 gia
1188 2565 1215 2587 et
1239 2560 1425 2596 indulgentiae
1456 2569 1584 2589 concessa
1613 2560 1741 2588 fratribus
1762 2559 1863 2587 Terrae

1123 2605 1247 2632 Sanctae.
