2269 3203
273 214 322 243 Αη.
342 213 370 239 c.
394 213 459 240 1709
504 204 568 238 350

299 275 375 296 Contra
385 281 454 295 sacra·

272 307 315 321 ΓΙΙιιι
325 303 454 322 <undifluum
468 316 473 321 .

271 332 422 354 praesculptum
430 336 454 350 «Ἥ

272 361 317 374 esse
333 355 434 376 dei-taran

510 263 525 306 ξ
549 262 582 296 (2.
607 262 684 296 Cum
710 267 837 304 autem,
863 264 945 296 sicut
971 264 1092 307 pariter
1111 263 1204 296 nobis

467 316 641 355 innotuit,
681 315 711 348 in
749 317 1001 358 praemissorum
1038 317 1205 359 sequelam

467 368 630 408 decanus,
656 368 833 411 capitulum
866 375 898 401 et
929 368 1076 401 canonici
1111 379 1205 410 prae-

466 420 558 459 dicti,
592 421 716 453 iuribus
741 421 821 460 sibi,
855 421 938 453 sicut
968 421 1202 463 praemittitur,

465 474 736 516 competentibus,
767 473 797 506 in
824 474 973 506 eumdem
998 473 1203 506 Franciscum

465 527 652 570 episcopum
678 527 863 565 translatis,
893 526 983 560 illum
1010 526 1146 559 subinde
1172 526 1202 558 in

464 579 663 622 provisorem
700 589 755 612 seu
798 580 1054 621 gubernatorem
1099 579 1203 611 dictae

464 632 617 665 ecclesiae
654 631 774 674 eligere
822 642 879 665 seu
926 632 1094 664 nominare
1134 632 1203 664 ausi

464 685 610 725 suerint,
639 684 774 728 ipseque
800 684 989 718 Franciscus
1014 685 1202 728 episcopus,

463 737 632 771 electionis
669 747 725 769 sen
752 737 982 770 nominationis
1017 737 1201 770 huiusmodi

462 790 584 832 vigore,
602 790 773 822 ecclesiam
799 800 887 822 suam
913 789 1113 822 llerdensem
1132 790 1202 822 abs-

464 853 525 885 que
556 844 664 875 nostra
699 842 830 875 licentia
863 843 1036 883 deserere,
1074 853 1201 875 necnon

463 906 570 928 curam
587 923 594 936 ‚
623 896 768 938 regimen
793 902 824 929 et
845 896 1037 939 gnbernium
1056 897 1202 929 eiusdem

463 948 619 982 ecclesiae
646 949 818 981 Abulensis
843 949 1018 992 suscipere,
1038 960 1152 992 gerere
1171 954 1202 981 et

463 1012 613 1035 exercere
636 1002 909 1045 praesumpserit,
928 1007 958 1034 et.
976 1003 1082 1034 adbuc
1108 1012 1202 1044 prae-

462 1061 587 1094 sumat;
615 1055 774 1098 explorati
808 1066 884 1087 vcro
920 1055 996 1087 iuris
1023 1055 1063 1087 sit
1097 1056 1201 1097 ipsum

463 1107 668 1140 Franciscum
688 1109 879 1151 episcopum
902 1108 1035 1140 minime
1058 1108 1201 1151 potuisse

463 1170 525 1192 nec
549 1170 646 1203 posse
668 1161 726 1193 sub
745 1165 994 1199 oeconomatus‚
1013 1165 1202 1203 procurato-

463 1212 515 1252 ris,
535 1212 728 1255 provisoris,
750 1213 859 1246 vicarii
878 1213 1052 1255 generalis,
1073 1223 1128 1245 seu
1147 1224 1202 1256 gu-

462 1266 644 1299 bernatoris
662 1267 804 1306 nomine,
821 1272 876 1299 aut
893 1267 957 1300 alio
977 1266 1089 1310 quovis
1107 1277 1202 1309 quae-

462 1319 525 1352 sito
552 1321 663 1352 colore
691 1330 748 1352 scu
775 1320 883 1359 titulo,
906 1331 1030 1359 curam,
1055 1320 1200 1362 regimen

462 1377 493 1404 et
527 1372 842 1406 administrationem
870 1373 1015 1405 eiusdem
1041 1372 1200 1405 ecclesiae

464 1426 635 1459 Abulensis
652 1426 684 1458 in
703 1426 927 1469 spiritualibus
945 1427 994 1459 vel
1018 1426 1202 1469 temporali-

463 1479 534 1519 bus,
549 1489 609 1522 per
633 1490 677 1519 sc,
697 1480 745 1512 vel
773 1479 884 1519 alium,
910 1490 968 1522 pro
983 1484 1086 1522 parte,
1103 1481 1153 1512 vet
1168 1480 1199 1512 in

465 1538 577 1572 totum,
599 1542 712 1574 gerere
731 1533 779 1565 vel
797 1532 955 1575 recipcre,
974 1537 1028 1565 aut
1042 1532 1105 1565 illis
1119 1533 1201 1565 nlla-

464 1590 556 1617 tenus
574 1595 608 1617 se
625 1585 820 1624 immiscere,
835 1590 1009 1628 antequam
1025 1595 1043 1617 a
1063 1585 1200 1625 vinculo,

464 1647 529 1680 quo
542 1643 671 1671 tenetur
683 1638 842 1671 ecclesiae
856 1638 1023 1677 llerdensi,
1042 1638 1091 1670 cui
1110 1648 1201 1681 prae-

463 1697 511 1724 est
530 1719 537 1732 ,
564 1697 598 1725 et
620 1702 636 1725 a
661 1703 726 1735 quo
752 1692 882 1725 nonnisi
908 1703 925 1725 a
951 1692 1044 1724 nobis
1078 1692 1199 1724 absolvi

462 1750 592 1787 potest,
633 1745 765 1777 realiter
797 1750 830 1778 et
855 1756 927 1778 cum
955 1744 1071 1778 effectu
1097 1745 1202 1777 absol—

463 1803 574 1839 vatur,
600 1809 636 1831 ae
663 1799 700 1831 ad
727 1799 902 1841 praefatam
928 1799 1096 1832 ecclesiam
1122 1799 1203 1831 Abu-

463 1852 586 1884 lcnsem
613 1851 835 1891 transferatur,
851 1852 946 1894 eique
964 1851 1004 1883 de
1021 1851 1106 1883 illius
1134 1861 1202 1894 per-

463 1905 542 1936 sona
573 1914 590 1935 a
621 1903 715 1936 nobis
747 1904 978 1946 provideatur3
1011 1903 1201 1946 praesertim

463 1967 534 1989 cum
560 1957 720 1990 eiusmodi
755 1956 915 1990 absolutio
935 1983 942 1996 ,
974 1957 1144 1989 translatio
1170 1961 1202 1990 et

464 2009 604 2051 provisio
630 2009 737 2042 adhuc
762 2020 778 2041 a
799 2009 892 2042 nobis
909 2008 1083 2052 nequidem
1103 2009 1203 2051 petita

464 2062 584 2101 suerit,
620 2064 766 2106 quinimo
808 2073 866 2095 nec
899 2068 1019 2095 asserta
1055 2063 1200 2095 eiusdem

463 2114 623 2148 Francisci
650 2115 796 2159 episcopi
821 2116 860 2148 ad
886 2115 1003 2148 dictam
1029 2115 1200 2148 ecclesiam

464 2168 662 2201 Abulensem
680 2169 902 2210 praesentatio
920 2169 1014 2201 nobis
1039 2169 1201 2200 ullatenus

465 2221 547 2254 sacta
573 2221 693 2260 fuerit3
727 2222 866 2264 indeque
898 2226 1007 2264 pateat
1038 2231 1133 2265 quam
1159 2225 1201 2253 te-

464 2285 550 2307 mere
576 2280 609 2306 et
633 2285 806 2317 perperam
832 2275 1009 2318 praemissa
1032 2275 1151 2314 omnia,
1168 2274 1200 2306 in

464 2326 572 2370 regnis
596 2327 824 2370 Hispaniarum
851 2328 1010 2360 hactenus
1035 2327 1199 2366 inaudita,

463 2385 576 2414 eontra
601 2380 791 2413 corumdem
816 2390 992 2422 regnorum
1026 2384 1200 2412 consuetu-

464 2433 576 2473 dines,
602 2438 715 2466 contra
740 2443 905 2466 sacrorum
940 2443 1100 2466 canonum
1127 2443 1201 2475 apo-

464 2487 715 2529 stolicarumque
756 2486 1024 2519 constitutionum
1062 2486 1202 2529 disposi-

466 2540 584 2573 tionem
617 2550 653 2573 ac
677 2544 799 2572 rectum
826 2539 972 2573 ordinem
998 2550 1055 2582 per
1076 2539 1202 2572 damna

465 2593 561 2625 bilem
588 2593 761 2625 saecularis
774 2593 940 2635 potestatis
960 2592 1093 2624 abusam
1114 2597 1199 2634 gesta

1051 214 1230 239 mmmmm!
1254 213 1409 240 ROMANUM

1249 263 1381 304 fuerint,
1401 268 1556 308 quantum
1575 263 1629 297 illa
1646 263 1808 297 Ecclesiae
1826 267 1857 296 et
1873 268 1984 296 nostra

1249 316 1316 349 iura
1342 317 1496 350 laeserint
1521 327 1556 349 ac
1581 317 1729 362 laedant,
1758 327 1853 360 quam
1879 317 1984 359 gravi-

1248 370 1307 403 bus
1333 370 1474 413 denique
1499 369 1654 413 periculis
1683 369 1805 402 animas
1838 369 1983 412 pretioso

1247 421 1423 455 Salvatoris
1447 428 1479 455 et
1502 422 1628 455 Domissi
1661 422 1728 455 lesu
1763 421 1883 454 Christi
1910 433 1983 455 san·

1248 476 1344 517 guine
1374 476 1560 518 redemptas
1593 475 1789 508 involverint
1818 480 1850 508 et
1878 475 1982 508 adhuc

1248 528 1408 561 involvere
1432 534 1588 572 pergant:
1616 528 1693 560 binc
1718 528 1874 571 estquod
1900 537 1980 568 nos,

1247 581 1300 624 qui
1326 581 1541 614 libertatis‘ac
1566 581 1803 614 iurisdictionis
1828 581 1983 614 aliorum-

1246 645 1308 677 que
1344 635 1462 667 iurium
1503 634 1799 668 ecclesiasticorum
1842 638 1983 668 asserto-

1246 697 1296 720 res
1324 687 1354 720 in
1388 687 1481 720 terris
1515 698 1533 720 a
1567 687 1703 720 Domino
1736 686 1900 721 constituti
1934 697 1984 720 su-

1245 751 1326 781 mus,
1355 735 1565 784 Omniumque
1595 741 1807 774 ecclesiarum
1836 746 1868 773 et
1900 740 1984 772 chri-

1245 794 1431 827 stifidelium
1457 804 1566 827 curam
1592 798 1623 827 et
1648 793 1902 827 sollicitudinem
1934 804 1984 826 su-

1245 849 1345 890 perna
1371 846 1585 890 dispositione
1622 847 1763 889 gerimus
1782 874 1789 886 ‚
1827 846 1983 880 ecclesiae

1245 900 1405 943 praefatae
1448 900 1618 934 Abulensis·
1667 906 1915 944 nostrorumque
1953 906 1984 933 et

1246 953 1449 996 Apostolicae
1489 953 1581 985 Sedis
1623 953 1742 986 inrium
1780 953 1983 987 indemnitati

1244 1001 1433 1044 providere,
1462 1011 1521 1033 nec
1546 1011 1611 1033 non
1643 1001 1824 1034 animarum
1848 1001 1981 1044 pericu-

1245 1054 1304 1094 lis,
1332 1059 1490 1096 quantum
1515 1053 1608 1086 nobis
1634 1064 1669 1087 ex
1696 1055 1760 1087 alto
1786 1054 1983 1093 conceditur,

1245 1117 1416 1140 occurrere
1443 1107 1621 1151 cupientes,
1648 1118 1684 1139 ac
1701 1107 1845 1140 omnium
1867 1112 1899 1140 et
1921 1107 1984 1140 sin-

1243 1161 1396 1202 gulorum
1416 1160 1445 1192 in
1462 1159 1659 1203 praemissis,
1680 1165 1742 1193 tam
1762 1171 1779 1192 a
1795 1159 1983 1200 secretario,

1244 1225 1338 1258 qnam
1365 1225 1382 1247 a
1407 1214 1550 1253 decano,
1577 1213 1719 1257 capitulo
1745 1218 1777 1246 et
1801 1213 1982 1254 canonicis,

1244 1278 1304 1301 ncc
1322 1278 1386 1301 non
1405 1267 1580 1300 Francisco
1607 1267 1761 1310 episcopo
1779 1266 1983 1310 supradictis,

1244 1331 1302 1364 per
1327 1331 1361 1353 se
1387 1321 1436 1354 vel
1469 1321 1551 1354 alios
1591 1330 1824 1363 quoscumque,
1852 1329 1983 1363 quomo-

1244 1373 1366 1407 dolibet
1390 1378 1534 1406 actorum
1572 1378 1603 1405 et
1639 1378 1805 1415 gestorum
1839 1371 1983 1411 seriem,

1244 1436 1355 1458 causas
1382 1431 1412 1458 et
1438 1426 1650 1466 occasiones,
1672 1426 1774 1458 aliave
1800 1425 1981 1468 quaelibet,

1245 1479 1342 1511 etiam
1368 1478 1549 1521 specificam
1575 1483 1607 1510 ct
1631 1477 1828 1510 individuam
1846 1477 1984 1510 mentio-

1244 1542 1319 1565 nem
1344 1537 1374 1564 et
1398 1531 1643 1574 expressionem
1663 1529 1873 1573 requirentia,
1892 1540 1984 1574 prae-

1244 1585 1392 1617 sentibus
1418 1595 1476 1628 pro
1502 1585 1599 1628 plene
1629 1589 1660 1616 et.
1696 1583 1892 1616 sufficienter
1928 1593 1981 1616 ex-

1243 1639 1365 1682 pressis
1391 1648 1426 1670 ac
1451 1637 1653 1670 exactissime
1680 1642 1711 1669 et
1741 1636 1982 1670 accuratissime

1244 1691 1438 1735 specificatis
1464 1691 1642 1731 habentes,
1668 1695 1757 1723 motu
1783 1689 1925 1734 proprio,
1946 1700 1983 1723 ac

1245 1756 1280 1778 ex
1307 1746 1395 1778 certa
1421 1745 1559 1778 scientia
1591 1750 1622 1778 et
1656 1746 1782 1777 matura
1818 1744 1980 1778 delibera-

1245 1798 1332 1831 tione
1359 1797 1499 1837 nostris,
1527 1798 1633 1840 deque
1659 1797 1859 1840 apostolicae
1891 1802 1984 1840 pote-

1245 1851 1336 1883 statis
1361 1850 1565 1894 plenitudine
1583 1876 1590 1890 ‚
1616 1850 1810 1885 electionem
1836 1859 1894 1882 seu
1925 1860 1983 1882 no-

1245 1904 1455 1936 minationem
1480 1903 1624 1936 eiusdem
1651 1901 1814 1945 Francisci
1840 1902 1982 1944 episcopi

1991 215 2039 242 An.
2055 215 2086 242 C.
2107 215 2175 243 1709

1996 537 2098 568 >litaeque
2110 538 2178 558 omnia

1995 567 2063 611 {Uib-st
2074 567 2094 585 el
2109 570 2179 591 repro·

1244 1957 1276 1989 in
1301 1956 1504 2000 provisorem
1529 1966 1586 1988 scu
1611 1956 1864 1998 gubernatorem
1890 1965 1992 2001 prae-7

1246 2010 1326 2043 satae
1353 2009 1507 2042 eeclesiae
1535 2008 1728 2047 Abulensis‚
1761 2018 1796 2041 ac
1829 2018 1983 2051 quorum-

1245 2073 1384 2106 cumque
1398 2062 1517 2094 iurium
1536 2066 1569 2094 et
1586 2061 1785 2100 facultatum,
1804 2060 1888 2093 eirca
1902 2059 1983 2093 eius·

1246 2116 1318 2149 dem
1344 2115 1501 2148 ecclesiae
1529 2114 1674 2156 regimen
1712 2120 1743 2146 et
1775 2113 1982 2153 administra-

1246 2169 1381 2209 tionem,
1409 2168 1532 2201 decano
1552 2194 1559 2207 ,
1584 2167 1728 2210 capitulo
1759 2172 1790 2200 et
1815 2166 1980 2200 canonicis

1244 2221 1428 2265 praedictis,
1456 2221 1542 2253 illius
1569 2220 1646 2253 sede
1670 2219 1847 2263 episcopali
1868 2230 1982 2253 vacan-

1246 2280 1293 2315 te,
1320 2273 1584 2317 competentium,
1610 2273 1642 2305 in
1668 2273 1772 2315 ipsum
1799 2272 1982 2306 translatio-

1244 2337 1318 2360 nem
1355 2337 1410 2359 seu
1447 2325 1694 2360 concessionem
1731 2325 1760 2358 ei
1787 2326 1827 2358 ab
1859 2326 1981 2360 eisdem

1245 2380 1380 2419 decano,
1408 2379 1551 2422 capitulo
1579 2384 1610 2411 ct
1633 2378 1798 2411 canonicis
1819 2379 1928 2420 factas,
1946 2384 1982 2411 ut

1244 2432 1437 2475 praefertur,
1463 2431 1591 2474 aliaque
1605 2431 1715 2464 omnia
1731 2436 1762 2464 et
1777 2431 1906 2474 singula
1918 2437 1980 2464 tam

1244 2485 1283 2517 ab
1309 2484 1386 2528 ipsis
1411 2484 1534 2517 decano
1554 2510 1562 2524 ,
1588 2483 1730 2527 capitulo
1754 2490 1786 2517 et
1806 2484 1981 2524 canonicis,

1244 2547 1338 2580 quam
1365 2547 1381 2568 a
1407 2537 1492 2570 dicto
1518 2536 1689 2570 Francisco
1715 2536 1869 2580 episcopo
1904 2546 1981 2584 suae

1244 2591 1412 2624 electionis
1435 2601 1488 2623 seu
1509 2590 1798 2631 ii‹i›1niiiati(=11is,:ie
1817 2591 1849 2623 in
1866 2591 1980 2634 ipsum,
