2269 3203
440 467 1358 564 INNOCENTIUS
1442 467 1691 560 XIII

930 645 1033 679 PAPA
1059 644 1223 681 CCXLVIII

692 762 743 797 Ab
768 772 855 796 anno
880 771 1020 797 itneexxl
1045 761 1088 796 nd
1112 770 1238 796 annum
1263 769 1441 795 nnecxxw.

113 998 162 1027 Aa.
181 997 210 1026 C.
229 999 293 1027 1721
308 953 536 1028 Innocnnrius
555 991 634 1033 XIII,
657 992 835 1031 Romanus,
856 991 1049 1025 Michaelan-

159 2331 282 2353 Exordium.

286 1714 290 1715 a
316 1689 444 1713 menses
470 1680 544 1721 duo,
571 1680 640 1713 dies
666 1680 860 1724 vigintiduo.

308 1054 400 1097 gelus
415 1055 453 1088 de
469 1054 648 1088 Coniitibus
667 1060 761 1088 antea
779 1060 917 1095 vocatus,
931 1054 1046 1087 S.R.E.

308 1117 479 1160 presbyter
505 1116 679 1150 cardinalis
705 1117 787 1150 tituli
812 1116 862 1150 Ss.
881 1116 999 1154 Quiriei
1019 1122 1051 1148 et

309 1178 432 1218 Iulitae,
459 1179 601 1222 primum
635 1179 811 1223 episcopus
836 1179 1048 1219 Auximanus,

311 1240 429 1274 deinde
460 1241 694 1282 Viterbiensis,
723 1242 871 1275 Summus
907 1241 1074 1275 Pontifex*

312 1303 434 1336 electus
460 1303 521 1335 suit
545 1303 597 1336 die
622 1314 679 1337 v111
703 1304 778 1336 maii
804 1304 878 1336 anni
900 1314 1051 1345 ninccxm,

313 1371 345 1399 et
369 1366 421 1399 die
452 1375 504 1400 xtx
535 1366 681 1399 eiusdem
717 1368 838 1400 mensis
865 1373 1050 1401 coronatus.

312 1427 438 1462 Creavit
480 1428 662 1462 cardinales
709 1434 785 1462 tres.
830 1429 913 1462 Vixit
953 1440 1055 1462 annos

313 1501 420 1532 vani,
439 1501 568 1525 menses
587 1502 627 1533 1x,
646 1491 715 1525 dies
735 1501 845 1526 xxvm.
865 1492 951 1525 Obiit
972 1502 1055 1525 anno

314 1564 499 1595 MDCCUW,
526 1555 578 1588 die
608 1565 651 1588 vn
686 1556 814 1597 martii,
841 1557 1056 1599 sepultusque

316 1616 374 1649 fuit
397 1616 428 1649 in
455 1615 592 1649 Basilica
615 1616 781 1650 Vaticana.
804 1617 934 1650 Vacavit
958 1617 1058 1650 Sedes

678 1807 702 1840 I.

320 1887 543 1930 Confirmalttr
559 1886 749 1919 constitutio
771 1885 941 1919 Clementis
958 1886 1011 1920 XI
1025 1885 1062 1919 cle

363 1939 552 1983 privileyiis
581 1939 810 1972 universitatis
841 1938 947 1972 studii
969 1949 1085 1981 syene-1

364 1992 448 2025 ralis
482 1996 511 2025 el
551 1990 682 2036 colleqii
717 1991 882 2024 doctorum
918 1991 1064 2024 civitatis

368 2046 498 2087 Urbini,
525 2056 600 2079 cum
624 2047 706 2079 nord
733 2045 918 2079 eorumdem
945 2055 1065 2078 conces-

366 2099 487 2132 sione¹.

500 2171 696 2199 Innocentius
715 2171 902 2205 Episcopus,

515 2224 624 2244 servus
646 2224 801 2244 servorum
821 2216 884 2250 Dei,

444 2260 481 2288 ad
500 2263 678 2295 perpetuam
697 2260 742 2288 rei
764 2260 952 2287 memoriam.

372 2331 498 2364 Rationi
524 2331 675 2374 congruit
708 2342 745 2364 ae
771 2330 924 2364 convenit
949 2329 1064 2372 acqui—

328 2383 396 2426 tati,
414 2391 448 2418 ut
471 2395 521 2426 ea,
539 2395 622 2429 quae
647 2384 783 2418 Romani
809 2382 972 2417 pontificis
995 2392 1068 2424 gra·
1088 2397 1090 2420 1

386 2483 396 2508 1
419 2481 538 2508 Laudata
556 2481 712 2509 constitutio
738 2481 782 2508 hic
801 2481 930 2514 refertur,
952 2484 978 2507 et
998 2479 1070 2507 edita
1099 2483 1101 2485 ’

330 2526 381 2552 suit
398 2532 526 2559 MDccxm,
546 2526 591 2552 die
613 2528 643 2552 19
663 2523 769 2558 martii,
791 2525 887 2561 pontif.
908 2532 968 2558 xx1;
990 2525 1070 2551 liuius
1090 2536 1091 2543 ¹

332 2570 468 2597 Pontificis
488 2574 574 2596 const.
598 2569 670 2597 edita
689 2576 817 2604 nncexxt,
837 2569 880 2596 die
900 2569 933 2595 27
953 2576 1069 2596 novem-

331 2615 396 2648 bris,
417 2615 512 2651 pontif.
529 2622 547 2650 1,
564 2615 721 2642 conceditur
731 2615 806 2643 locus
822 2615 849 2642 in
865 2615 934 2642 Rota
953 2613 1072 2641 Macera·

332 2660 402 2688 tensi
421 2660 467 2687 uni
487 2667 517 2686 ex
540 2659 645 2686 civibus
665 2658 769 2686 Urbini.

1092 989 1134 1022 tia
1164 1001 1199 1023 ae
1229 989 1434 1032 benignitate
1468 993 1724 1032 processerunt,
1755 986 1892 1021 licetAn.
1915 993 2026 1021 C.17<.>t

1093 1044 1162 1077 eius
1195 1043 1448 1087 superveniente
1477 1042 1567 1076 obitu
1601 1042 1730 1074 litterae
1755 1051 1832 1084 apo—

1093 1098 1228 1131 stolicae
1252 1099 1395 1141 desuper
1421 1097 1589 1140 expeditae
1616 1106 1680 1129 non
1706 1095 1834 1135 suerint,

1095 1152 1238 1185 debitum
1265 1156 1508 1193 consequantur
1533 1149 1692 1183 effectum.

1140 1205 1154 1248 ξ
1180 1205 1209 1237 1.
1231 1204 1306 1238 Cum
1331 1204 1456 1247 itaque,
1475 1203 1557 1237 sicut
1581 1203 1775 1246 accepimus,
1792 1201 2033 1255 se-fflffirngffrffissfi}

1096 1259 1165 1292 licis
1180 1257 1416 1291 recordationis
1432 1257 1580 1290 Clemens
1594 1257 1679 1299 Papa
1693 1254 1731 1287 XI
1747 1249 1914 1308 prae-{fgef¹
1939 1259 2033 1280 emmen-

1097 1312 1250 1345 decessor
1263 1316 1384 1351 noster,
1403 1310 1538 1355 cupiens
1557 1309 1678 1343 civitati
1695 1313 1837 1347 nostrae,

1099 1372 1173 1399 tune
1199 1376 1288 1406 suae,
1316 1365 1440 1403 Urbini,
1465 1364 1520 1396 nbi
1546 1370 1640 1396 natus
1668 1369 1699 1396 et
1723 1362 1840 1395 educa-

1076 1453 1077 1460 ,
1100 1427 1149 1453 tus
1176 1420 1300 1461 suerat,
1327 1429 1487 1463 quamque
1522 1419 1640 1452 nedum
1673 1423 1744 1451 ortu
1770 1426 1838 1455 suo,

1099 1475 1155 1508 sed
1181 1474 1246 1507 suis
1273 1469 1368 1506 etiarn
1395 1471 1520 1505 eximiis
1546 1471 1718 1504 virtutibus
1745 1469 1843 1511 pluri-

1101 1538 1186 1560 mum
1223 1526 1398 1560 illustravit
1414 1553 1420 1565 ,
1457 1525 1670 1568 praecipuum
1708 1522 1843 1566 aliquod

1101 1580 1286 1626 pontificiae
1305 1590 1380 1612 suae
1399 1578 1569 1612 charitatis
1593 1583 1625 1611 et
1648 1575 1846 1610 beneficien-

1103 1636 1166 1668 tiae
1192 1639 1420 1677 argumentum
1447 1632 1612 1671 tribuere,
1647 1640 1682 1663 ac
1713 1628 1846 1672 potissi-

1103 1699 1190 1722 mum
1205 1698 1282 1730 erga
1294 1686 1542 1719 universitatem
1563 1683 1660 1717 studii
1681 1681 1845 1725 generalis

1103 1741 1226 1774 ibidem
1239 1740 1419 1784 apostolica
1436 1738 1627 1772 auetoritate
1643 1737 1765 1770 dudum
1780 1745 1846 1767 ere-

1105 1793 1215 1835 ctam¹,
1227 1794 1260 1827 in
1273 1804 1337 1837 qua
1355 1793 1431 1826 olim
1447 1791 1608 1825 doctorali
1624 1791 1736 1824 laurea
1754 1789 1846 1822 deco-

1106 1853 1205 1886 ratus,
1219 1857 1348 1880 necnon
1364 1857 1440 1888 erga
1452 1845 1625 1888 collegium
1636 1843 1713 1875 iuris
1729 1841 1846 1874 utrius-

1105 1912 1168 1944 pue
1185 1901 1353 1934 doctorum
1369 1899 1448 1932 inibi
1468 1898 1538 1941 pari
1551 1896 1741 1931 auctoritate
1759 1893 1848 1927 insti-

1107 1960 1222 1995 tutum,
1243 1955 1292 1987 cui
1312 1954 1366 1986 ille
1385 1953 1508 1991 itidem,
1524 1952 1599 1984 dum
1617 1951 1649 1983 in
1664 1948 1848 1982 minoribus

1108 2014 1195 2042 esset
1220 2008 1383 2050 gradibus,
1412 2005 1595 2048 adscriptus
1621 2004 1736 2044 suerat,
1763 2001 1846 2044 grati

1107 2061 1326 2105 mentorisque
1342 2060 1438 2093 animi
1454 2059 1499 2091 sui
1519 2057 1775 2101 propensionem
1794 2065 1849 2098 pa-

1108 2118 1171 2150 lam
1196 2115 1371 2148 ostendere
1409 2118 1440 2146 et
1472 2112 1660 2151 declarare,
1689 2109 1850 2143 nonnulla

1109 2168 1279 2213 privilegia
1300 2173 1332 2200 et
1352 2166 1478 2199 indulta
1503 2176 1520 2197 a
1546 2163 1679 2198 diversis
1697 2163 1851 2196 RomaniS

1086 2218 1088 2224 '
1110 2221 1333 2260 Pontificibus,
1351 2217 1663 2262 praedecessoribus
1680 2216 1775 2250 etiam
1794 2225 1851 2248 no-

1111 2274 1194 2315 stris,
1206 2279 1283 2306 tune
1298 2272 1375 2312 suis,
1393 2270 1597 2304 universitati
1614 2270 1711 2302 studii
1723 2279 1853 2312 genera<

1110 2329 1150 2362 lis
1170 2333 1200 2360 et
1220 2326 1361 2369 collegio
1380 2326 1550 2358 doctorum
1572 2323 1747 2367 praedictis
1774 2322 1853 2354 olim

1111 2393 1280 2422 concessa,
1301 2392 1337 2414 ac
1355 2380 1492 2423 iusuper
1517 2379 1678 2412 nonnulla
1704 2377 1808 2411 edicta
1823 2382 1855 2409 et

1113 2436 1242 2469 decreta
1268 2435 1300 2467 in
1326 2434 1496 2477 utriusque
1517 2433 1658 2466 savorem
1678 2442 1694 2464 a
1720 2430 1855 2463 ducibus

1113 2494 1145 2521 et
1173 2499 1232 2532 pro
1270 2493 1416 2530 ternpore
1453 2485 1568 2528 legatis
1606 2490 1637 2518 et
1667 2482 1853 2525 vicelegatis

1090 2557 1091 2563 ¹
1114 2542 1261 2575 eiusdem
1279 2540 1418 2574 civitatis
1435 2539 1549 2573 Urbini
1575 2539 1670 2578 edita,
1690 2543 1723 2569 ut
1748 2537 1779 2569 in
1798 2546 1855 2579 po-

1114 2600 1234 2628 sterum
1272 2595 1523 2628 observarentur
1559 2592 1722 2630 exactius,
1757 2589 1855 2631 paulo

1153 2660 1161 2684 l
1186 2657 1256 2685 Edit..
1279 2656 1359 2684 Main.
1375 2656 1440 2691 legit
1461 2658 1587 2682 erectum
1612 2661 1649 2687 ¹¹u.
1668 2660 1714 2683 Li
