2269 3203
75 211 124 237 Αιι.
140 210 259 239 &1713

900 207 1041 231 (sstttiffixs
1069 207 1099 230 x1
1124 208 1171 231 ΓΡ,

270 259 447 298 conti-utrm
476 258 501 291 si
528 258 599 301 quis
624 263 729 290 autem
760 256 821 289 hoc
847 260 1005 289 attentare

271 311 546 354 praesumpserit,
574 309 829 352 indignationem
860 307 1004 350 omnipo-

232 382 236 387 ·
272 363 367 396 tontis
394 362 448 396 Dei
475 373 512 396 ac
536 363 705 395 beatorum
736 361 820 393 Petri
854 366 885 393 et
917 360 1006 393 Pauli

101 1277 123 1296 r·
129 1277 240 1297 musinium.

270 417 492 459 apostolorum
524 415 591 449 eius
621 426 654 447 se
689 414 815 447 noverit
851 414 1005 446 incursu-

272 479 354 502 rum.

313 522 429 555 Datum
456 522 590 560 Romae,
615 520 700 564 apud
722 520 754 554 S.
785 519 916 553 Mariam
947 518 1009 552 Ma-

271 576 386 615 iorem,
430 585 514 607 anno
554 573 786 606 lncarnationis
825 573 1007 606 dominicae

269 637 430 667 mccxlii,
442 638 472 660 vi
486 627 558 660 idus
572 626 780 670 septembris,
796 626 1007 669 pontificatus

271 680 371 713 nostri
393 690 478 713 anno
491 690 563 713 xm.

305 742 364 769 Dat.
381 741 424 769 die
439 742 456 769 8
472 741 637 777 septembris
652 740 732 774 1713,
750 742 844 776 pontis>
861 750 932 769 anuo
952 748 1007 768 xut.

533 882 740 917 CLXXXVIII.

268 964 488 1005 Confirmatio·
501 964 662 996 decretum
679 964 945 1006 Conslreyulimiis
957 965 1011 996 Ri-

313 1021 407 1048 tuum
430 1016 468 1048 de
492 1016 583 1048 cultu
598 1013 864 1048 'immemorabili
889 1021 916 1048 el
934 1027 1010 1048 casu

311 1073 440 1112 eaeceplo
462 1079 522 1112 pro
548 1069 587 1101 B.
618 1069 774 1110 Greyorio
798 1069 827 1102 X
853 1068 874 1101 ¹.

486 1149 621 1176 Clemens
643 1149 724 1182 Papa
739 1149 788 1179 xl,

392 1194 428 1219 ad
458 1193 595 1219 futuram
623 1192 668 1219 rei
699 1193 884 1220 memoriam.

312 1263 450 1296 Iniuncti
475 1263 569 1296 nobis
595 1263 729 1296 caelitus
754 1265 928 1307 pastoralis
963 1265 1010 1298 os-

268 1315 331 1349 ficii
356 1315 543 1349 sollicitudo
571 1326 629 1349 nos
655 1322 770 1360 urget,
796 1322 831 1348 ut
855 1317 1010 1359 glorioso·

269 1379 338 1401 rum
350 1369 497 1402 caelestis
509 1368 714 1402 Hierusalem
726 1369 855 1411 civium,
869 1381 1008 1413 qnorum

268 1422 459 1466 sapientiam
495 1427 628 1455 narrant
665 1423 778 1467 populi
816 1429 847 1456 et
882 1424 1009 1458 laudem

269 1475 395 1509 nuntiat
409 1476 559 1517 Ecclesia,
575 1476 775 1520 illorumque
794 1477 1008 1520 potissimum,

269 1540 349 1573 quos
374 1529 566 1573 Unigenitus
592 1530 648 1563 Dei
686 1530 785 1564 Filius
821 1531 928 1574 gregis
959 1531 1007 1564 sui

269 1587 417 1626 pastores
442 1582 609 1615 constituit
636 1583 813 1616 secundum
832 1595 1007 1625 corsuum,

268 1635 387 1678 quique
425 1635 457 1667 in
490 1635 756 1678 generationibus
791 1637 896 1678 gentis
933 1648 1007 1670 suae

268 1688 406 1730 gloriam
432 1689 541 1732 adepti
577 1690 772 1732 placuerunt
809 1690 943 1724 Domino
974 1691 1007 1723 in

269 1741 384 1775 diebus
409 1741 495 1782 suis,
523 1753 558 1776 ac
585 1741 658 1775 fidei
685 1744 941 1786 gubernaculum
964 1745 1007 1776 vi-

267 1794 371 1828 riliter
402 1800 574 1835 tenentes,
607 1796 784 1829 anchoram
817 1797 886 1840 spei
921 1803 1007 1830 tran-

267 1848 369 1891 quilla
393 1847 456 1881 iam
486 1848 518 1881 in
552 1848 690 1882 statione
724 1855 979 1893 composuerunt
998 1878 1005 1890 ,

265 1903 463 1945 plenamque
489 1902 684 1935 caelestibus
710 1903 828 1936 divitiis
854 1909 885 1936 et
902 1909 1008 1937 aeter-

267 1954 318 1987 nis
355 1954 519 1987 mercibus
556 1965 667 1987 narem
704 1961 814 1998 optato
840 1956 871 1988 in
898 1957 1007 1990 littore

266 2008 498 2047 collocarunt,
534 2007 779 2041 venerationem
817 2014 847 2042 et
887 2010 1007 2043 cultum

265 2070 459 2104 promovere
485 2060 670 2093 studeamus
699 2061 731 2092 in
770 2061 863 2093 terris
882 2088 889 2102 ,
925 2062 1008 2095 sicut

265 2113 319 2155 pia
342 2113 577 2146 catholicorum
603 2113 783 2146 antistitum
814 2114 845 2146 in
881 2120 1007 2158 partem

265 2165 494 2199 sollicitudinis
505 2171 633 2200 nostrae
651 2173 835 2200 vocatorum
853 2168 1007 2201 aliorum-

267 2229 328 2262 que
351 2218 614 2253 christifidelium
634 2247 640 2259 ,
667 2231 702 2253 ac
727 2221 919 2264 praesertim
938 2222 1007 2265 pie-

268 2276 330 2304 tate
344 2282 408 2305 non
427 2272 534 2305 minus
560 2273 815 2317 christianisque
833 2273 1006 2307 virtutibus

267 2334 361 2366 qnam
376 2325 505 2367 generis
522 2326 698 2369 splendore
714 2326 916 2370 fulgentium,
934 2332 1008 2360 vota

301 2419 312 2444 1
337 2418 404 2446 Huic
423 2419 511 2447 simite
530 2420 668 2449 decretum
690 2423 876 2450 confirmatum
892 2423 943 2450 suit
958 2432 1006 2458 pro

266 2461 294 2488 B.
318 2462 396 2489 Lucia
417 2462 450 2489 de
470 2463 566 2491 Narnia
582 2487 590 2499 ,
611 2469 697 2493 const.
719 2467 762 2494 ed.
784 2473 868 2494 moccx
882 2488 889 2500 ,
910 2467 953 2495 die
973 2468 1007 2494 26

266 2507 374 2539 martii,
396 2508 491 2541 pontif.
513 2516 547 2540 x;
568 2513 594 2535 et
614 2518 660 2544 pro
682 2511 709 2537 B.
731 2512 843 2538 Andrea
862 2511 895 2538 de
915 2511 1006 2539 Comi-

266 2550 338 2577 tibus
356 2551 389 2576 ab
411 2550 566 2578 Innocentio
585 2552 661 2585 xlii,
689 2559 775 2582 const.
796 2558 839 2582 ed.
860 2562 1005 2589 MDCCXXW,

266 2595 308 2623 die
329 2602 360 2622 xv
381 2594 530 2628 februarii,
552 2596 640 2631 pontif
656 2604 695 2624 ιιι.

1050 256 1241 298 postulant,
1268 260 1300 287 et
1326 266 1383 288 nos
1409 255 1445 288 ad
1473 256 1707 299 omnipotentis
1732 256 1786 288 Ilei

1050 308 1207 351 gloriam,
1234 309 1415 342 catholicae
1442 308 1603 341 Ecclesiae
1629 309 1726 341 decus
1759 314 1789 341 ct

1050 361 1259 405 praesidium,
1286 361 1554 405 spiritualemque
1573 361 1717 394 fidelium
1736 372 1788 404 po·

1049 416 1200 458 polorum
1226 415 1486 448 aedificationem
1514 425 1550 447 ac
1584 414 1788 447 devotionem

1051 469 1222 502 fovendam
1249 468 1455 502 conducibile
1483 468 1551 501 sore
1587 467 1619 500 in
1653 467 1788 501 Domino

1051 521 1257 556 arbitramur.

1095 577 1109 619 ξ
1135 576 1165 608 l.
1193 575 1270 609 Cum
1296 575 1402 619 itaque
1429 576 1507 609 alias
1544 575 1574 607 in
1607 574 1789 617 congrega-
1824 583 1984 608 tixnunmrs‘a-

1856 617 1933 630 causae
1956 617 1984 629 tn-

1053 628 1138 662 tione
1165 635 1240 661 tunc
1266 629 1474 662 existentium
1501 629 1532 662 S.
1559 628 1596 661 R.
1623 628 1658 660 E.
1686 617 1876 661 cardi-‹sssbmo

1801 669 1887 683 Msstijl.

1801 613 1805 628 Ι

1052 682 1174 716 nalium
1189 681 1290 715 sacris
1309 681 1424 714 ritibus
1438 681 1703 726 praepositorum
1717 691 1791 724 pro-

1052 743 1162 767 cessus
1189 734 1379 767 auctoritate
1412 734 1588 777 apostolica
1616 733 1790 767 constructi

1053 798 1150 830 super
1174 787 1344 820 virtutibus
1371 793 1402 820 et
1425 787 1592 820 miraculis
1624 787 1656 819 in
1682 786 1791 829 specie

1053 840 1156 874 felicis
1178 840 1414 874 recordationis
1432 841 1516 873 beati
1531 840 1676 883 Gregorii
1691 840 1750 873 PP.
1767 840 1791 873 X

1054 894 1316 937 praedecessoris
1347 894 1449 927 nostri
1484 893 1618 926 exhibiti
1644 893 1765 926 suerint
1784 921 1791 933 ,

1054 947 1251 990 illorumque
1281 947 1447 980 validitate
1479 947 1518 980 de
1550 958 1642 981 more
1674 947 1794 980 exami-

1054 1002 1136 1040 nata,
1163 1011 1198 1033 ac
1226 1000 1276 1033 die
1303 1011 1332 1033 ix
1357 1000 1491 1033 ianuarii
1511 1010 1651 1041 uberim,
1678 1000 1716 1033 ad
1744 1011 1793 1032 re-

1054 1053 1209 1086 lationem
1235 1053 1340 1086 bonae
1371 1053 1549 1086 memoriae
1572 1053 1695 1092 Cosmi,
1716 1053 1791 1085 «lum

1056 1105 1139 1145 vixit,
1159 1105 1302 1139 eiusdem
1319 1106 1442 1139 S.R.E.
1463 1106 1636 1139 cardinalis
1657 1106 1696 1138 de
1715 1105 1792 1139 Tor-

1055 1152 1104 1192 res
1122 1159 1297 1202 nuncupati
1317 1159 1498 1202 respective
1516 1159 1706 1202 approbata,
1728 1169 1794 1191 suc-

1054 1212 1197 1251 cessive,
1233 1222 1348 1255 nempe
1382 1212 1433 1245 die
1474 1222 1503 1245 iv
1534 1212 1608 1244 maii
1646 1212 1791 1245 eiusdem

1054 1264 1145 1305 anni,
1171 1265 1209 1297 ab
1236 1265 1348 1298 eadem
1366 1264 1626 1307 Congregatione
1645 1265 1793 1298 cardina-

1054 1318 1132 1350 lium
1161 1317 1335 1350 savorabile
1365 1318 1557 1360 rescriptum
1583 1318 1792 1359 emanaverit,

1053 1376 1201 1404 constare
1228 1371 1266 1403 de
1294 1370 1465 1403 virtutibus
1482 1370 1646 1411 heroicis3
1672 1370 1792 1403 deinde

1053 1434 1138 1463 vero,
1166 1424 1204 1456 ad
1231 1424 1431 1456 humillimas
1456 1434 1571 1467 preces
1598 1423 1792 1456 venerabilis

1054 1477 1160 1510 fratris
1184 1477 1352 1510 Benedicti
1379 1477 1524 1520 episcopi
1544 1477 1676 1516 Aletini,
1695 1477 1791 1510 etiam

1053 1531 1184 1564 nomine
1212 1530 1403 1563 dilectorum
1420 1530 1560 1562 filiorum
1580 1530 1794 1563 communita-

1054 1583 1091 1615 tis
1110 1589 1140 1616 et
1154 1582 1324 1616 hominum
1339 1582 1475 1616 civitatis
1491 1583 1652 1623 Aretinae,
1665 1593 1791 1616 necnon

1053 1636 1181 1668 Antonii
1208 1635 1324 1668 Mariae
1357 1635 1498 1668 Bonucci
1534 1635 1717 1679 presbyteri
1745 1646 1793 1668 re-

1052 1689 1173 1732 gularis
1189 1699 1340 1732 expresse
1362 1689 1500 1732 professi
1516 1689 1688 1722 Societatis
1709 1689 1793 1729 lesu,

1052 1743 1210 1776 eiusmodi
1237 1754 1354 1776 causae
1388 1743 1621 1786 postulatoris,
1654 1753 1713 1786 per
1746 1743 1794 1775 di-

1051 1796 1168 1828 lectum
1195 1795 1295 1828 lilium
1315 1801 1461 1828 nostrum
1480 1795 1723 1828 Ferdinandum
1742 1806 1793 1828 su-

1051 1848 1218 1891 pradictae
1243 1848 1274 1882 S.
1307 1848 1343 1881 R.
1374 1848 1408 1881 Ε.
1435 1849 1661 1892 presbyterum
1688 1849 1793 1881 cardi-

1052 1903 1158 1935 nalem
1184 1902 1222 1934 de
1245 1902 1359 1935 Abdua
1384 1905 1614 1945 nuncupatum,
1629 1902 1659 1934 in
1685 1903 1792 1935 locum

1051 1954 1164 1987 similis
1202 1955 1378 1988 memoriae
1415 1956 1538 1997 etiam,
1576 1955 1650 1988 dum
1687 1955 1790 1996 vixit,

1051 2007 1214 2041 Francisci
1240 2008 1425 2051 praedictae
1449 2007 1480 2041 S.
1502 2008 1538 2041 R.
1561 2008 1595 2041 E.
1616 2008 1791 2042 cardinalis

1051 2060 1197 2094 Montalti
1223 2061 1399 2104 nuncupati
1427 2061 1508 2105 (qui
1535 2071 1620 2094 anno
1657 2072 1790 2096 mncxru

1052 2114 1084 2146 in
1108 2115 1216 2147 locum
1243 2114 1389 2147 eiusdem
1404 2113 1509 2148 Cosmi
1528 2114 1701 2148 cardinalis
1717 2115 1792 2148 sub-

1052 2173 1183 2210 rogatus
1218 2168 1346 2210 suerat)
1383 2168 1594 2210 deputatum,
1620 2168 1791 2213 proposito

1051 2220 1151 2254 dubio
1184 2221 1217 2253 in
1251 2221 1366 2253 eadem
1397 2219 1657 2263 Congregatione
1689 2221 1793 2255 cardi-

1051 2274 1170 2307 nalium
1186 2274 1238 2307 die
1253 2284 1283 2307 x1
1298 2273 1451 2306 februarii
1467 2274 1614 2317 proxime
1624 2275 1792 2318 praeteriti

1051 2337 1150 2371 super
1174 2326 1341 2370 signatura
1366 2326 1604 2360 commissionis
1633 2337 1793 2360 reassum-

1049 2380 1170 2424 ptionis
1187 2391 1304 2414 causae
1323 2380 1360 2413 ad
1381 2380 1516 2413 sormam
1541 2380 1791 2415 novissimorum

1050 2434 1258 2467 decretorum
1282 2433 1476 2467 recolendae
1502 2434 1678 2467 memoriae
1696 2435 1792 2468 lnno-

1050 2486 1147 2519 centii
1179 2486 1284 2529 Papae
1308 2486 1347 2519 XI
1381 2486 1492 2520 itidem
1529 2487 1792 2530 praedecessoris

1051 2538 1178 2577 nostri,
1206 2549 1402 2582 responsum
1439 2540 1539 2573 suerit
1575 2550 1644 2573 esse
1682 2541 1791 2573 locum

1049 2591 1233 2634 signaturae
1260 2591 1512 2632 cominissioniS‚
1539 2597 1635 2635 prout
1652 2602 1710 2635 per
1731 2601 1792 2625 nos

1689 198 1751 231 575
1799 210 1846 232 An.
1869 207 1897 232 C.
1916 206 1983 234 ¹713
