2269 3203
98 237 145 264 An.
163 236 190 263 C.
215 237 281 263 t706

180 563 280 585 Rati-»nes

96 600 134 622 pro
159 594 281 614 extensione

96 619 200 669 ξιηοᾱίειί
215 616 281 638 indul-

131 2040 205 2061 Annuit
233 2039 286 2061 Pou-

103 2066 162 2088 titul

920 236 1060 260 CLEMENS
1088 236 1119 259 Xl
1145 237 1192 260 ΓΡ.

336 283 469 318 Ordinis
501 286 533 319 S.
565 285 699 325 Basilii,
727 285 770 317 ad
795 283 968 317 monachos
1003 287 1031 316 el

335 339 493 372 moniales
506 340 590 371 ritus
605 338 705 371 latini
717 337 856 370 eiusdem
870 336 1027 371 Ordinis⁴.

509 428 643 454 Clemens
661 427 740 460 Papa
760 427 808 458 XI,

432 472 467 499 ad
488 472 621 498 futuram
641 471 686 498 rei
707 470 891 498 memoriam.

336 553 399 597 §AE
423 554 511 593 Cum,
537 553 619 586 sicut
645 553 783 586 dilectus
810 553 893 586 nlius
919 554 1030 586 Petrus

293 606 438 646 Menuiti,
459 606 558 639 abbas
575 605 737 648 generalis
753 605 881 638 Ordinis
902 606 932 639 S.
950 606 1033 638 Basi-

293 658 326 691 lii
342 658 455 700 Magni,
471 658 565 691 nobis
586 668 692 700 nuper
707 658 824 700 exponi
850 658 931 697 tecit,
954 658 1032 690 alias

293 721 351 754 per
369 712 537 744 decretum
559 710 781 753 infrascriptae
800 710 1032 752 Congregatio-

292 763 343 796 nis
368 763 593 802 cardinalium,
621 763 706 805 quod
733 762 870 795 subinde
897 773 913 795 a
939 762 1032 795 nobis

292 827 352 860 per
372 817 526 859 quasdam
551 822 678 849 nostras
705 817 845 860 desuper
870 817 902 848 in
935 816 1031 849 simili

292 869 398 903 forma
423 869 529 902 Brevis
555 870 606 902 die
631 880 693 902 xvn
726 869 881 902 februarii
908 878 1033 902 MDCCIH

293 921 461 965 expeditas
476 921 599 955 litteras
615 923 841 954 confirmatum
858 922 923 961 suit,
941 922 1034 954 abba-

293 973 389 1006 tissae
415 979 446 1006 et
471 974 667 1007 monialibus
693 975 881 1007 monasterii
909 974 938 1007 S,
966 974 1034 1007 Sal—

292 1026 413 1059 vatoris
445 1026 683 1070 Philanlropos
714 1027 892 1070 nuncupati
926 1027 1034 1060 civita-

295 1078 335 1111 tis
360 1078 575 1111 Messanensis
600 1079 746 1111 eiusdem
772 1079 900 1112 Ordinis
930 1079 1034 1112 indul-

294 1136 361 1164 tum
386 1131 505 1170 suerit,
530 1136 579 1170 ut,
608 1132 722 1165 relicto
751 1132 811 1164 ritu
839 1143 973 1175 graeco,
1001 1132 1033 1164 in

294 1189 462 1227 posterum
491 1184 600 1216 divina
627 1184 731 1216 officia
765 1184 827 1216 ritu
859 1184 960 1217 latino
995 1185 1033 1217 ad

294 1236 528 1280 praescriptum
554 1236 706 1269 breviarii
744 1237 877 1276 romani,
905 1247 1034 1270 necnon

294 1290 483 1323 Sanctorum
503 1289 647 1321 eiusdem
663 1289 801 1329 Ordinis,
819 1300 900 1332 quae
919 1301 935 1322 a
954 1290 1035 1323 Sede

295 1342 482 1386 Apostolica
502 1341 698 1374 monialibus
724 1342 856 1375 alterius
876 1349 1035 1375 monaste-

294 1395 335 1428 rii
361 1395 507 1428 eiusdem
544 1395 574 1427 S.
602 1394 779 1428 Salvatoris
815 1395 952 1428 civitatis
978 1396 1036 1429 Pa-

296 1447 501 1482 normitanae
527 1447 685 1480 recitandi
713 1448 848 1481 facultas
882 1458 1036 1481 concessa

296 1501 364 1541 suit,
391 1501 530 1534 recitare
555 1505 691 1544 possent
711 1506 742 1534 et
760 1502 913 1541 valerent,
941 1507 1037 1544 prout

296 1555 329 1588 in
346 1554 439 1587 dictis
458 1554 573 1586 litteris
590 1554 722 1586 uberius
740 1554 941 1594 continetur·‚
968 1555 1037 1598 ipse

296 1617 374 1640 vero
407 1606 520 1640 Petrus
556 1607 656 1639 abbas
691 1607 868 1648 generalis,
895 1618 960 1650 quo
998 1608 1037 1640 de

297 1665 406 1693 cetero
431 1659 635 1692 uniformitas
662 1660 693 1691 in
726 1660 832 1692 divina
857 1660 1038 1702 psalmodia

297 1718 464 1752 serretur,
491 1712 652 1745 indultum
690 1712 876 1745 huiusmodi
909 1718 972 1746 tam
998 1714 1037 1747 ad

298 1766 476 1799 monachos
515 1776 608 1808 quam
648 1765 806 1798 moniales
846 1767 1036 1800 eorumdem

297 1819 428 1852 Ordinis
447 1825 478 1851 et
495 1819 574 1850 ritus
596 1818 696 1857 latini,
719 1820 988 1861 quemadmodum
1006 1821 1037 1853 in

298 1872 370 1905 aliis
397 1871 601 1914 regularibus
626 1870 801 1904 Ordinibus
821 1872 875 1914 qui
904 1872 988 1905 inter
1005 1884 1038 1905 se

299 1924 460 1959 eiusmodi
492 1923 612 1967 gratias
644 1924 830 1967 spirituales
860 1925 1039 1957 communi-

299 1988 372 2010 care
397 1978 514 2015 solent,
554 1976 682 2008 extendi
709 1977 885 2019 plurimum
912 1977 1039 2010 deside-

297 2035 364 2064 ret:
382 2040 450 2070 nos,
465 2029 525 2073 piis
543 2029 618 2062 dicti
634 2029 718 2062 Petri
734 2029 860 2062 abbatis
878 2030 1039 2072 generalis

297 2083 389 2124 votis,
408 2088 564 2126 quantum
590 2093 662 2115 cum
688 2082 824 2115 Domino
851 2093 1037 2125 possumus,

298 2136 520 2169 lavorabiliter
540 2146 683 2168 annuere
702 2135 858 2175 volentes,
879 2146 914 2167 ac
940 2136 1039 2178 ipsius

300 2195 332 2222 et
346 2189 584 2222 monachorum
599 2199 634 2220 ac
648 2188 838 2220 monialium
854 2188 1039 2222 huiusmodi

299 2243 482 2285 singulares
500 2252 660 2285 personas
685 2253 701 2274 a
728 2241 893 2284 quibusvis
913 2252 1040 2274 excom-

298 2296 535 2335 municationis,
551 2295 778 2339 suspensionis
805 2301 837 2327 et
860 2295 1037 2335 interdicti,

299 2348 435 2391 aliisque
464 2349 694 2381 ecclesiasticis
721 2348 903 2388 sententiis,
926 2358 1039 2381 censu-

337 2446 346 2470 t
380 2444 437 2470 Hoc
463 2444 598 2470 indultum
627 2452 787 2471 concessum
808 2444 858 2471 suit
879 2444 1039 2471 monialibus

300 2487 517 2514 Messanensibus
537 2492 624 2515 const.
645 2488 710 2515 edit.
738 2495 846 2522 Moccnt,
875 2489 919 2516 die
948 2490 978 2516 17
999 2489 1039 2516 fe-

301 2532 415 2565 bruarii,
437 2531 529 2566 pontif.
550 2539 598 2564 1113
626 2536 652 2559 et
672 2536 757 2559 const.
778 2533 843 2560 edit.
866 2540 975 2567 MDCCVI,
996 2534 1041 2560 die

303 2577 335 2602 15
355 2575 431 2608 iunii,
453 2575 549 2610 pontif.
570 2582 607 2609 vi,
628 2576 785 2603 conceditur
798 2576 968 2611 indulgentia
984 2578 1041 2613 ple-

302 2620 378 2648 naria
397 2624 530 2656 perpetua
551 2627 598 2655 pro
618 2620 745 2652 omnibus
765 2621 897 2649 ecclesiis.

1075 283 1118 316 ris
1153 289 1184 317 et
1216 284 1341 327 poeuis,
1370 295 1387 316 a
1412 283 1482 316 iure
1508 285 1557 316 vel
1595 283 1633 315 ab
1670 283 1813 323 homine,

1073 338 1186 379 quavis
1206 337 1379 370 occasione
1397 338 1444 369 vel
1462 338 1555 369 causa
1582 336 1666 377 latis,
1692 336 1717 368 si
1746 337 1815 379 qui-

1074 391 1132 423 bus
1150 389 1395 433 quomodolibet
1417 389 1588 422 innodatae
1611 389 1762 428 existunt,
1777 390 1814 421 ad

1075 443 1224 476 effectum
1250 442 1468 486 praesentium
1506 442 1671 474 dumtaxat
1702 451 1815 474 conse-

1075 496 1255 539 quendum,
1283 497 1398 528 harum
1425 495 1507 528 serie
1540 495 1748 528 absolventes
1786 500 1815 527 et

1075 551 1239 582 absolutas
1269 549 1338 581 sore
1367 553 1546 587 censentes
1566 547 1817 591 supplicationi-

1074 603 1135 635 bus
1154 602 1223 635 eius
1243 601 1373 634 nominc
1391 601 1484 634 nobis
1501 612 1599 645 super
1623 602 1686 634 hoc
1712 601 1818 634 humi-

1076 655 1151 688 liter
1169 655 1328 698 porrectis
1347 654 1501 693 inclinati,
1521 655 1559 687 de
1580 653 1815 687 venerabilium

1077 709 1207 740 fratrum
1234 712 1418 739 nostrorum
1441 707 1471 739 S.
1493 707 1530 739 n.
1550 707 1584 739 E.
1604 705 1816 739 cardinalium

1076 761 1216 804 negotiis
1232 766 1263 792 et
1277 759 1569 793 consultationibus
1587 759 1816 803 episcoporum

1077 818 1109 846 et
1138 812 1334 855 regularium
1372 812 1636 855 praepositorum
1668 811 1815 850 consitio,

1077 866 1235 898 indultum
1262 865 1462 908 praedictum
1488 864 1527 897 ad
1555 875 1667 897 omnes
1693 869 1725 897 et
1755 864 1820 896 sin-

1077 920 1169 962 gulos
1195 918 1372 951 monachos
1392 923 1422 950 et
1441 917 1599 951 moniales
1621 918 1701 950 ritus
1727 916 1819 950 latini

1078 981 1361 1016 quorumcumque
1379 971 1653 1004 monasteriorum
1670 969 1746 1003 dicti
1765 969 1820 1003 Or-

1078 1025 1376 1065 dinis,auctoritate
1394 1025 1584 1067 apostoliea,
1599 1029 1711 1056 tenore
1730 1033 1819 1067 prae·

1078 1078 1224 1117 sentium,
1245 1077 1448 1110 extendimus
1464 1083 1495 1110 et
1509 1077 1716 1121 ampliamus,
1733 1077 1820 1109 salva

1080 1137 1184 1164 tamen
1207 1141 1338 1173 semper
1363 1130 1395 1163 in
1421 1130 1607 1173 praemissis
1627 1129 1818 1163 auctoritate

1079 1185 1181 1217 dictae
1202 1183 1468 1226 Congrcgationis
1494 1183 1720 1216 cardinalium.

1121 1239 1135 1280 g
1161 1237 1191 1269 ⁶2.
1220 1237 1451 1275 Decernentes,
1471 1236 1604 1269 easdem
1630 1240 1820 1279 praesentes

1079 1292 1204 1324 litteras
1218 1300 1350 1332 semper
1363 1290 1479 1329 sirmas,
1492 1290 1612 1322 validas
1627 1295 1659 1322 et
1672 1289 1819 1322 efficaces

1079 1343 1218 1376 existere
1245 1347 1275 1375 et
1300 1343 1383 1381 sore,
1411 1352 1553 1385 suosque
1588 1342 1755 1385 plenarios
1789 1347 1821 1376 et

1079 1397 1224 1438 integros
1253 1394 1386 1428 effectus
1412 1395 1519 1428 sortiri
1546 1400 1577 1428 et
1603 1395 1764 1435 obtinere,
1785 1406 1821 1429 ac

1079 1449 1143 1483 illis
1168 1449 1208 1482 ad
1234 1459 1316 1492 quos
1341 1454 1474 1491 spectat,
1493 1449 1524 1481 in
1547 1448 1697 1481 omnibus
1717 1454 1748 1481 et
1765 1458 1823 1492 per

1079 1503 1187 1536 onmia
1212 1502 1402 1545 plenissime
1428 1501 1597 1544 suffragari
1615 1528 1622 1541 ,
1650 1501 1763 1544 sicque
1789 1501 1822 1533 in

1080 1554 1268 1599 praemissis
1296 1565 1355 1597 per
1379 1565 1602 1597 quoscumque
1629 1554 1752 1587 iudices
1773 1564 1823 1586 or-

1081 1608 1223 1641 dinarios
1249 1612 1280 1640 et
1306 1607 1495 1648 delegatos,
1529 1607 1626 1639 etiam
1655 1616 1823 1639 causarum

1082 1661 1191 1704 palatii
1225 1659 1396 1703 apostolici
1429 1659 1604 1699 auditores,
1632 1659 1766 1691 iudicari
1792 1663 1823 1692 et

1081 1713 1207 1746 deliniri
1233 1713 1376 1751 debere·‚
1404 1723 1439 1745 ac
1466 1712 1592 1744 irritum
1616 1718 1649 1745 et
1681 1712 1775 1745 inane
1798 1712 1823 1744 si

1081 1778 1170 1800 secus
1186 1766 1346 1809 superbis
1362 1776 1378 1797 a
1396 1775 1572 1808 quoquam,
1589 1765 1699 1808 quavis
1717 1770 1825 1798 aucto*

1082 1821 1186 1859 ritate,
1202 1819 1343 1852 scienter
1362 1820 1410 1851 vel
1430 1819 1632 1861 ignoranter,
1651 1817 1824 1861 contigerit

1082 1885 1118 1907 ac
1150 1873 1313 1906 attentari.
1341 1873 1410 1905 Non
1436 1872 1640 1905 obstantibus
1666 1871 1824 1914 praemis-

1082 1927 1133 1966 sis,
1151 1937 1186 1959 ac
1210 1925 1494 1959 constitutionibus
1513 1930 1544 1957 et
1560 1924 1824 1957 ordinationibus

1082 1979 1286 2023 apostolicis,
1307 1988 1451 2017 necnon,
1474 1982 1634 2020 quatenus
1656 1987 1738 2020 opus
1765 1977 1822 2016 sit,

1083 2030 1351 2064 monasteriorum
1373 2035 1403 2062 et
1417 2029 1546 2062 Ordinis
1569 2029 1823 2072 praedictorum,

1083 2084 1193 2117 aliisve
1215 2083 1393 2126 quibusvis,
1419 2082 1513 2115 etiam
1535 2081 1729 2121 iuramento,
1749 2092 1825 2115 con-

1084 2137 1266 2170 firmatione
1283 2136 1468 2178 apostolica,
1480 2136 1530 2168 vel
1545 2135 1656 2179 quavis
1671 2134 1824 2168 firmitate

1084 2190 1143 2223 alia
1175 2189 1343 2227 roboratis,
1371 2188 1496 2220 statutis
1522 2193 1553 2220 et
1578 2187 1824 2220 consuetudini-

1083 2244 1158 2284 bus,
1187 2242 1364 2286 privilegiis
1390 2251 1530 2284 quoque,
1556 2240 1690 2274 indultis
1721 2246 1752 2273 et
1776 2241 1826 2274 lit-

1084 2296 1159 2329 teris
1184 2294 1374 2339 apostolicis
1392 2294 1424 2326 in
1446 2293 1644 2327 contrarium
1671 2294 1826 2336 praemis-

1082 2359 1191 2383 sorum
1224 2347 1472 2391 quomodolibet
1502 2347 1678 2386 concessis,
1703 2346 1823 2379 confir-

1082 2402 1176 2435 matis
1202 2407 1234 2434 et
1259 2400 1435 2440 innovatis3
1462 2399 1580 2442 quibus
1612 2399 1763 2433 omnibus
1796 2404 1827 2432 et

1083 2455 1230 2498 singulis,
1264 2454 1396 2486 illorum
1430 2459 1560 2486 tenores
1598 2453 1825 2496 praesentibus

1083 2518 1143 2551 pro
1168 2507 1265 2550 plene
1302 2511 1333 2539 et
1365 2505 1563 2539 sufficienter
1594 2505 1757 2548 expressis
1789 2515 1825 2536 ac

1084 2560 1123 2593 ad
1144 2559 1273 2593 verbum
1299 2559 1433 2592 insertis
1459 2559 1629 2597 habentes,
1652 2557 1717 2590 illis
1745 2557 1825 2590 ali‘as

1084 2613 1118 2646 in
1134 2623 1193 2646 suo
1210 2613 1328 2646 robore
1347 2611 1582 2655 permansuris,
1600 2610 1638 2643 ad
1668 2609 1826 2654 praemis-

1714 226 1778 259 0255
1824 235 1872 261 An.
1890 234 1917 260 c,
1941 234 2008 261 ¹706

1858 1245 1976 1266 Clausulam
