2269 3203
250 233 299 258 An.
321 232 349 260 e.
374 232 441 260 1704
486 223 550 257 9212

249 294 324 314 rancus
348 282 611 319 praedi-tummodo
636 283 708 317 loco
735 283 916 328 spirituum,
943 293 998 317 seu
1017 284 1185 317 defuncto-

249 324 287 341 ct1s
304 321 387 342 uhtaus.

444 346 515 369 rum
540 337 777 378 adhibeantur,
815 338 871 371 sed
897 337 994 370 etiam
1019 342 1054 369 ut
1085 337 1185 370 iidem

443 390 575 433 spiritus
602 401 659 423 seu
693 390 916 424 defunctorum
941 390 1067 424 animae
1104 401 1184 434 quo-

445 444 616 477 dammodo
631 443 663 476 in
683 445 729 477 eis
747 444 922 484 resideant,
945 444 1030 486 quia,
1052 454 1090 477 eo
1109 448 1186 476 tem-

443 508 523 540 pore
557 508 622 540 quo
659 497 802 530 defuncti
829 497 1057 540 progenitores
1091 508 1186 540 sepe-

443 551 584 591 liuntur,
623 561 686 594 quo
713 550 808 583 etiam
837 551 1022 584 earumdem
1050 551 1187 584 tabella-

442 613 512 635 rum
538 603 649 646 incipit
674 614 763 643 usus,
788 603 819 636 in
841 603 981 647 ipsomet
998 605 1185 646 sepulturae

442 657 526 697 loco,
560 662 596 689 ut
620 667 657 689 ex
682 657 790 690 rituali
817 657 920 690 sinico
946 657 1016 690 Kz‘a
1039 657 1081 690 Li
1104 667 1186 690 nun-

443 715 560 753 cupato
586 715 722 750 constat,
747 710 787 742 ad
805 710 906 743 dictas
925 710 1075 751 tabellas,
1095 710 1186 743 flexis

443 762 580 805 genibus
606 768 638 795 et
653 763 815 806 expressis
832 763 953 804 verbis,
971 762 1106 806 spiritus
1127 772 1185 796 seu

443 816 569 849 animae
594 816 757 859 praefatae
786 816 965 850 invitantur
994 821 1030 849 ut
1060 816 1093 849 in
1121 816 1185 850 illis

442 870 610 903 resideant
644 876 676 904 et
700 870 833 903 domum
865 875 1093 911 revertantur3
1120 881 1184 914 quo

442 924 536 963 sacto,
553 924 685 957 eaedem
702 925 838 958 tabellae
852 925 1039 958 solemniter
1054 925 1185 958 domum

443 978 639 1017 deferuntur,
666 988 702 1011 ac
721 983 842 1011 statuto
868 983 1016 1022 tempore
1041 978 1074 1010 in
1101 977 1186 1012 aedi-

441 1031 502 1063 bus
535 1031 690 1073 praefatis
726 1031 823 1064 etiam
858 1031 1051 1065 solemniter
1084 1033 1186 1065 collo-

443 1090 568 1117 cantur.
602 1084 727 1117 Dicitur
753 1085 851 1117 etiam
876 1085 909 1117 in
936 1085 1022 1118 dicto
1056 1085 1183 1125 rituali,

443 1137 529 1179 quod
546 1164 553 1178 ,
578 1138 710 1180 quando
737 1138 768 1170 in
794 1138 948 1181 praefatis
974 1138 1103 1171 tabellis
1129 1138 1186 1172 ali-

442 1201 526 1234 quae
559 1191 687 1224 litterae
720 1192 894 1224 mutandae
931 1193 982 1225 vel
1013 1192 1185 1225 addendae

443 1250 517 1277 sunt
543 1245 645 1288 (quod
668 1245 800 1287 quidem
819 1244 863 1285 fit,
884 1246 1014 1288 quando
1033 1246 1065 1278 in
1090 1246 1186 1278 aedes

441 1299 603 1341 praefatas
630 1308 730 1331 novae
757 1298 896 1331 tabellae
922 1298 1185 1338 introducuntur,

443 1356 475 1384 et
499 1351 651 1394 antiquae
677 1362 732 1384 seu
758 1351 885 1394 priores
912 1352 951 1385 ad
978 1352 1115 1394 gradum
1133 1362 1184 1384 su-

442 1405 606 1448 periorem
632 1410 811 1445 transeunt,
830 1405 915 1437 iuxta
936 1404 1085 1438 ordinem
1111 1415 1186 1438 con-

443 1458 683 1501 sanguinitatis,
708 1459 759 1491 vel
781 1458 911 1502 quando
929 1458 968 1491 ab
986 1458 1183 1502 imperatore

442 1522 525 1545 nova
550 1511 690 1555 dignitas
717 1522 773 1546 seu
798 1512 964 1554 dignitatis
992 1512 1102 1545 titulus
1128 1512 1185 1545 ali-

444 1565 560 1609 quibus
595 1566 864 1608 progenitoribus
903 1566 1063 1599 defunctis
1100 1566 1185 1599 iuxta

443 1618 533 1661 regni
558 1629 683 1651 morem
708 1619 877 1651 confertur
903 1618 956 1661 qui
991 1619 1118 1652 tabellis
1139 1619 1186 1651 in-

443 1672 633 1705 scribendus
673 1672 767 1713 est),
805 1674 889 1714 aqua
931 1672 1106 1704 madefiant
1151 1677 1186 1705 ut

443 1724 556 1758 abradi
591 1724 728 1767 possint,
753 1729 786 1757 et
810 1724 935 1757 abrasis
962 1725 1114 1768 lotisque,
1138 1726 1185 1758 lo-

443 1777 541 1811 tionis
567 1788 650 1820 aqua
675 1778 708 1810 in
733 1777 822 1810 aedis
848 1788 905 1810 seu
931 1778 1043 1821 templi
1079 1778 1185 1821 parie-

444 1836 509 1864 tem
535 1831 747 1874 proiiciatur:
774 1841 855 1874 quae
873 1832 1080 1864 caeremonia
1101 1842 1185 1864 sum-

443 1896 526 1918 mam
541 1885 723 1918 Sinensium
734 1885 949 1918 reverentiam
966 1895 1042 1927 erga
1056 1885 1183 1918 easdem

444 1939 580 1972 tabellas
602 1939 746 1972 indicare
762 1939 901 1972 videtur.
921 1939 999 1972 Item
1019 1939 1050 1971 in
1070 1940 1183 1972 eodem

445 1992 551 2025 rituali
577 1992 711 2032 dicitur,
737 1993 847 2036 quod,
877 1997 1037 2026 transacto
1069 1998 1183 2036 quarto

445 2045 740 2089 consanguinitatis
766 2046 882 2089 gradu,
909 2046 1039 2090 quando
1059 2045 1185 2079 scilicet

445 2100 478 2133 in
503 2100 635 2133 aedibus
660 2110 715 2133 seu
743 2101 872 2143 templis
906 2100 1058 2143 praefatis
1085 2100 1185 2133 dictas

446 2154 581 2186 tabellas
602 2153 759 2186 asservari
781 2154 920 2197 amplius
938 2164 1002 2187 non
1024 2153 1108 2192 licet,
1125 2154 1185 2186 liu-

445 2207 585 2240 iusmodi
604 2207 741 2240 tabellae
757 2212 860 2240 terrae
881 2207 982 2240 infodi
1001 2207 1121 2240 debent
1134 2218 1185 2240 re-

445 2260 597 2304 spective,
608 2261 657 2293 vel
672 2260 703 2292 in
718 2260 860 2303 propriis
871 2260 1049 2304 sepulturis
1061 2271 1186 2294 eorum-

446 2314 519 2347 dem
534 2314 788 2357 progenitorum,
807 2315 855 2347 vel
870 2314 903 2346 in
921 2320 1011 2357 parte
1029 2314 1184 2347 anteriori

446 2366 547 2408 aedis,
566 2377 623 2400 seu
644 2377 746 2410 prope
764 2368 901 2400 ianuam.
928 2369 1112 2411 Antiquitus
1130 2379 1185 2401 au-

446 2426 512 2453 tem
537 2420 577 2452 ab
598 2420 730 2452 aedibus
753 2420 866 2463 Cltunq
885 2420 972 2453 Mino
989 2421 1184 2464 nuncupatis

445 2473 487 2506 ad
512 2472 590 2505 alias
616 2473 712 2505 aedes
738 2473 903 2506 transferri
934 2474 1096 2515 solebant,
1125 2474 1185 2507 ibi-

446 2536 509 2569 que
542 2525 700 2559 asservari
734 2530 765 2558 et
788 2526 934 2566 recondi,
961 2532 993 2559 et
1018 2527 1049 2559 in
1076 2527 1183 2561 rituali

445 2580 514 2622 Kia
533 2579 580 2622 Ly
607 2579 721 2612 dicitur
752 2579 838 2622 quod
870 2579 1048 2622 imperator
1073 2586 1104 2614 et
1128 2581 1186 2614 im-

445 2633 529 2678 perii
546 2642 697 2676 proceres
717 2631 749 2665 id
774 2631 905 2665 faciunt.
925 2633 972 2665 Ad
991 2633 1121 2667 easdem
1138 2639 1185 2667 ta-

1027 234 1207 259 BULLARIUM
1231 233 1388 259 ROMANUM

1228 283 1339 325 bellaS,
1366 285 1415 318 vel
1440 285 1479 318 ad
1504 285 1577 318 loca
1601 289 1633 317 et
1657 283 1780 324 sedilia,
1802 294 1859 318 seu
1877 294 1967 317 men-

1229 347 1278 370 sas
1294 364 1301 378 ,
1327 337 1359 370 in
1397 338 1513 381 quibus
1539 338 1642 371 dictae
1669 337 1827 378 tabellae,
1859 348 1876 371 e
1901 337 1969 371 suis

1231 391 1446 425 tabernaculis
1471 403 1542 425 cum
1564 392 1699 436 speciali
1720 391 1901 425 reverentia
1917 402 1971 425 ex-

1230 449 1359 484 tractae,
1387 445 1552 488 expositae
1577 445 1641 478 iam
1667 451 1752 485 sunt,
1772 445 1797 478 si
1818 444 1969 478 adhiberi

1230 497 1379 537 debeant,
1406 499 1594 532 eorumdem
1614 498 1853 543 progenitorun
1878 498 1971 541 spiri-

1230 556 1278 583 tus
1304 561 1361 584 seu
1387 552 1526 592 animae,
1551 552 1742 595 praesertim
1776 551 1969 586 solemnium

1229 604 1428 638 oblationum
1465 612 1625 649 tempore,
1653 605 1830 638 invitantur
1854 609 1891 637 ut
1915 605 1971 638 de-

1230 658 1387 691 scendant
1411 663 1443 692 et
1467 659 1500 692 in
1525 659 1571 692 eis
1597 663 1770 699 maneant;
1793 658 1879 702 quod
1905 658 1971 701 qui·

1231 710 1302 744 dem
1327 710 1362 743 sit
1385 713 1435 745 vel
1461 712 1626 755 expressis
1652 712 1767 753 verbis,
1789 717 1824 744 ut
1844 716 1972 745 constat

1230 774 1266 797 ex
1293 764 1431 798 formula
1456 765 1618 810 descripta
1642 766 1675 799 in
1700 765 1808 799 rituali
1825 765 1894 799 Kia
1910 764 1970 808 Ly,

1230 818 1285 851 ubi
1323 818 1362 852 de
1402 819 1625 853 oblationibus
1663 819 1821 853 faciendis
1858 818 1970 863 primis

1230 872 1426 906 familiarum
1458 873 1728 916 progenitoribus
1760 873 1812 917 Xy
1843 873 1907 914 §hu
1939 878 1971 906 et

1229 926 1307 960 Sien
1329 926 1394 966 §ltu
1419 927 1628 970 nuncupatis,
1652 927 1707 970 qui
1731 927 1795 960 iam
1821 931 1972 970 quartum

1230 980 1366 1023 gradum
1392 980 1620 1013 ascendentiae
1645 984 1910 1023 praecesserunt,
1937 980 1972 1013 fit

1230 1043 1349 1073 sermo,
1368 1043 1450 1076 quae
1475 1033 1614 1066 formula
1630 1033 1663 1065 in
1679 1033 1788 1066 medio
1806 1032 1896 1066 aedis
1914 1043 1972 1066 seu

1231 1085 1353 1128 templi,
1373 1092 1446 1118 ante
1467 1096 1522 1118 vas
1543 1085 1665 1119 ibidem
1683 1097 1755 1119 cum
1773 1085 1972 1119 carbonibus

1230 1140 1375 1173 accensis
1399 1141 1553 1183 positum,
1579 1141 1669 1174 flexis
1696 1141 1832 1183 genibus
1857 1150 1874 1173 a
1898 1140 1969 1184 pri-

1230 1194 1332 1226 mario
1352 1193 1528 1226 oblationis
1549 1194 1698 1227 ministro
1715 1193 1845 1226 recitari
1863 1193 1972 1233 debet,

1230 1249 1331 1290 eaque
1349 1247 1492 1287 recitata,
1506 1257 1606 1290 super
1625 1246 1746 1279 eisdem
1763 1246 1970 1287 carbonibus,

1229 1311 1300 1332 cum
1325 1300 1458 1343 speciali
1484 1299 1689 1332 caeremonia
1706 1326 1713 1340 ‚
1737 1299 1886 1332 animalis
1911 1309 1971 1332 seu

1228 1352 1376 1385 victimae
1401 1353 1567 1396 pinguedo
1591 1353 1729 1396 ponitur
1753 1362 1807 1385 seu
1833 1352 1972 1385 effundi-

1231 1411 1290 1447 tur,
1315 1411 1350 1439 ut
1378 1417 1478 1449 vapor
1515 1406 1679 1446 ascendat,
1716 1407 1765 1439 vel
1801 1407 1915 1439 saltem
1940 1410 1972 1438 et

1229 1470 1358 1504 semper
1383 1471 1455 1493 cum
1482 1460 1688 1493 caeremonia
1713 1458 1900 1492 effundendi
1926 1458 1972 1492 vi-

1229 1525 1304 1547 num
1337 1524 1435 1557 super
1469 1514 1638 1557 palearum
1672 1512 1861 1556 manipulis,
1889 1523 1971 1556 quae

1228 1569 1340 1611 Kiany
1364 1568 1442 1607 Xz'n,
1473 1567 1557 1599 idest
1585 1567 1762 1599 descensus
1790 1565 1971 1610 spirituum,

1228 1621 1261 1653 in
1296 1621 1410 1654 eodem
1448 1619 1557 1652 rituali
1593 1620 1787 1662 appellatur,
1823 1628 1972 1662 quaeque

1228 1673 1350 1717 pariter
1386 1683 1458 1705 cum
1496 1672 1701 1705 solemnitate
1735 1678 1765 1705 et
1790 1671 1972 1705 reverentia

1229 1729 1347 1769 magna
1383 1725 1548 1759 ordinarie
1586 1724 1656 1758 fieri
1683 1725 1780 1758 debet
1805 1725 1837 1758 in
1863 1724 1972 1758 medio

1229 1780 1342 1823 templi
1368 1790 1426 1811 seu
1452 1779 1541 1812 aedis
1566 1784 1639 1811 ante
1672 1789 1818 1811 mensam
1843 1788 1900 1810 seu
1925 1778 1972 1810 al-

1230 1839 1306 1872 tare,
1323 1833 1377 1865 ubi
1402 1833 1520 1866 odores
1537 1837 1731 1869 cremantur.
1756 1842 1838 1874 quae
1856 1831 1969 1874 Hianq

1233 1887 1309 1925 Cho,
1336 1887 1421 1919 idest
1445 1886 1583 1919 odorum
1608 1895 1721 1918 mensa
1745 1889 1889 1925 vocatur,
1912 1884 1972 1917 ibi-

1229 1951 1290 1984 que
1316 1944 1430 1984 postea
1465 1938 1500 1971 fit
1536 1939 1598 1972 alia
1623 1938 1738 1972 similis
1763 1937 1970 1971 caeremonia

1229 1993 1414 2028 effundendi
1451 1993 1581 2034 vinum,
1619 2003 1701 2036 quae
1728 1997 1861 2025 vocatur
1886 1992 1967 2035 Claey,

1228 2047 1314 2080 idest
1349 2046 1488 2087 oblatio,
1525 2056 1608 2089 quae
1633 2046 1705 2078 loco
1736 2044 1910 2088 spirituum
1935 2044 1971 2077 fit

1229 2100 1378 2144 (fierique
1404 2100 1521 2133 dieitur
1546 2098 1687 2142 antiquis
1712 2098 1777 2131 vini
1802 2098 1967 2132 instituto-

1229 2154 1318 2187 ribus
1337 2165 1394 2187 seu
1416 2153 1662 2196 inventoribus),
1687 2153 1832 2196 itemque
1857 2162 1970 2196 proge-

1228 2208 1354 2240 nitores
1379 2217 1434 2240 seu
1459 2206 1710 2250 progenitorum
1735 2205 1868 2249 spiritus
1894 2204 1970 2238 invi-

1228 2266 1336 2294 tantur
1361 2265 1397 2292 ut
1421 2260 1539 2294 oblatis
1573 2260 1722 2292 fruantur
1746 2270 1803 2292 seu
1828 2259 1891 2291 frui
1916 2269 1970 2292 ve-

1228 2314 1299 2355 lint,
1316 2320 1351 2347 ut
1376 2315 1408 2347 in
1437 2314 1552 2347 eodem
1580 2313 1688 2346 rituali
1718 2312 1966 2356 praescribitur.

1228 2367 1271 2400 De
1293 2367 1409 2400 eodem
1435 2367 1594 2400 descensu
1622 2377 1680 2399 seu
1707 2366 1847 2399 adventu
1873 2365 1969 2409 spiri-

1228 2425 1320 2453 tuum
1346 2420 1442 2452 etiam
1468 2419 1765 2463 primogenitorum
1801 2419 1970 2452 defuncto·

1227 2483 1298 2506 rum
1314 2499 1321 2513 ‚
1347 2478 1378 2505 ct
1402 2473 1441 2506 de
1477 2472 1628 2505 fruitione
1655 2483 1712 2505 seu
1738 2472 1969 2516 acceptatione

1229 2526 1410 2559 oblatorum
1446 2526 1571 2569 pluries
1608 2525 1643 2557 fit
1667 2525 1791 2559 mentio
1817 2525 1850 2558 in
1875 2525 1968 2559 libris

1228 2579 1369 2623 antiquis
1395 2583 1426 2611 et
1450 2579 1521 2612 aliis
1552 2578 1724 2612 ritualibus
1752 2579 1882 2619 sinicis3
1909 2588 1969 2610 un-

1228 2634 1267 2667 de
1289 2632 1381 2666 multi
1395 2632 1547 2666 Sinenses
1569 2632 1700 2666 eosdem
1716 2631 1967 2676 progenitorum

1971 235 2020 262 An.
2040 234 2071 262 C.
2094 234 2162 263 ¹701
