2269 3203
265 250 315 279 An.
332 250 362 278 C.
386 249 453 278 ¹703
499 240 541 274 96

303 2644 401 2665 Extendit
429 2646 451 2665 ut

273 2675 285 2694 u
301 2670 394 2693 rubrica.

458 304 588 344 tequam
615 299 823 334 illucesceret
847 300 916 334 dies
935 327 942 341 ,
968 300 1053 333 circa
1090 305 1198 333 tamen

458 353 607 386 diurnam
632 354 750 395 lucem,
768 353 800 386 in
819 353 978 387 dictorum
997 353 1197 397 captivorum

459 412 491 440 et
515 406 651 440 aliorum
675 406 821 440 fidelium
846 406 877 439 in
904 406 998 439 dictis
1036 406 1115 439 locis
1142 406 1198 438 de-

458 459 605 503 gentium
619 459 810 503 praesentia,
833 459 947 492 missas
966 463 998 491 et
1013 458 1076 491 alia
1089 457 1198 490 divina

459 513 564 546 officia
589 514 771 553 celebrare,
795 522 975 555 omnesque
1002 516 1033 544 et
1050 509 1198 553 singulos

458 567 647 601 eorumdem
659 567 806 600 locorum
824 564 994 608 utriusque
1009 574 1103 596 sexus
1117 562 1199 596 chri·

458 620 616 653 stifideles
634 646 641 660 ,
667 620 813 663 ipsorum
838 616 1100 651 confessionibus
1126 615 1199 649 dili-

459 678 574 716 genter
594 672 730 712 auditis,
755 683 772 704 a
798 671 1058 715 quibuscumque
1091 679 1199 702 exces-

459 727 547 760 sibus
572 731 603 759 et
634 725 759 759 delictis
781 752 788 764 ‚
818 724 919 757 vetiam
953 722 985 755 in
1022 722 1113 756 Bulla
1145 722 1198 756 die

459 781 583 815 Coenae
607 778 733 812 Domini
760 777 823 820 legi
850 776 946 809 solita
968 775 1140 817 contentis,
1163 786 1198 809 ac

458 844 518 878 pro
543 831 723 866 commissis
747 840 806 874 per
827 840 883 863 eos
908 834 1064 862 eteorum
1087 839 1198 873 quem-

458 887 540 921 libet
557 884 795 930 poenitentiam
814 882 987 926 iniungere
1004 883 1196 924 salutarem;

458 950 587 974 necnon
613 938 664 972 his
691 937 743 982 qui
770 941 901 981 peccata
925 946 982 969 sua
1007 936 1147 970 confessi
1166 942 1198 970 et

459 994 498 1027 de
512 993 577 1027 illis
594 993 691 1026 corde
707 991 839 1025 contriti
852 990 1045 1031 fuissent,ac
1062 990 1198 1023 sanctis-

458 1047 572 1081 simum
595 1044 819 1080 Eucharistiae
846 1048 1085 1077 sacramentum
1112 1054 1196 1077 sum-

458 1100 625 1144 psissent,
665 1098 793 1141 quoties
824 1097 856 1131 id
892 1097 1064 1137 fecissent,
1100 1096 1197 1130 toties

458 1153 637 1198 plenariam
663 1152 809 1185 omnium
835 1156 867 1184 et
887 1151 1088 1194 singulorum
1123 1161 1198 1194 pec-

458 1213 602 1241 catorum
626 1216 755 1239 suorum
782 1205 1018 1248 indulgentiam
1041 1204 1198 1237 etremis·

457 1262 583 1296 sionem
605 1259 864 1294 misericorditer
889 1259 921 1291 in
946 1257 1082 1291 Domino
1115 1258 1198 1290 elar-

458 1317 518 1361 giri
544 1316 647 1349 libere
674 1320 705 1348 et
721 1314 810 1348 licite
826 1315 997 1353 valerent,
1019 1312 1197 1356 apostolica

458 1370 650 1404 auctoritate
687 1369 869 1402 facultatem
906 1367 1090 1411 impertitus
1124 1366 1194 1399 fuit.

457 1424 591 1458 Necnon
618 1422 749 1456 eosdem
767 1449 774 1462 ,
799 1421 853 1465 qui
879 1421 957 1454 dura
983 1420 1139 1453 servitute
1164 1420 1196 1453 in

457 1477 522 1512 illis
548 1476 693 1521 partibus
718 1474 941 1519 oppressipro
960 1479 1106 1517 tempore
1127 1472 1199 1506 fuis-

458 1536 539 1571 sent‚
551 1530 819 1574 quotiescumque
834 1528 872 1561 ab
890 1528 1035 1562 Ecclesia
1053 1528 1198 1561 Romana

456 1586 544 1619 illius
580 1585 752 1618 thesauros
777 1583 938 1623 reserari,
966 1587 998 1616 et
1027 1583 1196 1626 generales

456 1644 666 1683 peccatorum
693 1636 904 1670 remissiones
940 1646 1001 1679 per
1033 1635 1196 1668 Romanos

457 1691 630 1725 Pontifices
648 1717 655 1730 ,
687 1690 782 1723 etiam
808 1689 1012 1733 praescripta
1047 1689 1197 1722 fidelibus

456 1745 495 1778 ad
522 1745 593 1778 illas
618 1744 836 1787 assequendas
871 1743 994 1783 forma,
1020 1747 1051 1775 et
1076 1747 1197 1776 statuto

457 1804 604 1842 tempore
619 1798 651 1830 in
669 1797 791 1830 eisdem
809 1797 948 1837 adiecto,
963 1796 1101 1839 proponi
1121 1806 1197 1829 con-

457 1852 583 1895 tigisset
600 1878 607 1891 ,
634 1862 704 1883 cum
730 1850 874 1894 primum
899 1850 1029 1882 illarum
1055 1850 1093 1882 ad
1126 1860 1197 1882 eos-

458 1906 531 1939 dem
557 1905 704 1949 captivos
723 1904 839 1937 notitia
858 1903 1069 1947 pervenisset,
1088 1903 1197 1947 aliqua

459 1958 585 2002 agendo
602 1986 609 1998 ,
637 1968 721 2002 quae
747 1957 885 1991 naturali
911 1957 1061 1991 libertate
1093 1957 1198 2001 priva-

459 2017 525 2045 tum
551 2010 726 2045 verisimile
753 2015 823 2044 erat
847 2011 953 2044 faeere
979 2020 1075 2054 posse
1094 2037 1101 2050 ,
1126 2010 1197 2044 illas

459 2075 574 2098 omnes
599 2064 768 2108 consequi,
789 2074 873 2108 quae
891 2063 944 2096 alii
964 2062 1196 2097 christifideles

459 2122 586 2161 tempus
626 2123 657 2150 et
692 2118 830 2150 sormam
857 2121 968 2150 exacte
1006 2116 1038 2149 in
1070 2116 1198 2150 illarum

460 2170 670 2205 concessione
698 2170 815 2204 tradita
840 2169 1052 2203 observantes
1083 2180 1199 2203 conse-

461 2225 552 2269 quuti
578 2224 724 2265 fuissent,
751 2225 865 2258 eadem
885 2224 1077 2257 auctoritate
1099 2224 1199 2258 voluit

461 2283 493 2311 et
517 2278 715 2317 declaravit,
741 2283 773 2311 et
798 2278 875 2310 alias
900 2282 998 2321 prout
1030 2277 1063 2310 in
1097 2277 1198 2320 ipsius

458 2331 580 2365 Urbani
610 2331 872 2375 praedecessoris
906 2331 1024 2365 litteris
1060 2331 1199 2374 desuper

458 2385 491 2417 in
517 2384 615 2417 simili
642 2385 743 2418 forma
768 2385 877 2418 Brevis
905 2384 956 2418 die
988 2395 1027 2418 xx
1060 2384 1198 2417 ianuarii

458 2447 598 2472 MDcxxv1
612 2438 779 2481 expeditis,
798 2449 936 2482 quarum
948 2444 1095 2472 tenorem
1110 2449 1200 2482 prae-

459 2490 605 2524 sentibus
631 2501 690 2534 pro
716 2492 811 2534 plene
848 2497 879 2525 et
916 2491 1115 2525 sufficienter
1147 2503 1199 2525 ex-

459 2553 574 2589 presso
600 2548 631 2577 et
654 2544 777 2577 inserto
804 2545 919 2578 haberi
944 2546 1104 2586 volumus,
1122 2545 1200 2579 ube-

460 2597 527 2631 rius
552 2597 746 2630 continetur.

505 2651 574 2695 Μ.
613 2651 689 2687 Cum
726 2657 852 2693 autem,
889 2653 972 2688 sicut
1002 2657 1200 2701 procurator

1039 251 1136 275 uitta
1144 251 1216 274 suffit
1243 251 1395 275 ROMANL'M

1243 299 1404 343 generalis
1445 298 1549 332 dictae
1585 297 1856 341 Congregationis
1886 298 1981 332 nobis

1242 362 1348 395 nuper
1373 351 1491 395 exponi
1517 350 1616 392 fecit,
1651 351 1765 385 eadem
1800 351 1983 396 Congrega-

1242 405 1329 437 tione
1345 404 1539 438 Germaniae
1558 409 1589 438 et
1607 404 1761 438 Poloniae
1780 405 1889 448 regnis
1910 406 1983 439 sub-

1241 457 1316 490 inde
1341 459 1531 501 propagata,
1545 458 1660 491 fratres
1681 458 1826 491 eiusdem
1843 457 1981 499 Ordinis,

1242 511 1273 543 in
1299 510 1391 544 novis
1417 510 1630 543 conventibus
1662 521 1836 554 regnorum
1871 511 1983 544 huius-

1241 563 1328 595 modi
1346 568 1595 604 commoranteS,
1606 562 1930 607 Constantinopolim,
1941 563 1982 598 ad

1241 615 1404 649 Tartariae
1422 621 1543 660 partes,
1561 616 1688 660 aliaque
1706 616 1884 650 infidelium
1901 617 1980 657 loca,

1242 670 1279 702 ad
1306 669 1450 714 captivos
1470 669 1658 703 huiusmodi
1676 670 1892 710 redimendos,
1907 680 1982 704 sese

1241 724 1391 758 conferre
1409 725 1545 763 soleant,
1565 734 1602 757 ac
1620 723 1758 768 proinde
1779 724 1848 767 ipse
1866 734 1981 768 procu-

1242 782 1331 811 rator
1351 777 1523 821 generalis,
1546 777 1728 820 praedictas
1749 777 1872 810 Urbani
1893 787 1983 820 prae-

1241 830 1423 864 decessoris
1442 830 1566 863 litteras
1592 831 1631 864 ad
1658 831 1730 864 loca
1755 829 1943 864 huiusmodi
1964 841 1983 864 a

1240 884 1334 918 nobis
1355 884 1483 919 extendi
1502 890 1533 918 et
1553 884 1714 929 ampliari,
1739 883 1914 928 plurimum
1932 884 1981 918 de-

1241 938 1390 972 sideret:
1428 948 1498 979 nos,
1523 937 1586 981 piis
1622 938 1725 982 ipsius
1760 937 1982 981 procuratoris

1240 991 1404 1033 generalis
1422 991 1504 1024 votis
1524 991 1585 1024 hac
1611 990 1643 1023 in
1669 1001 1713 1030 re,
1731 994 1889 1033 quantum
1908 1000 1981 1024 cum

1241 1044 1378 1077 Domino
1403 1054 1595 1087 possumus,
1622 1053 1768 1076 annuere
1798 1043 1980 1086 cupientes,

1240 1097 1530 1141 supplicationibus
1545 1097 1613 1130 eius
1632 1096 1763 1130 nomine
1777 1096 1871 1130 nobis
1885 1106 1983 1140 super

1243 1151 1305 1183 hoc
1328 1151 1495 1184 humiliter
1515 1149 1676 1193 porrectis
1694 1149 1852 1189 inclinati,
1878 1150 1917 1183 de
1935 1159 1983 1182 ve-

1241 1204 1435 1238 nerabilium
1460 1204 1596 1236 fratrum
1612 1208 1797 1236 nostrorum
1823 1203 1854 1237 S.
1886 1203 1924 1237 R.
1944 1203 1979 1237 E.

1240 1258 1454 1291 cardinalium
1472 1258 1605 1291 Concilii
1623 1258 1804 1291 Tridentini
1819 1258 1982 1303 interpre-

1241 1319 1308 1346 tum
1333 1312 1481 1352 consilio,
1497 1317 1529 1346 et
1549 1314 1673 1346 attenta
1690 1312 1853 1346 relatione
1871 1313 1981 1347 dilecti

1241 1366 1298 1400 filii
1317 1367 1420 1400 nostri
1439 1366 1472 1399 in
1492 1368 1574 1400 alma
1598 1367 1684 1400 Urbe
1709 1366 1820 1400 vicarii
1840 1368 1871 1400 in
1889 1368 1982 1412 spiri-

1243 1421 1382 1454 tualibus
1402 1420 1582 1464 generalis¹
1601 1431 1700 1464 super
1716 1422 1904 1465 praemissis
1923 1422 1981 1455 eis-

1242 1476 1314 1508 dem
1330 1475 1550 1508 cardinalibus
1564 1475 1656 1514 sacta,
1674 1475 1828 1508 fratribus
1843 1475 1982 1509 dictiOr-

1241 1527 1336 1568 dinis,
1351 1529 1390 1561 ad
1410 1528 1483 1561 loca
1503 1527 1685 1561 infidelium
1700 1528 1891 1562 huiusmodi
1910 1539 1981 1562 sese

1241 1582 1484 1616 conferentibus
1500 1608 1507 1621 ,
1540 1587 1575 1614 ut
1599 1581 1690 1615 altari
1717 1581 1861 1625 portatili
1886 1586 1982 1615 utan-

1242 1641 1313 1675 tur,
1339 1641 1371 1669 et
1394 1646 1411 1668 a
1435 1635 1564 1668 casibus
1589 1635 1759 1668 reservatis
1792 1635 1824 1668 in
1857 1635 1981 1669 eisdem

1241 1689 1320 1722 locis
1347 1688 1527 1722 infidelium
1559 1689 1732 1729 dumtaxat,
1763 1699 1835 1722 cum
1861 1689 1982 1733 depen-

1241 1742 1350 1776 dentia
1375 1748 1483 1775 tamen
1509 1753 1526 1775 a
1551 1753 1636 1775 nunc
1673 1747 1705 1775 et
1739 1753 1800 1787 pro
1835 1748 1982 1786 tempore

1241 1796 1453 1829 existentibus
1478 1795 1606 1828 vicariis
1631 1795 1818 1840 apostolicis
1849 1806 1866 1828 a
1899 1795 1982 1829 Sede

1241 1850 1431 1894 Apostolica
1456 1849 1631 1894 deputatiS,
1658 1850 1830 1883 absolvere
1854 1850 1981 1893 possint

1241 1910 1272 1938 et
1297 1903 1623 1947 valeant,apost01ica
1642 1902 1846 1943 auctoritate,
1868 1908 1980 1936 tenore

1241 1958 1475 2002 praesentium,
1492 1956 1702 1990 concedimus
1712 1956 1979 2000 etindulgemus:

1240 2014 1327 2046 salva
1354 2017 1462 2044 tamen
1487 2021 1616 2054 semper
1641 2010 1673 2043 in
1707 2010 1894 2054 praemissis
1929 2021 1982 2044 au-

1241 2066 1390 2100 ctoritate
1415 2064 1682 2107 Congregationis
1705 2064 1894 2098 eorumdem
1912 2074 1981 2098 car-

1241 2119 1410 2153 dinalium.
1448 2119 1689 2158 Decernentcs,
1726 2118 1855 2151 easdem
1891 2128 1981 2161 prae-

1241 2177 1350 2206 sentes
1371 2172 1494 2206 litteras
1515 2181 1645 2214 semper
1664 2170 1783 2211 firmas
1801 2171 1924 2205 validas
1950 2177 1982 2205 et

1242 2226 1387 2260 efficaces
1405 2225 1543 2258 existere
1563 2230 1595 2258 et
1611 2225 1687 2265 fore,
1703 2235 1843 2268 suosque
1868 2225 1981 2268 plena-

1241 2280 1306 2313 rios
1333 2284 1364 2312 et
1388 2279 1535 2321 integros
1563 2276 1695 2311 effectus
1720 2278 1828 2311 sortiri
1854 2283 1886 2312 et
1901 2278 1981 2312 obti-

1241 2342 1337 2372 nere,
1364 2342 1401 2365 ac
1426 2331 1490 2364 illis
1508 2358 1515 2371 ‚
1541 2331 1580 2364 ad
1606 2341 1689 2374 quos
1714 2335 1839 2374 spectat
1863 2335 1895 2364 et
1921 2341 1981 2375 pro

1242 2391 1385 2429 tempore
1421 2384 1697 2428 quandocumque
1730 2384 1915 2428 spectabit,
1947 2384 1982 2418 in

1242 2438 1394 2472 omnibus
1410 2443 1441 2470 et
1457 2447 1517 2481 per
1537 2437 1646 2470 omnia
1665 2437 1855 2481 plenissime
1869 2437 1982 2471 suifra-

1242 2491 1333 2535 gari,
1371 2491 1483 2534 sicque
1519 2490 1550 2523 in
1581 2490 1768 2534 praemissis
1794 2501 1855 2535 per
1883 2502 1982 2535 quos-

1242 2554 1382 2588 cumque
1407 2543 1532 2576 iudices
1550 2543 1736 2576 ordinarios
1754 2548 1786 2577 et
1802 2544 1980 2587 delegatos,

1242 2598 1339 2632 etiam
1364 2607 1535 2631 causarum
1567 2597 1678 2641 palatii
1702 2597 1873 2642 apostolici
1891 2598 1981 2633 audi-

1279 2662 1290 2690 1
1312 2659 1384 2690 Edit.
1403 2659 1484 2690 Μαῖα.
1505 2659 1572 2696 legit
1591 2659 1722 2695 qenerali
1740 2659 1780 2695 (n.
1801 2659 1850 2696 r).

1992 249 2042 277 An.
2058 248 2086 277 C.
2108 248 2177 277 1703
