2269 3203
90 223 140 248 Αη.
159 222 186 247 C.
212 221 277 248 ¹707

110 970 270 992 Contrariorum

87 997 207 1023 derogatio.

918 222 1058 246 ciquNs
1087 222 1113 245 X!
1141 222 1187 245 FP„

282 271 512 305 cardinalium.
532 272 763 312 Decernentes,
781 271 912 305 easdem
928 281 1021 314 prae·
1043 270 1045 277 ’

282 331 391 358 sentes
409 326 532 359 litteras
554 336 684 368 semper
703 324 821 365 firmas,
840 325 963 358 validas
982 326 1020 358 cd
1043 329 1045 355 t

282 378 431 412 efficaces
446 379 586 412 existere
605 385 636 411 et
654 379 734 419 sore,
755 390 894 422 suosque
913 381 1022 422 plena-

282 430 347 464 rios
373 436 402 464 et
429 432 572 473 integros
598 430 731 464 ell‘cctus
757 432 866 464 sortiri
888 438 920 465 et
941 432 1023 464 obti-

282 493 373 524 nere,
399 495 435 517 ac
461 483 546 523 illis,
573 483 610 516 ad
637 495 718 527 quos
757 489 879 527 spectat
907 490 938 517 et
962 495 1021 527 pro
1043 482 1045 486 ’

283 541 428 579 tempore
455 536 624 579 spectabit,
645 537 879 570 iuviolabiliter
903 537 1022 570 obser-

282 589 367 629 vari,
395 589 504 632 sicque
549 589 579 621 iu
608 590 798 632 praemissis
836 601 894 633 per
928 601 1022 633 quos-

283 652 420 685 cumque
447 642 569 675 iudices
593 642 776 675 ordinarios
794 648 824 675 et
844 644 1021 685 delegatos,

283 694 379 727 etiam
406 705 576 727 causarum
604 695 715 738 palatii
741 696 913 738 apostolici
934 696 1046 729 audi-¹

282 752 379 787 tores,
405 747 537 780 iudicari
561 753 591 780 et
610 747 737 781 definiri
765 749 898 789 dcbere3
928 760 963 781 ae
982 749 1023 781 ir-

282 799 379 832 ritum
411 805 442 833 et
474 800 570 833 inane
602 800 626 832 si
664 811 758 834 secus
793 812 890 845 super
924 802 973 834 his
1007 813 1022 834 a

282 863 455 896 quoquam,
470 854 579 897 quavis
591 855 796 895 auctoritate,
813 855 955 888 scienter
973 856 1022 888 vel

282 905 473 948 ignoranter
498 907 673 950 contigerit
699 908 864 941 attentari.

325 959 340 1002 ἓ
363 958 395 992 3.
422 958 492 992 Non
509 959 711 993 obstantibus
730 961 1021 994 constitutionibus

283 1017 314 1044 et
328 1011 590 1045 ordinationibus
606 1014 804 1056 apostolicis,
815 1024 941 1047 necnon
955 1025 1022 1057 pro-

282 1064 404 1098 vinciae
430 1070 461 1098 et
484 1065 612 1098 Ordinis
643 1067 898 1110 praedictorum,
927 1068 1023 1101 ctiam

283 1117 473 1157 iuramento,
498 1118 745 1152 confirmatione
766 1121 954 1163 apostolica,
974 1122 1021 1154 vel

283 1171 397 1214 quavis
422 1171 570 1203 firmitate
596 1172 657 1204 alia
689 1174 860 1212 roboratis,
896 1174 1023 1205 statutis

282 1229 314 1256 et
337 1224 642 1264 consuetudinibus,
670 1225 850 1268 privilegiis
877 1237 1021 1270 quoque,

281 1276 417 1309 indultis
437 1281 469 1309 et
493 1277 612 1309 litteris
635 1279 820 1321 apostolicis
845 1279 875 1311 in
898 1286 1024 1313 contra·
1044 1306 1046 1322 ἱ

282 1329 366 1362 rium
384 1330 638 1373 praemissorum
666 1332 915 1374 quomodolibet
941 1344 1020 1366 con-
1044 1327 1046 1344 ⁴

282 1383 391 1423 cessis,
418 1383 616 1417 confirmatis
642 1390 673 1417 et
698 1386 876 1427 innovatis,
904 1387 1022 1430 quibus

282 1436 434 1469 omnibus
469 1442 502 1470 et
538 1437 689 1480 singulis,
726 1439 856 1472 illorum
896 1443 1046 1473 tenores

281 1490 509 1534 praesentibus
543 1502 601 1535 pro
633 1493 731 1535 plene
765 1498 797 1526 et
825 1493 1046 1527 sussicientcrt

282 1543 443 1587 expressis
469 1554 504 1576 ac
529 1545 567 1577 ad
593 1545 726 1578 verbum
745 1546 876 1579 insertis
893 1547 1020 1581 liaben-

282 1601 342 1637 tes,
370 1596 434 1630 illis
460 1597 538 1630 alias
563 1597 594 1630 in
616 1609 675 1631 suo
697 1599 814 1633 robore
834 1611 1024 1643 permansu-

281 1650 335 1690 ris,
362 1650 400 1682 ad
420 1651 673 1694 praemissorum
692 1653 854 1693 effectum,
876 1654 937 1687 hac
955 1655 1022 1688 rice

282 1704 455 1744 dumtaxat,
484 1704 674 1748 specialiter
699 1712 730 1739 et
755 1717 909 1750 expresse
928 1709 1023 1741 dero-

282 1768 414 1800 gamus;
451 1758 634 1801 ceterisque
672 1760 844 1793 contrariis
882 1761 1020 1804 quibus-

281 1821 434 1855 cumque.

324 1865 437 1898 Datum
464 1865 597 1904 Romae,
626 1867 710 1909 apud
741 1866 772 1899 S.
800 1866 928 1900 Mariam
954 1868 1020 1901 Ma·-

280 1918 395 1959 iorem,
421 1918 478 1951 sub
504 1920 626 1952 annulo
653 1919 823 1952 piscatoris
842 1947 849 1960 ,
875 1921 925 1954 die
952 1932 1023 1955 xxm

280 1971 407 2015 augusti
432 1980 581 2012 mnecvn,
609 1972 816 2015 pontificatus
841 1974 944 2006 nostri
966 1985 1023 2007 an·
1045 2004 1047 2019 ⁵

279 2035 322 2059 no
347 2035 401 2059 vn.
1045 2024 1047 2073 ξ

1045 1957 1047 1972 l

317 2087 376 2115 Dat.
394 2087 438 2115 die
453 2087 481 2115 31
502 2088 609 2124 augusti
629 2089 711 2120 1707,
734 2089 831 2124 pontis.
849 2098 920 2117 anno
939 2097 983 2117 vu.

623 2258 682 2291 CV.

283 2346 476 2379 Conceditur
499 2346 710 2390 indulqemia
735 2347 887 2391 plenaria
910 2358 1022 2391 perpe-
1043 2377 1045 2407 ἱ

327 2402 382 2443 tua
405 2410 464 2442 pro
480 2400 620 2432 ecclesiis
639 2399 776 2434 Ordinis
795 2401 903 2434 sancti
918 2401 1024 2434 Pauli
1043 2409 1045 2414 ⁴

324 2451 429 2493 primi
453 2453 605 2486 eremitae
630 2454 665 2485 in
696 2454 766 2486 eius
790 2453 841 2486 die
865 2453 973 2496 festo'.

318 2530 328 2555 1
353 2529 503 2556 Innocentii
524 2531 556 2557 XI
575 2536 661 2560 const.
682 2534 726 2560 ed.
748 2540 897 2567 nocituri,
916 2534 959 2561 die
988 2535 1020 2561 27

281 2572 451 2606 novembris,
469 2575 565 2609 pontif.
588 2582 605 2609 1,
618 2577 775 2604 confirmata
791 2578 866 2604 fuere
886 2578 1021 2613 quaedam

282 2620 383 2645 statuta
398 2625 447 2653 pro
468 2617 590 2645 eremitis
609 2619 636 2646 in
656 2628 740 2656 regno
762 2621 952 2656 Portugalliae.

1703 214 1767 249 303

1285 271 1423 300 clemens
1444 273 1523 307 Papa
1544 273 1591 307 xl,

1065 324 1218 351 universis
1247 325 1497 352 christifidelibus
1526 329 1703 359 praesentes
1725 327 1807 355 litte-

1100 376 1151 395 ras
1171 369 1378 403 inspecturis,
1401 371 1531 398 salutem
1560 373 1590 398 et
1611 372 1807 404 apostoticam

1100 413 1354 441 benedictionem.

1110 484 1156 517 At]
1183 484 1363 527 augendam
1391 484 1534 519 fidetium
1561 485 1755 528 religionem
1776 491 1807 519 et

1066 536 1248 570 animarum
1268 538 1406 571 salutem
1427 539 1622 571 caelestibus
1643 539 1805 572 Ecclesiae

1067 589 1229 622 thesauris
1255 590 1307 633 pia
1325 591 1484 624 charitate
1510 592 1636 632 intenti,
1657 592 1808 625 omnihus

1067 642 1235 686 utriusque
1252 653 1348 676 sexus
1363 644 1630 677 christifidelibus
1647 655 1720 678 vere
1735 656 1809 688 poe-

1067 695 1244 727 nitentibus
1271 701 1303 728 et
1328 696 1486 729 confessis
1503 707 1539 729 ac
1558 699 1648 730 sacra
1666 708 1810 730 commu-

1066 748 1164 781 nione
1192 749 1332 789 refectis,
1358 750 1412 793 qui
1439 750 1581 793 aliquam
1608 761 1643 783 ex
1664 751 1810 785 ecclesiis

1067 801 1201 834 fratrum
1228 802 1358 835 Ordinis
1384 803 1484 836 sancti
1512 804 1599 837 Pauli
1619 804 1714 848 primi
1740 815 1810 837 ere-

1066 854 1162 888 mitae
1189 855 1311 898 ubique
1338 856 1564 897 existentibus,
1591 857 1642 890 die
1669 857 1750 891 sesto
1777 869 1808 891 e-

1066 908 1191 940 iusdem
1219 908 1321 941 sancti
1347 909 1434 942 Pauli
1461 909 1558 952 primi
1586 910 1760 951 eremitae,
1793 922 1809 943 a

1044 997 1046 1002 Α
1066 961 1179 1004 primis
1205 961 1351 1004 vesperis
1378 973 1479 1006 usque
1498 963 1535 995 ad
1559 973 1710 996 occasum
1731 965 1810 998 solis

1068 1014 1131 1047 dici
1168 1014 1380 1054 huiusmodi,
1408 1015 1546 1058 singulis
1576 1017 1667 1049 annis
1695 1018 1810 1051 devote

1066 1067 1286 1108 visitaverint,
1318 1073 1348 1100 et
1383 1068 1426 1100 ibi
1460 1079 1520 1112 pro
1556 1069 1809 1103 christianorum

1067 1120 1250 1163 principum
1283 1121 1475 1162 concordia,
1502 1122 1673 1156 haeresum
1713 1124 1810 1156 extir-

1045 1164 1220 1217 Jpatione,
1262 1184 1299 1206 ac
1338 1180 1465 1208 sanctae
1500 1175 1609 1209 matris
1644 1176 1809 1210 Ecclesiae

1045 1226 1260 1273 ,exaltatione
1294 1226 1362 1270 pias
1397 1228 1436 1260 ad
1465 1227 1566 1261 Deum
1592 1239 1709 1272 preces
1734 1229 1811 1262 ess'u-

1068 1279 1187 1319 (lerint,
1215 1280 1395 1322 plenariam
1423 1281 1568 1313 omnium
1601 1287 1810 1325 peecatorum

1067 1343 1197 1364 suorum
1240 1333 1475 1376 indulgentiam
1516 1340 1548 1367 et
1586 1334 1810 1368 remissionem

1045 1385 1324 1419 ¹misericorditer
1360 1387 1391 1418 in
1423 1387 1561 1421 Domino
1587 1388 1808 1422 concedimus.

1068 1440 1297 1473 Praesentibus
1322 1442 1489 1484 perpetuis
1516 1442 1631 1474 suturis
1653 1442 1810 1485 tempori-

1067 1494 1125 1525 bus
1144 1493 1301 1526 valituris.
1323 1494 1480 1528 Volumus
1500 1500 1608 1528 autem
1627 1501 1661 1528 ut
1680 1506 1809 1528 earum-

1068 1547 1140 1580 dem
1156 1548 1378 1590 praescntium
1395 1548 1577 1582 litterarum
1591 1549 1808 1593 transumptis,

1067 1611 1121 1635 seu
1138 1601 1305 1644 exemplis,
1325 1601 1421 1634 etiam
1439 1602 1618 1645 impressis,
1638 1613 1733 1635 manu
1753 1603 1812 1635 ali-

1044 1654 1157 1686 ¹cuius
1183 1654 1300 1687 notarii
1327 1655 1446 1697 publici
1474 1655 1680 1698 subscriptis,
1706 1660 1738 1687 et
1762 1654 1807 1687 si-

1044 1706 1046 1740 ἷ
1068 1707 1146 1750 gillo
1172 1717 1335 1750 personae
1361 1707 1392 1740 in
1420 1708 1638 1741 ecclesiastica
1653 1708 1810 1751 dignitate

1045 1760 1046 1792 l
1067 1762 1260 1794 constitutae
1279 1762 1427 1802 munitis,
1447 1762 1558 1794 eadem
1579 1772 1711 1805 prorsus
1730 1761 1809 1795 sides

1067 1814 1187 1857 ubique
1219 1815 1365 1847 locorum
1406 1815 1583 1855 habeatur,
1609 1825 1693 1858 quae
1730 1815 1808 1857 ipsis

1045 1901 1046 1910 ,
1068 1867 1296 1910 praesentibus
1322 1867 1500 1900 haberetur
1529 1868 1556 1900 si
1589 1868 1695 1901 forent
1719 1867 1809 1901 exhi-

1067 1921 1154 1954 bitae
1180 1922 1228 1954 vel
1256 1926 1419 1953 ostensae.

1112 1974 1225 2006 Datum
1250 1974 1392 2014 Romae,
1420 1973 1505 2016 apud
1530 1973 1562 2006 S.
1590 1974 1722 2007 Mariam
1749 1974 1809 2007 Ma-

1067 2028 1171 2060 iorem
1194 2027 1253 2060 sub
1279 2027 1400 2060 annulo
1419 2027 1606 2068 piscatoris,
1626 2027 1677 2060 die
1696 2032 1810 2061 iocto—

1067 2081 1133 2113 bris
1148 2089 1292 2120 MDCCVH,
1308 2078 1517 2122 pontificatus
1532 2080 1635 2113 nostri
1649 2091 1734 2113 anno
1750 2091 1805 2114 v11.

1103 2141 1160 2168 Dat.
1182 2142 1225 2167 die
1249 2142 1257 2168 1
1280 2140 1399 2169 octobris
1418 2141 1494 2176 1707,
1513 2141 1609 2177 pontif.
1627 2150 1700 2169 anno
1721 2148 1766 2169 vu.

1403 2345 1475 2379 CVI.

1064 2453 1278 2486 Dcumtantur
1302 2457 1330 2486 el
1352 2452 1570 2496 prohibentur
1597 2453 1676 2486 libri
1700 2464 1807 2487 omnes

1107 2505 1263 2539 adversus
1288 2506 1450 2539 decretum
1471 2506 1686 2550 apostolicum
1710 2517 1806 2550 super

1106 2559 1284 2592 remotione
1312 2559 1551 2603 archiepiscopi
1581 2559 1750 2592 Sebasteni
1785 2570 1804 2591 α

1108 2613 1271 2646 vicariatu
1297 2613 1472 2657 apostolico
1497 2612 1693 2647 missionum
1725 2611 1805 2644 Hol-

1815 227 1864 251 ΛΠ.
1883 227 1910 251 (ἱ.
1933 225 2000 252 1707

1888 501 2001 520 cumputo

1818 529 1927 553 manin-ta
1939 528 2002 547 tunul-

1819 557 1909 580 gwnil-³¹¹·
