2269 3203
239 243 289 269 Λη.
310 243 338 269 C.
363 242 427 270 1717
475 233 539 267 764
1015 242 1196 267 numanum

266 306 386 326 Clausulas.
478 293 492 335 ἓ
519 293 549 325 ⁰2.
577 292 806 334 Decernentes‚
825 293 955 326 easdem
980 296 1173 336 praesentes

434 344 522 378 ete.¹.

264 411 422 431 Contrariorum
477 399 491 442 g
516 399 546 433 3.
574 399 643 432 Non
666 400 867 433 obstantibus
886 397 1173 432 constitutionibus

237 438 357 463 ‘mmmm
434 458 466 485 et
497 453 758 485 ordinationibus
784 452 1001 494 apostolicis,
1029 460 1174 488 necnon,

434 511 594 548 quatenus
613 516 693 548 opus
711 505 767 544 sit,
789 504 972 547 provinciae
991 509 1022 536 et
1047 503 1174 536 Ordinis

433 560 686 602 praedictorum,
708 559 804 591 etiam
827 559 1020 598 iuramento,
1039 558 1127 591 etc.‘².

478 612 591 644 Datum
617 613 736 645 Romae
763 611 849 655 apud
873 612 904 644 S.
925 611 1054 643 Mariam
1075 610 1174 643 Maio-

434 676 503 698 rem
530 665 589 698 sub
608 666 729 698 annulo
747 665 932 703 Piscatoris,
959 664 1010 696 die
1029 674 1085 697 v111
1104 663 1174 696 iulii

435 728 598 758 iioccxffl,
623 717 835 762 pontificatus
861 717 965 750 nostri
993 727 1078 750 anno
1095 726 1172 750 xvn.

471 781 530 808 Dat.
550 781 596 808 die
617 781 632 808 8
652 780 708 808 iulii
731 781 809 813 1715,
831 779 932 815 pontif.
955 787 1026 806 anno
1046 784 1109 805 xvn.

730 924 879 957 CCXLVI.

437 1005 656 1048 Confirmutur
697 1004 869 1037 decretum
907 1001 1177 1045 Conqregyationis

480 1058 703 1100 episcopormn
735 1061 763 1089 et
789 1056 995 1099 reqularium
1032 1054 1070 1087 de
1094 1053 1178 1086 divi-

480 1111 568 1143 sione
591 1110 780 1153 provinciae
808 1110 838 1142 S.
866 1109 1005 1142 Ioannis
1028 1109 1177 1151 Evanqe-

482 1164 576 1196 lislae
601 1163 792 1195 insularum
817 1164 976 1195 Azzorum
1001 1166 1028 1194 el
1057 1162 1178 1194 Tersei-

479 1227 536 1249 rae
548 1217 692 1259 fratrum
706 1216 874 1248 Minorum
888 1215 925 1248 cle
938 1212 1177 1248 Obseruantia&

658 1297 794 1324 Clemens
815 1297 894 1329 Papa
913 1296 961 1327 XI,

580 1341 616 1368 ad
637 1341 772 1368 futuram
797 1341 842 1367 rei
862 1340 1043 1367 memoriam.

279 1419 361 1440 caueae
383 1417 430 1443 vln-
485 1412 499 1454 g
517 1411 546 1443 1.
568 1410 686 1454 Nuper⁷
707 1421 764 1454 pro
783 1415 876 1454 parte
895 1410 1086 1442 dilectorum
1103 1408 1180 1441 filio-

244 1445 510 1518 {Zikmd'i‘isisiiiiirtim
540 1464 773 1497 modernorum
800 1462 939 1495 ministri
971 1461 1179 1504 provincialis

443 1524 540 1561 atque
567 1517 767 1556 delinitoris,
800 1516 1014 1558 omniumque
1048 1515 1180 1547 fratrum

442 1570 630 1613 provinciae
651 1570 681 1602 S.
703 1570 832 1602 Ioannis
850 1568 1072 1611 Evangelistae
1094 1568 1181 1600 insu-

442 1625 546 1656 larum
565 1624 724 1656 Azzorum
750 1628 782 1655 et
807 1622 974 1655 Terseirae
1000 1621 1179 1664 respective

413 1686 415 1688 ·
442 1681 701 1719 nuncupatarum
720 1702 727 1715 ,
764 1676 967 1718 aliarumque
1003 1675 1179 1706 insularum

442 1730 540 1762 maris
559 1729 675 1762 Oceani
704 1728 875 1772 temporali
895 1728 1009 1761 ditioni
1025 1727 1180 1760 carissimi

443 1782 617 1840 5¹}Ch1'issl0
632 1783 689 1815 filii
704 1782 805 1815 nostri
820 1782 948 1814 Ioannis
963 1781 1181 1823 Portugalliae

444 1841 475 1868 et
502 1836 731 1878 Algarbiorum
756 1835 841 1878 regis
866 1835 1000 1867 illustris
1023 1834 1182 1867 subiecta-

443 1900 527 1929 rum,
554 1888 682 1921 Ordinis
708 1889 866 1921 Minorum
892 1888 992 1921 sancti
1018 1887 1180 1920 Francisci

444 1943 483 1974 de
509 1941 717 1975 Observantia
744 1946 1014 1984 nuncupatorum,
1040 1939 1182 1983 Congre-

444 1995 567 2037 gationi
590 1995 824 2028 venerabilium
845 1994 977 2026 fratrum
995 1998 1181 2025 nostrorum

443 2047 475 2080 S.
504 2048 540 2081 R.
568 2048 601 2081 E.
630 2048 846 2081 cardinalium
878 2047 1019 2090 negotiis
1052 2052 1082 2078 et
1108 2056 1182 2079 con-

445 2101 674 2134 sultationibus
689 2101 921 2144 episcoporum
938 2105 969 2133 et
982 2100 1182 2143 regularium

481 2199 490 2224 1
514 2198 548 2224 Ut
567 2206 648 2233 supra
668 2206 729 2232 pag.
753 2198 803 2225 703
824 2206 841 2224 ιι
860 2198 902 2231 (n.
920 2196 970 2230 T.).

478 2243 494 2268 ⁹2
514 2242 550 2268 Ut
568 2250 650 2276 supra
670 2242 735 2268 ibid.
757 2242 796 2274 (n.
813 2241 861 2274 T.).
1174 2257 1187 2261 -

480 2288 491 2312 ‘l
515 2285 664 2312 innocentii
685 2285 728 2312 ΧΗ
751 2289 835 2312 const.
854 2285 897 2312 ed.
913 2291 993 2318 macc,
1008 2284 1050 2311 die
1069 2285 1098 2311 10
1114 2284 1181 2316 iulii⁷

444 2328 539 2363 pontif.
560 2335 602 2360 lx,
624 2329 782 2354 confirmata
811 2328 860 2353 snit
888 2326 1046 2353 alternativa
1065 2326 1092 2352 in
1113 2326 1183 2352 dicta

443 2372 600 2407 provincia3
617 2372 643 2398 in
660 2371 739 2398 liuius
755 2371 890 2398 Pontificis
906 2375 991 2398 const.
1005 2370 1048 2397 ed.
1064 2376 1182 2403 itnccxn,
1202 2386 1205 2403 ,

444 2416 488 2443 die
502 2416 536 2443 23
551 2416 713 2445 decembris,
734 2416 826 2452 pontis.
842 2422 897 2450 xm,
919 2419 1045 2442 revocata
1064 2415 1115 2441 fuit
1129 2414 1183 2440 dis-

444 2461 604 2488 membratio
634 2461 827 2488 coenobiorum
857 2469 872 2487 a
892 2460 1030 2495 provincia
1059 2459 1183 2493 Neapolis

443 2505 556 2532 fratrum
571 2505 799 2532 Discalceatorum
814 2514 820 2537 ;
833 2509 858 2531 et
868 2503 1014 2530 innocentii
1024 2502 1079 2529 Xlll
1095 2506 1182 2530 const.

444 2550 488 2576 ed.
506 2556 640 2583 MDCCXXII,
662 2549 704 2576 die
719 2548 753 2574 22
769 2548 846 2582 iunii,
868 2548 961 2583 pontif.
979 2555 1009 2580 11,
1021 2550 1093 2574 extat
1108 2555 1182 2574 com-

443 2594 534 2622 missio
554 2594 653 2622 nuncio
674 2593 799 2629 Neapolis
823 2601 904 2628 super
919 2592 991 2620 dieta
1008 2591 1183 2619 dismembra-

445 2639 529 2668 tione.

1221 241 1377 265 ROMANUM
1959 239 2008 266 An.
2029 239 2058 266 C.
2083 239 2149 268 ¹7¹7

1216 289 1422 333 praepositae
1456 287 1631 332 exposito,
1664 288 1749 331 quod
1789 287 1956 331 praedicta

1216 343 1392 386 provincia,
1410 353 1527 385 magno
1546 346 1760 374 conventuum
1779 345 1810 373 et
1829 341 1958 384 religio-

1216 407 1322 429 sorum
1349 407 1484 429 numero
1504 396 1692 435 abundans,
1719 395 1840 438 quippe
1863 405 1956 437 quae,

1217 450 1301 482 ultra
1327 460 1443 492 parvos
1477 455 1676 488 conventus,
1709 459 1764 481 seu
1792 447 1931 490 hospitia
1949 474 1956 487 ‚

1218 503 1358 535 oratoria
1384 508 1415 535 ct
1440 502 1637 535 monasteria
1655 501 1857 541 monialium,
1877 511 1957 543 quae

1184 554 1192 560 ‘
1218 557 1390 594 retinebat,
1416 556 1454 588 ab
1473 556 1544 588 aliis
1571 554 1804 598 septemdecim
1831 553 1958 596 conspi-

1218 609 1285 642 cuis
1302 609 1516 642 eonventibus
1534 608 1800 647 constituebatur,
1821 612 1852 640 et
1870 607 1959 649 quin-

1219 668 1335 705 gentos
1360 668 1391 695 et
1422 663 1507 695 ultra
1541 662 1712 704 1·eIIgiosos
1745 660 1955 699 numerabat,

1219 715 1409 749 difficillime
1435 721 1468 748 et
1493 725 1558 747 non
1584 715 1654 747 sine
1676 724 1794 756 magno
1816 713 1959 746 eiusdem

1219 769 1405 812 provinciae
1425 768 1626 811 praeiudicio
1645 778 1680 800 ac
1698 766 1894 810 deplorabili
1913 775 1960 798 re-

1220 822 1340 864 gularis
1366 821 1594 854 observantiae
1628 819 1814 854 discrimine
1847 824 1878 852 et
1909 828 1961 851 re-

1220 875 1381 907 laxatione
1409 875 1447 907 ab
1474 884 1536 906 uno
1563 878 1684 906 tantum
1707 872 1856 905 ministro
1883 881 1959 914 pro-

1219 928 1346 960 vinciali
1374 928 1453 970 regi,
1479 927 1654 969 gubernari
1680 932 1711 959 et
1729 925 1849 959 visitari
1869 930 1960 968 pote-

1222 987 1320 1021 terat,
1349 992 1440 1021 nain,
1468 991 1538 1013 cum
1564 980 1750 1023 praedictae
1780 979 1901 1012 insulae
1930 983 1960 1011 et

1221 1034 1389 1076 signanter
1414 1033 1597 1077 supradicta
1619 1033 1657 1065 de
1684 1032 1832 1065 Terseira
1867 1031 1960 1064 aliae-

1221 1098 1301 1130 quae
1323 1087 1508 1119 adiacentes
1529 1087 1610 1119 adeo
1630 1087 1726 1128 longa
1745 1084 1843 1118 maris
1861 1084 1960 1117 Inter-

1221 1141 1378 1183 capedine
1405 1141 1444 1172 ab
1470 1139 1540 1172 aliis
1566 1139 1680 1172 insulis
1713 1139 1871 1171 Azzorum
1896 1138 1961 1170 (lis-

1222 1194 1434 1236 iungerentur
1459 1199 1492 1225 ut
1510 1193 1660 1225 minister
1676 1191 1882 1235 provincialis
1901 1201 1960 1234 pro

1224 1253 1370 1291 tempore
1406 1247 1545 1280 existens
1575 1256 1634 1289 pro
1671 1245 1829 1288 explenda
1853 1244 1960 1277 visita-

1224 1301 1312 1334 tione
1346 1301 1384 1333 de
1417 1305 1576 1333 conventu
1614 1299 1651 1332 ad
1678 1304 1871 1332 conventum
1901 1299 1962 1330 iter

1223 1354 1399 1397 aliquando
1417 1358 1546 1387 centum
1562 1352 1778 1396 quadraginta
1794 1352 1960 1384 leucarum

1224 1418 1283 1451 per
1308 1418 1396 1440 mare
1417 1407 1577 1439 Oceanum
1603 1405 1735 1449 aggredi
1762 1416 1843 1448 opus
1864 1405 1962 1437 habe-

1224 1465 1285 1500 ret,
1311 1460 1388 1493 hinc
1414 1459 1582 1493 eveniebat
1610 1459 1695 1502 quod
1715 1463 1770 1490 arsit
1794 1468 1961 1500 nunquam

1224 1518 1278 1546 aut
1296 1524 1367 1546 raro
1392 1513 1535 1546 oninium
1554 1518 1585 1544 et
1602 1510 1805 1553 singulorum
1825 1520 1963 1542 conven-

1226 1572 1314 1599 tuum
1338 1565 1479 1600 visitatio
1502 1576 1558 1609 per
1583 1565 1672 1598 illum
1698 1562 1856 1607 compleri
1881 1564 1962 1596 vale-

1224 1620 1294 1659 bat,
1314 1625 1355 1659 et,
1374 1619 1397 1652 si
1417 1618 1594 1662 aliquando
1614 1617 1739 1661 aliquis,
1758 1617 1798 1650 ob
1817 1615 1963 1660 discipli-

1225 1684 1284 1706 nae
1311 1672 1468 1715 regularis
1486 1673 1601 1711 zelum,
1622 1671 1654 1703 in
1676 1676 1740 1703 tam
1758 1675 1881 1702 vastum
1907 1680 1963 1712 pe-

1225 1727 1332 1768 lagum
1350 1737 1384 1758 se
1402 1726 1607 1758 committere
1622 1734 1719 1756 ausus
1737 1724 1847 1762 tuerat,
1863 1733 1961 1765 saepe

1226 1779 1357 1821 saepius
1382 1780 1488 1812 zelum
1518 1788 1611 1810 suum
1637 1777 1697 1809 sibi
1724 1776 1886 1809 exitialem
1911 1786 1963 1808 cx-

1226 1837 1338 1875 pertus
1363 1832 1475 1871 suerat,
1491 1842 1564 1864 nain
1583 1836 1636 1863 aut
1650 1830 1827 1863 vorticibus
1852 1829 1964 1862 absor-

1226 1890 1309 1927 ptus,
1328 1890 1381 1917 aut
1399 1896 1415 1917 a
1437 1883 1556 1927 pyratis
1576 1883 1813 1926 deprehensns,
1840 1883 1963 1914 nullam

1225 1939 1409 1979 utilitatem,
1437 1938 1492 1970 sed
1519 1937 1578 1969 sibi
1602 1936 1748 1975 exitium,
1774 1935 1962 1978 provinciae

1226 1993 1356 2030 luctum,
1372 1996 1403 2024 et
1421 1989 1696 2033 subsequentibus
1714 1988 1870 2020 ministris
1890 1998 1964 2031 pro-

1226 2044 1418 2077 vineialibus
1443 2042 1625 2086 exemplum
1646 2052 1686 2073 ne
1712 2040 1833 2073 similia
1862 2045 1963 2073 tenta-

1226 2102 1312 2137 rent,
1339 2097 1529 2135 induxerat;
1556 2094 1703 2137 quinimo
1728 2094 1846 2126 nedum
1870 2092 1964 2125 mini-

1226 2156 1292 2184 ster
1316 2149 1532 2193 provincialis‚
1550 2149 1607 2181 sed
1633 2148 1839 2191 quamplures
1865 2146 1963 2180 etiam

1226 2204 1279 2237 alii
1307 2203 1469 2246 religiosi,
1496 2203 1572 2235 dum
1610 2202 1648 2234 de
1673 2200 1777 2233 insula
1801 2200 1834 2231 in
1859 2199 1962 2242 magis

1227 2258 1398 2291 distantem
1424 2256 1580 2295 insulam,
1609 2255 1716 2296 vigore
1741 2252 1963 2292 obedientiae,

1227 2316 1281 2343 aut
1295 2311 1335 2343 ob
1353 2309 1533 2343 exercenda
1547 2307 1713 2350 religionis
1729 2306 1843 2347 officia,
1863 2311 1965 2339 trans-

1226 2364 1441 2401 fretaverant,
1467 2361 1647 2395 consimilia
1671 2359 1850 2392 infortunia
1877 2359 1964 2402 passi

1224 2416 1364 2455 fuerant,
1385 2425 1459 2447 nam
1485 2419 1538 2446 aut
1562 2413 1729 2456 perierant.
1746 2413 1777 2444 in
1799 2412 1890 2451 mari,
1909 2415 1964 2444 aut

1226 2472 1408 2510 pyratarum
1435 2467 1666 2508 Algerinorum
1698 2464 1860 2507 mancipia
1892 2474 1963 2497 eva-

1224 2525 1348 2560 serant3
1368 2519 1417 2551 liis
1436 2519 1530 2552 etiam
1544 2519 1743 2551 accedebant
1756 2518 1882 2550 innatae
1897 2516 1964 2549 ani-

1224 2584 1350 2607 morum
1374 2573 1559 2606 aversiones
1590 2578 1621 2605 et
1647 2571 1859 2615 antipathiae‚
1889 2569 1961 2613 qui-

1223 2626 1282 2660 bus
1306 2625 1452 2669 religiosi
1482 2625 1661 2659 nationales
1688 2624 1741 2658 alii
1769 2623 1850 2658 alios
1876 2623 1964 2658 inse-
