2269 3203
87 209 136 238 Αιι,
157 209 186 236 C.
206 209 271 237 ¹707

117 1227 229 1248 Exorituuu

122 1864 222 1886 nationes
241 1870 279 1891 ,tro

96 1893 244 1918 consequenda
252 1894 281 1913 di·

96 1921 130 1938 cia
139 1923 280 1940 communica-

97 1945 160 1965 tione.

907 207 1048 231 CLEMENS

279 259 428 293 locorum
452 264 484 292 et
505 259 646 302 gentium
672 258 705 291 in
729 256 848 290 iudicio
868 262 900 289 et
929 260 1019 290 extra

280 312 360 346 illud
387 312 571 352 habeatur,
606 322 689 355 quae
724 310 903 343 haberetur
938 308 1041 355 ipsis!

281 367 513 409 praesentibus
553 365 577 398 si
622 365 729 397 forent
767 363 933 396 exhibitae
969 361 1019 394 vel

281 424 447 452 ostensae.

324 471 437 504 Datum
465 471 598 511 Romae,
627 469 713 513 apud
737 468 768 502 S.
795 468 925 501 Mariam
951 466 1019 499 Ma-

282 523 395 564 iorem,
420 524 479 557 sub
504 525 625 557 annulo
652 521 836 562 piscatoris,
862 521 913 553 die
938 529 1020 553 xxvii

282 574 349 607 iulii
364 584 506 613 nnecvn.
519 573 727 618 pontificatus
745 572 847 606 nostri
863 581 949 604 anno
962 580 1018 604 vil.

317 637 378 665 Dat.
400 636 443 664 die
463 637 495 664 ²27
517 636 573 663 iulii
594 635 674 670 1707,
697 635 794 670 pontif.
816 641 886 661 anno
903 640 950 660 vn,

619 779 694 814 Ctlt.

283 862 575 896 communiebant-ur
600 859 852 904 Conyreqationi
878 859 1022 901 fratrum

326 913 602 947 Bethlemilarum
639 912 818 957 pri'vz'leqia
859 910 1046 944 (li-dinami

327 966 607 1003 Mendicantium,
635 971 663 999 ct
694 965 885 998 clericorum
915 963 1020 997 Mini-

326 1020 506 1053 slranlium
531 1019 679 1062 Infirmis
704 1019 726 1053 ¹.

498 1099 634 1128 Clemens
655 1101 736 1134 Papa
757 1101 805 1134 xl,

424 1146 460 1173 ad
481 1146 614 1173 futuram
634 1146 680 1173 rei
700 1145 884 1172 memoriam.

330 1216 466 1250 iniuncti
494 1217 589 1250 nobis
614 1217 749 1250 caelitus
774 1216 946 1260 pastoralis
978 1215 1026 1249 of-

286 1268 348 1302 ficii
374 1268 455 1302 ratio
481 1270 637 1313 postulat,
665 1275 710 1309 ut,
727 1275 895 1312 paternam
921 1279 1025 1302 sacra-

286 1333 355 1355 rum
382 1322 576 1366 religionum
594 1328 625 1356 et
639 1322 928 1366 congregationum
944 1322 1026 1355 chri-

285 1376 407 1410 stianae
432 1377 598 1410 charitatis
624 1382 656 1409 et
680 1376 911 1419 hospitalitatis
946 1387 1025 1420 ope-

286 1430 375 1464 ribus
400 1441 435 1464 ex
467 1431 616 1474 professo
654 1430 860 1464 laudabiliter
894 1430 1022 1463 incum-

287 1484 431 1517 bentium
458 1495 566 1518 curam
593 1490 754 1528 gerentes,
784 1485 873 1529 pium
898 1484 1025 1517 illarum

289 1537 477 1571 exercitium
503 1543 534 1571 et
558 1537 761 1578 institutum,
789 1549 865 1581 quo,
895 1538 1024 1570 labores

289 1589 470 1634 expeditius
497 1591 732 1634 suscipiendo,
770 1591 850 1624 illud
888 1591 1025 1624 alacrius

288 1644 479 1676 continuent
519 1650 550 1677 et
585 1644 758 1678 ferventius
797 1649 1024 1687 exequantur,

289 1696 477 1730 liberalibus
503 1697 676 1740 gratiarum
713 1702 746 1730 et
781 1697 1026 1741 privilegiorum

289 1750 478 1783 muneribus
504 1750 758 1791 confoveamus,
790 1756 884 1793 prout
909 1750 940 1783 in
966 1750 1028 1783 Do-

290 1803 377 1836 niino
402 1803 619 1847 conspicimus
643 1804 815 1837 salubriter
839 1803 1003 1847 expedire.

334 1856 349 1899 ἓ
374 1856 406 1888 l.
433 1856 509 1889 Cum
537 1856 653 1900 itaque,
671 1857 755 1889 sicut
784 1856 924 1890 dilectus
943 1856 1027 1889 filius

291 1909 427 1943 Michael
464 1910 503 1942 de
540 1910 608 1943 Iesu
644 1915 676 1942 et
700 1910 818 1949 Maria,
844 1909 1029 1952 Cougrega-

293 1963 389 1996 tionis
414 1964 547 1997 fratrum
574 1963 842 1997 Bethlemitarurn
868 1974 1029 2006 nuncupa-

293 2022 409 2058 torum,
436 2017 469 2050 in
496 2017 713 2061 hospitalibus
749 2027 929 2060 pauperum
956 2027 1030 2049 con-

292 2070 525 2103 valescentium
553 2070 583 2102 in
605 2069 705 2102 indiis
719 2069 978 2102 Occidentalibus
997 2080 1030 2102 se

292 2124 523 2163 exercentium,
547 2123 578 2155 in
611 2123 753 2156 Romana
789 2122 883 2155 Curia
916 2133 1031 2166 procu-

292 2183 402 2217 rator,
428 2177 523 2210 nobis
548 2187 653 2220 nuper
682 2177 799 2219 exponi
826 2176 921 2217 fecit,
948 2176 1032 2209 dicta

293 2229 509 2273 Congregatio
534 2230 613 2262 alias
639 2240 656 2262 a
677 2229 778 2262 felicis
798 2228 1032 2262 recordationis

294 2283 483 2316 Innocentio
508 2283 566 2316 PP.
590 2282 627 2315 Xl
647 2283 900 2326 praedecessore
918 2286 1032 2315 nostro

295 2346 353 2379 per
392 2337 545 2380 quasdam
581 2346 654 2369 snas
691 2336 832 2378 desuper
866 2335 898 2368 in
936 2335 1031 2368 simili

297 2389 396 2422 soi-ma
420 2389 530 2423 Brevis
551 2389 602 2423 die
623 2399 696 2423 xxvi
714 2388 819 2422 martii
838 2398 1033 2423 itfflCLxxxru

331 2477 344 2503 1
367 2476 460 2504 Const.
480 2477 523 2504 ed.
544 2484 657 2511 uocem,
679 2477 722 2504 die
744 2477 774 2504 17
795 2477 880 2511 iunii,
901 2478 996 2513 pontis.
1018 2483 1034 2503 n

298 2528 427 2548 concessa
440 2521 489 2547 fuit
504 2522 638 2557 exemptio
650 2530 665 2548 a
676 2522 902 2557 processionibus;
912 2526 938 2548 et
949 2526 1034 2549 const.

299 2565 342 2592 ed.
363 2571 469 2599 Mnccxt,
489 2565 534 2592 die
553 2566 588 2592 24
606 2566 673 2600 iulii,
690 2567 782 2602 pontif.
805 2573 839 2602 xi,
862 2567 1036 2595 confirmatur

299 2618 429 2647 praesens
450 2610 615 2640 constitutio.

1073 206 1106 230 xi
1130 207 1178 230 Pr.

1061 254 1227 298 expeditas
1253 254 1379 288 litteras
1406 254 1437 287 in
1463 255 1657 297 religionem
1691 261 1800 288 erecta

1062 308 1185 348 suerit·,
1214 307 1329 340 fratres
1363 318 1441 341 vero
1479 308 1582 340 dictae
1619 308 1802 351 Congrcga-

1063 361 1158 394 tionis
1185 360 1245 394 tria
1266 361 1449 394 essentialia
1467 366 1538 394 vota
1560 361 1591 393 in
1614 361 1678 401 illa,
1698 361 1735 394 ad
1755 361 1802 392 in-

1064 419 1131 447 star
1155 420 1339 448 ceterorum
1365 415 1518 447 Ordinuin
1535 414 1802 447 etinstitutoruni

1065 478 1081 500 a
1107 467 1188 501 Sede
1227 468 1412 511 Apostoliea
1449 466 1737 507 confirmatorum!
1766 467 1804 499 de

1065 521 1229 564 praesenti
1257 521 1406 554 emittant
1423 548 1430 560 ,
1456 521 1583 564 aliaque
1614 520 1805 563 multiplicia

1042 579 1161 617 ¹atque
1199 574 1339 617 insignia
1375 574 1505 617 pietatis
1543 579 1575 606 et
1609 573 1805 606 christianae

1066 627 1235 660 charitatis
1262 638 1362 671 opera
1387 637 1462 669 erga
1487 637 1648 670 pauperes
1674 631 1704 659 ct
1730 637 1807 660 eon-

1066 682 1264 714 valescentes
1291 681 1321 713 in
1348 691 1459 714 eorum
1496 679 1715 723 hospitalibus
1753 679 1807 712 de-

1067 739 1180 777 gentes
1202 744 1267 767 non
1285 733 1353 767 sine
1375 732 1535 776 spirituali
1554 733 1734 765 animarum
1756 731 1807 764 be-

1066 787 1182 821 neficio
1209 786 1413 820 exercuerint
1437 791 1469 819 et
1494 786 1525 818 in
1553 785 1621 818 dies
1654 795 1807 818 exercerc

1067 851 1131 874 non
1157 841 1323 881 desinant;
1345 845 1380 873 ut
1404 846 1511 873 autern
1534 839 1588 872 illa
1606 849 1737 882 semper
1753 838 1808 870 im-

1067 894 1198 937 pensius
1228 899 1259 928 et
1296 893 1449 926 indefessi
1483 894 1602 926 obeant
1635 897 1666 926 et
1699 892 1805 925 conti-

1068 953 1192 988 nuent,
1220 947 1289 991 ipse
1316 947 1451 980 Michael
1489 946 1663 990 plurimum
1701 946 1809 989 cupiat

1068 1000 1185 1043 gratias
1211 1005 1241 1033 et
1260 999 1428 1044 privilegia
1449 999 1605 1032 Ordinuni
1625 999 1809 1031 Mendican-

1069 1054 1148 1086 tium
1171 1059 1201 1087 et
1219 1053 1487 1096 Congregationis
1503 1053 1697 1086 clericorum
1714 1063 1809 1094 regu-

1069 1107 1184 1140 larium
1200 1106 1450 1140 Ministrantiun]
1462 1106 1611 1146 infirmis,
1628 1117 1709 1150 quae
1727 1106 1807 1138 alias

1069 1161 1265 1193 recolendae
1291 1160 1470 1193 memoriae
1489 1159 1638 1192 Urbanus
1656 1159 1714 1192 PP.
1734 1158 1808 1200 vlit,

1068 1214 1304 1256 praedecessor
1321 1212 1442 1257 pariter
1460 1218 1581 1252 noster,
1600 1211 1711 1245 Ordini
1733 1218 1809 1245 tunc

1069 1266 1319 1310 Congregationi
1340 1271 1543 1310 nuncupatae
1564 1266 1695 1298 fratrum
1714 1265 1743 1298 S.
1762 1266 1808 1299 Io-

1069 1321 1161 1354 annis
1187 1321 1241 1354 Dei
1278 1320 1528 1354 communicavit.
1561 1325 1592 1352 et
1618 1320 1806 1361 concessit,

1070 1386 1191 1419 nosque
1217 1374 1356 1407 subinde
1374 1401 1381 1415 ‚
1414 1384 1532 1416 nempe
1559 1373 1609 1406 die
1635 1383 1693 1406 xxv
1731 1373 1809 1405 iunii

1069 1439 1188 1468 MDCCI,
1216 1439 1275 1472 per
1300 1427 1454 1472 quasdam
1485 1432 1613 1460 nostras
1648 1427 1679 1459 in
1713 1426 1809 1460 simili

1069 1482 1181 1516 itidem
1207 1482 1308 1515 forma
1335 1481 1446 1515 Brevis
1472 1481 1614 1524 desuper
1643 1481 1810 1523 expeditas

1070 1536 1208 1575 litteras,
1234 1536 1273 1568 ad
1310 1534 1607 1578 Congregationein
1634 1533 1809 1566 Charitatis

1070 1589 1129 1622 sub
1144 1589 1237 1622 titulo
1255 1588 1286 1622 S.
1307 1587 1473 1632 llyppoliti
1490 1588 1637 1630 martyris
1652 1587 1684 1619 in
1702 1587 1811 1625 indiis,

1071 1643 1131 1675 suh
1146 1642 1242 1675 certis
1264 1642 1360 1674 modo
1381 1646 1411 1674 ct
1429 1638 1528 1674 fornia
1549 1646 1623 1672 tunc
1638 1640 1811 1683 expressis,

1071 1696 1299 1736 extendimus,
1335 1695 1521 1738 praedictae
1559 1694 1809 1737 Congregationi

1072 1750 1204 1782 fratrum
1228 1749 1497 1782 Bcthlcmitarum
1523 1748 1677 1791 illiusque
1705 1747 1811 1780 fratri-

1071 1804 1130 1836 bus
1155 1808 1187 1836 et
1211 1803 1290 1836 locis
1315 1813 1331 1834 a
1356 1801 1450 1835 nobis
1476 1801 1598 1845 pariter
1635 1801 1812 1834 communi-

1072 1856 1136 1889 cari
1163 1862 1194 1889 et
1219 1855 1368 1889 concedi:

1117 1910 1131 1953 ἓ
1165 1910 1196 1942 ⁶2.
1222 1909 1303 1949 Nos,
1338 1909 1485 1942 eamden]
1519 1908 1811 1951 Congregationeni

1074 2017 1225 2049 instituta
1250 2016 1422 2049 confovere
1449 2021 1481 2047 et
1516 2025 1709 2058 promovere
1730 2042 1737 2056 ‚
1777 2025 1812 2048 ac

1075 2069 1210 2113 proinde
1236 2069 1355 2102 dictum
1387 2068 1574 2101 Michaeleui
1610 2072 1640 2100 et
1677 2067 1814 2100 dilectos

1075 2123 1158 2156 filios
1186 2122 1300 2155 fratres
1327 2121 1595 2164 Congregationis
1627 2120 1815 2154 huiusmodi

1076 2175 1272 2220 specialibus
1300 2174 1463 2208 favoribus
1482 2180 1514 2207 et
1531 2175 1641 2218 gratiis
1660 2174 1815 2218 prosequi

1076 2230 1234 2269 volentes,
1261 2234 1292 2261 et
1317 2238 1428 2261 eorum
1456 2227 1599 2270 singulas
1621 2238 1778 2271 personas
1800 2238 1817 2260 a

1077 2282 1239 2326 quibusvis
1279 2280 1651 2321 excommunicationis‚
1683 2291 1817 2323 suspen·

1077 2336 1177 2369 sionis
1214 2342 1245 2368 et
1274 2335 1460 2374 interdicti,
1494 2334 1632 2377 aliisque
1665 2334 1816 2367 ecclesia-

1079 2389 1167 2422 sticis
1192 2388 1376 2428 sententiis,
1404 2387 1550 2420 censuris
1584 2391 1616 2419 et
1640 2390 1773 2430 poenis,
1799 2397 1816 2418 a

1078 2442 1147 2475 iure
1172 2442 1221 2474 vel
1249 2442 1287 2474 ab
1314 2441 1465 2481 homine,
1497 2440 1607 2483 quavis
1643 2441 1816 2472 occasione

1079 2497 1128 2529 vel
1149 2497 1245 2529 causa
1272 2494 1364 2534 latis,
1387 2495 1412 2527 si
1434 2493 1552 2537 quibus
1576 2493 1818 2536 quomodolibet

1080 2549 1251 2581 innodatae
1270 2547 1425 2587 existunt,
1447 2547 1485 2579 ad
1505 2546 1652 2579 effectum
1672 2555 1819 2589 praesen-

1081 2602 1159 2635 tium
1195 2601 1359 2635 dumtaxat
1384 2600 1668 2643 comequendum,
1703 2599 1818 2632 haruin

1697 197 1760 231 299
1808 205 1858 232 An.
1877 204 1905 232 c.
1929 204 1994 233 1707

1865 1915 2010 1936 Communica-

1074 1964 1206 1996 fratrum
1247 1961 1518 1995 Bethleinitaruui
1557 1966 1588 1994 et
1627 1961 1680 2004 pia
1722 1943 2012 1995 itliusrtnnssfis‘iiia'ssissss

1827 2002 1879 2016 runi,

1824 1943 1852 1962 tiu
