2269 3203
85 215 138 244 An.
161 216 190 243 C.
213 215 282 244 ¹702

113 2433 224 2457 Decretum
239 2441 271 2458 r·-

86 2462 157 2483 fertur.

280 264 329 298 dis
356 271 387 300 et
411 265 594 300 humilitate
620 265 753 310 spiritus
779 264 927 298 instituta
948 265 1026 298 suis-

280 325 341 359 set,
367 319 484 354 fratres
509 319 656 353 eiusdem
684 318 953 362 Congregationis
987 318 1025 350 ab

280 373 354 417 ipso
380 374 466 407 illius
491 373 674 417 primordio
699 373 850 406 omnibus
872 372 1025 415 gradibus

280 426 556 467 baccalaureatus,
582 426 828 470 praedicaturae
863 424 1026 468 generalis

281 484 313 512 et
337 480 515 523 magisterii
535 480 820 520 renunciaverant,
848 484 878 512 et
901 478 933 511 in
958 488 1026 511 sus-

280 538 376 576 cepto
402 533 568 577 proposito
594 533 795 573 huiusmodi,
822 532 1026 576 praedicato-

279 596 351 619 rum
377 592 408 619 et
431 587 588 620 lectorum
617 586 719 619 titulis
754 586 920 619 dumtaxat
950 595 1026 618 con-

281 639 373 680 tenti,
399 649 416 672 a
443 645 574 673 centum
599 639 729 673 circiter
760 639 853 672 annis
876 648 1026 682 perseve-

280 698 452 734 raverant;
487 693 635 736 adeoque
672 692 734 736 ipsi
771 691 1024 736 Congregationi

280 745 502 779 denominatio
540 746 715 779 strictioris
747 745 972 779 observantiae
1007 755 1025 778 a

279 800 443 842 magistris
464 800 672 843 generalibus
706 799 782 833 dicti
807 799 938 833 Ordinis
963 810 1024 842 pro

279 858 427 896 tempore
439 853 651 887 existentibus
670 853 832 893 attributa,
848 858 888 893 et,
900 856 1024 887 attento

279 907 367 950 quod
391 907 637 951 praedicatores
663 913 696 940 et
719 908 860 940 lectores
882 906 1024 940 actuales

279 960 370 994 nullo
385 961 559 1004 privilegio
576 962 729 1005 nullaque
755 960 906 1004 specifica
921 971 1026 994 exem-

278 1014 393 1058 ptione
429 1015 648 1058 potiebantur,
683 1020 714 1048 et
746 1014 864 1048 ceteris
894 1020 958 1047 tam
992 1013 1025 1046 in

279 1067 366 1101 victu
392 1079 489 1112 quam
514 1069 548 1102 in
574 1069 691 1102 vestitu
726 1067 1024 1108 conformabantur,

279 1122 435 1165 specialia
465 1122 639 1166 privilegia
668 1133 686 1156 a
719 1122 873 1156 Romanis
896 1121 1026 1155 Pontifi-

279 1175 370 1209 cibus
389 1176 700 1220 praedecessoribus
724 1177 844 1210 nostris
869 1187 1026 1210 concessa

278 1230 432 1271 fuerant;
460 1235 492 1264 et
517 1230 549 1263 in
570 1231 687 1264 eadem
720 1230 924 1274 expositione
950 1230 1025 1263 sub-

278 1283 389 1316 iuncto
419 1283 505 1326 quod
542 1284 652 1327 plures
687 1289 798 1327 patres
837 1283 1025 1327 provinciae

278 1336 356 1370 dicti
381 1337 476 1380 regni
493 1337 699 1381 Neapolitani
716 1337 845 1371 Ordinis
866 1338 1024 1381 praedicti

278 1390 318 1423 ad
344 1397 522 1424 conventus
556 1391 738 1429 studiorum
775 1392 920 1425 eiusdem
945 1391 1025 1425 Con-

278 1443 492 1487 gregafionis,
519 1449 555 1477 ut
580 1445 611 1477 in
636 1444 702 1478 illis
727 1446 868 1478 lecturas
895 1455 1025 1479 exerce-

278 1504 369 1538 rent,
390 1508 588 1542 cursumque
621 1509 714 1532 suum
736 1499 964 1539 absolverent,
993 1504 1025 1532 et

278 1551 325 1584 sic
349 1551 469 1594 gradus
491 1552 704 1586 scholasticos
723 1552 762 1585 ab
781 1553 828 1585 eis
853 1553 892 1586 ad
911 1553 1023 1586 solitas

279 1615 391 1638 eorum
417 1605 642 1650 exemptiones
667 1606 864 1639 obtinendas
888 1617 1024 1650 magno-

277 1665 357 1701 pere
380 1657 582 1692 desideratos
603 1664 897 1703 consequerentur,
913 1660 1023 1694 venire

278 1712 389 1745 multis
424 1711 531 1745 modis
571 1712 729 1747 instantes
766 1719 1025 1757 procuraverant

279 1770 311 1798 et
334 1765 442 1798 adhuc
462 1766 705 1809 procurabant·‚
733 1767 864 1800 illorum
888 1778 965 1801 vero
991 1767 1023 1800 in

278 1817 374 1851 dictis
400 1818 613 1852 conventibus
634 1820 858 1861 commoratio,
879 1831 950 1854 cum
967 1821 1024 1854 ob-

278 1871 428 1914 sequium
454 1871 515 1905 sibi
538 1872 688 1906 exhiberi
713 1872 867 1913 vellent,¹
889 1874 973 1907 victu
992 1880 1024 1908 et

277 1926 393 1958 vestitu
430 1926 595 1959 communi
621 1926 765 1960 contenti
798 1932 930 1968 essent,
955 1938 1022 1960 ma-

278 1987 377 2021 gnum
393 1978 617 2013 observantiae
632 1980 775 2022 regulari
791 1980 1022 2013 detrimentum

278 2032 418 2066 allatura
454 2038 546 2074 erat;
588 2045 624 2066 ac
661 2034 801 2077 proinde
837 2034 1022 2077 praedictae

278 2085 493 2119 cardinalium
511 2085 766 2130 Congregationi
788 2087 968 2130 supplicato
988 2093 1023 2121 ut

278 2138 385 2172 dictae
417 2139 643 2173 observantiae
677 2140 839 2184 regularis
879 2152 1018 2174 conser-

277 2193 397 2226 vationi
418 2192 452 2226 in
478 2194 540 2227 hac
566 2200 658 2236 parte
677 2195 849 2228 consulere
875 2195 1023 2237 dignare-

277 2250 346 2279 tur:
374 2247 535 2280 emanavit
556 2248 595 2280 ab
622 2248 735 2282 eadem
761 2248 1021 2291 Congregatione

279 2299 492 2333 cardinalium
514 2301 682 2335 decretum
699 2301 823 2336 tenoris
844 2301 898 2345 qui
918 2302 1022 2346 sequi-

279 2356 340 2393 tur,
364 2353 540 2388 videlicet:

316 2416 407 2450 sacra
439 2420 632 2460 Congregatio
663 2422 964 2454 eminentissimorum
993 2428 1021 2454 et

281 2469 592 2501 reverendissimorum
608 2473 638 2501 S.
656 2471 691 2502 R.
709 2472 741 2502 E.
759 2473 951 2503 cardinalium
973 2483 1022 2504 ne-

281 2516 368 2554 gotiis
400 2521 428 2547 et
458 2518 721 2551 consultationibus
754 2521 960 2561 episcoporum
993 2526 1022 2552 et

279 2563 459 2603 regularium
480 2569 656 2607 praeposita,
680 2569 778 2600 audito
806 2574 888 2610 patre
919 2579 1022 2611 procu-

316 2624 328 2650 1
350 2621 459 2651 videtur
478 2623 572 2654 deesse
591 2627 725 2662 particula
744 2635 796 2656 nee
815 2631 853 2665 (a.
875 2630 924 2665 T.)-

909 215 1032 240 CLEMEN
1038 214 1053 240 S
1080 214 1112 239 xl
1136 215 1184 240 1³1³.

1071 268 1167 294 ratore
1188 263 1318 302 generali
1340 263 1470 302 Ordinis,
1487 268 1515 294 et
1533 265 1654 295 attentis
1676 266 1816 304 narratis,

1070 313 1185 343 censuit
1216 322 1249 343 ac
1278 313 1456 352 declaravit,
1480 313 1628 350 lecturas,
1652 314 1687 344 de
1711 314 1817 354 quibus

1069 362 1180 400 agitur,
1205 372 1262 392 non
1287 362 1444 400 sum-agari
1473 372 1525 402 pro
1553 363 1703 402 gradibus,
1730 368 1758 394 et
1779 364 1818 394 le-

1069 416 1163 441 ctores
1186 412 1229 441 uti
1253 411 1362 442 debere
1385 412 1489 442 vestitu
1514 417 1542 442 et
1558 412 1647 451 victu,
1663 413 1748 443 sicuti
1772 423 1818 444 ce-

1070 460 1124 489 teri
1140 460 1282 499 religiosi.
1302 462 1477 499 Romae‚xv1
1494 461 1659 491 decembris
1674 471 1815 493 mucor.—

1069 508 1102 539 G.
1121 510 1201 539 card.
1219 511 1401 540 Oanrmans.
1418 510 1485 540 Loco
1501 513 1518 548 †
1536 511 1633 550 sigilli.
1659 511 1680 541 1.
1699 511 1730 541 D.
1748 511 1817 542 Gnt-

1068 567 1192 589 MALDUS.

1113 637 1127 680 g
1153 636 1184 670 2.
1213 636 1290 670 Cum
1318 642 1436 676 autem,
1454 637 1537 670 sicut
1564 636 1640 671 dicti
1667 638 1758 681 prior
1782 643 1813 672 et

1070 689 1187 722 fratres
1223 690 1318 723 nobis
1357 701 1463 733 nuper
1498 691 1616 735 exponi
1655 691 1811 733 fecerunt,

1069 743 1130 785 ipsi
1162 743 1329 776 decretum
1357 744 1567 785 huiusmodi,
1602 755 1666 788 quo
1689 745 1812 778 firmius

1069 797 1223 830 subsistat
1248 803 1278 831 et
1302 804 1447 831 servetur
1476 799 1637 839 exactius,
1662 799 1813 843 apostoli-

1069 861 1125 884 cae
1165 851 1423 885 confirmationis
1459 857 1588 885 nostrae
1627 852 1811 896 patrocinio

1069 904 1264 937 communim'
1284 916 1493 950 summopere
1512 906 1720 940 desiderent:
1740 917 1810 947 nos,

1069 957 1158 1002 ipsos
1189 965 1390 1004 exponentes
1420 961 1618 1004 specialibus
1648 961 1811 995 favoribus

1069 1018 1100 1046 et
1131 1013 1242 1056 gratiis
1269 1014 1426 1058 prosequi
1452 1014 1614 1055 volentes,
1643 1019 1675 1048 et
1699 1014 1812 1049 eorum

1069 1066 1252 1109 singulares
1278 1077 1436 1111 personas
1462 1079 1479 1100 a
1497 1068 1664 1112 quibusvis
1682 1078 1809 1102 excom-

1069 1119 1306 1159 municationis,
1334 1121 1558 1164 suspensionis
1584 1127 1615 1154 et
1636 1122 1810 1162 interdicti,

1069 1173 1205 1217 aliisque
1223 1175 1448 1208 ecclesiasticis
1467 1176 1649 1215 sententiis,
1666 1177 1811 1210 censuris

1069 1233 1100 1260 et
1124 1229 1251 1271 poenis,
1278 1239 1295 1261 a
1321 1229 1389 1262 iure
1409 1229 1457 1262 vel
1479 1230 1518 1262 ab
1537 1229 1678 1269 homine,
1698 1229 1810 1274 quavis

1069 1282 1244 1315 occasione
1262 1283 1311 1315 vel
1337 1285 1434 1315 causa
1450 1283 1536 1323 latis,
1556 1283 1580 1315 si
1600 1283 1716 1326 quibus
1736 1294 1812 1327 quo·

1069 1335 1249 1368 modolibet
1283 1335 1460 1369 innodatae
1498 1335 1648 1377 existunt,
1675 1337 1714 1370 ad
1741 1336 1812 1370 esse·

1069 1395 1155 1422 ctum
1173 1390 1393 1433 praesentium
1419 1390 1585 1423 dumtaxat
1605 1401 1820 1435 consequen*

1069 1443 1154 1483 dum,
1174 1443 1290 1476 harum
1315 1443 1400 1476 serie
1426 1443 1634 1477 absolventes
1661 1449 1692 1477 et
1716 1444 1812 1478 abso-

1069 1497 1152 1530 lutas
1191 1497 1259 1530 fore
1296 1501 1479 1538 censentes,
1514 1498 1810 1541 supplicationibus

1069 1561 1179 1584 eorum
1205 1550 1337 1583 nomine
1359 1550 1452 1584 nobis
1470 1561 1569 1594 super
1586 1551 1650 1585 hoc
1676 1551 1810 1585 humili-

1069 1609 1116 1637 ter
1140 1604 1299 1647 porrectis
1320 1604 1477 1647 inclinati,
1495 1604 1661 1638 decretum
1682 1605 1810 1648 praein-

1068 1662 1201 1699 sertum‚
1229 1658 1421 1691 auctoritate
1460 1658 1658 1702 apostolica,
1693 1664 1809 1692 tenore

1067 1710 1306 1755 praesentium,
1333 1711 1553 1754 approbamus
1583 1717 1614 1745 et
1639 1711 1811 1746 confirma·

1068 1775 1146 1805 mus,
1173 1764 1287 1808 illique
1312 1764 1509 1798 inviolabilis
1536 1765 1734 1809 apostolicae
1758 1764 1810 1798 fir-

1067 1818 1185 1851 mitatis
1219 1818 1320 1851 robur
1352 1818 1546 1859 adiici1nus;
1585 1819 1672 1852 salva
1701 1824 1809 1852 tamen

1068 1883 1200 1916 semper
1226 1873 1259 1906 in
1285 1873 1475 1916 praemissis
1502 1873 1696 1906 auctoritate
1714 1884 1810 1917 prae-

1068 1926 1172 1959 dictae
1198 1926 1467 1968 Congregationis
1489 1926 1716 1959 cardinalium.

1111 1980 1125 2023 ἓ,
1149 1980 1181 2013 3.
1208 1979 1439 2019 Decernentes,
1459 1980 1589 2012 easdem
1615 1985 1807 2023 praesentes

1067 2033 1188 2066 litteras
1213 2044 1344 2077 semper
1362 2033 1479 2073 sirmas
1500 2033 1620 2067 validas
1647 2040 1678 2067 et
1702 2034 1808 2068 effica-

1067 2097 1119 2119 ces
1154 2087 1295 2119 existere
1321 2091 1353 2119 et
1378 2086 1456 2127 sore,
1475 2096 1620 2130 suosque
1638 2087 1806 2133 plenarios

1067 2145 1098 2172 et
1119 2139 1264 2182 integros
1283 2138 1416 2172 effectus
1443 2140 1554 2172 sortiri
1584 2144 1616 2172 et
1645 2141 1806 2182 obtinere,

1066 2203 1102 2226 ac
1118 2193 1195 2233 illis,
1214 2193 1253 2226 ad
1273 2203 1353 2236 quos
1371 2198 1494 2236 spectat
1512 2197 1545 2226 et
1569 2203 1630 2236 pro
1655 2198 1806 2237 tempore

1065 2247 1340 2290 quandocumque
1359 2247 1534 2290 spectabit,
1554 2246 1586 2279 in
1605 2247 1756 2280 omnibus
1774 2252 1807 2281 et

1066 2311 1123 2344 per
1148 2300 1255 2333 omnia
1280 2300 1473 2343 plenissime
1498 2299 1680 2343 suffragari,
1702 2306 1734 2333 et
1765 2300 1805 2334 ab

1065 2354 1111 2387 eis
1138 2353 1320 2397 respective
1348 2353 1587 2386 inviolabiliter
1618 2353 1805 2395 observari,

1065 2408 1177 2451 sicque
1213 2407 1245 2440 in
1282 2407 1471 2450 praemissis
1500 2417 1560 2450 per
1584 2417 1804 2452 quoscumque

1065 2460 1189 2494 iudices
1222 2459 1404 2493 ordinarios
1438 2465 1470 2493 et
1502 2461 1684 2503 delegatos,
1707 2461 1804 2494 etiarn

1065 2524 1234 2548 causarum
1252 2513 1362 2557 palatii
1380 2513 1551 2556 apostolici
1564 2513 1740 2555 auditores,
1755 2514 1804 2547 iu-

1066 2567 1168 2601 dicari
1194 2572 1226 2601 et
1251 2566 1378 2600 definiri
1405 2567 1539 2607 debere,
1567 2577 1602 2600 ac
1627 2566 1753 2599 irritum
1771 2572 1803 2600 et

1065 2620 1171 2663 inane,
1193 2620 1220 2654 si
1246 2631 1340 2654 secus
1365 2631 1466 2664 super
1498 2620 1549 2654 his
1574 2631 1592 2653 a
1624 2630 1799 2663 quoquam,

1736 208 1779 243 77
1826 217 1876 246 An.
1891 217 1920 246 c.
1944 218 2013 247 ¹702

1851 652 1997 677 confirmatur.

1846 1985 1967 2007 Clausulas.
