2269 3203
874 228 1016 252 CLEMENS

258 278 345 309 tertio
369 279 470 309 moniti
494 287 550 308 non
574 287 604 308 sc
627 277 786 316 corrigant,
803 287 816 307 a
835 276 930 307 studio
955 286 998 306 re-

258 332 439 358 moveantur.
454 327 485 357 ln
509 327 686 366 quotidianis
709 330 803 355 autem
826 325 998 365 disputatio-

256 375 354 411 nibus,
391 381 543 415 pcstquam
567 384 581 404 a
606 374 790 405 studentibus
822 374 930 413 aliquid
963 374 997 403 de

256 424 374 462 scriptis
408 423 563 462 repetitum
598 423 696 459 suerit,
720 423 776 452 duo
810 426 998 461 argumenta-

255 472 385 507 buntur;
409 476 533 510 arguent
555 477 653 502 autem
678 472 772 511 primo
795 471 857 501 loco
879 472 998 501 staden-

255 526 297 550 tes
319 521 449 551 eiusdem
473 522 587 559 elassis,
616 521 720 551 deinde
745 521 889 560 replicare
919 524 998 560 pote-

254 574 323 600 runt
356 570 507 600 studentes
539 570 700 610 superioris
733 570 845 599 classis.
869 569 949 604 Quod
974 569 997 598 si

253 618 303 657 qui
319 619 393 649 ultra
411 619 571 649 triennium
590 620 750 649 manserint
767 620 794 649 iu
812 619 917 648 studiis
934 619 998 648 iuu-

254 667 344 698 tiliter
366 673 394 698 et
426 669 489 698 sine
521 669 619 707 aliquo
652 669 795 707 prosectu,
826 667 997 697 ordinamus

253 717 330 756 quod
353 722 528 747 revocentur
547 727 561 747 a
582 717 689 755 studio,
708 722 735 747 et
752 717 940 746 remittantur
962 716 996 745 ad

253 765 325 796 alios
348 772 520 805 conventus,
545 776 580 796 ne
610 767 715 796 frustra
748 766 872 796 ulterius
901 766 995 795 locum

253 820 395 855 occupent
419 815 554 846 aliorum.

80 876 242 907 mimeram.
294 864 337 894 Ad
361 865 473 895 litteras
501 865 690 895 humaniores
720 865 912 895 addiscendas
942 866 996 895 sra-

56 904 311 951 ss'fflfflfflffflfjgssfflres
335 914 428 944 nostri
462 923 613 953 nunquam
643 914 797 944 mittantur
823 919 903 944 extra
930 923 995 944 con-

57 956 167 978 ⁶⁰'²⁵‘¹”¹³²-
252 967 383 1001 ventum,
408 963 457 993 sed
481 963 606 1002 singulis
626 963 710 993 annis
733 963 924 992 nominentur
946 963 995 1002 qui

251 1011 383 1042 iuniores
406 1012 602 1042 eruditionem
626 1012 758 1042 doceant.
788 1012 858 1041 ltem
881 1012 996 1041 scholae

252 1064 368 1089 nostrae
405 1061 494 1090 nullis
528 1065 644 1100 pateant
679 1060 878 1090 saecularibus
901 1061 935 1090 ad
958 1061 996 1091 le-

252 1108 363 1139 ctiones
377 1109 565 1149 excipiendas
582 1110 626 1139 vel
643 1109 815 1147 audiendas,
832 1109 886 1139 sub
903 1111 994 1148 poena

251 1158 349 1195 gravi3
372 1159 395 1188 si
419 1162 514 1188 tamen
534 1158 562 1187 id
579 1158 778 1188 necessarium
803 1157 948 1188 videbitur
965 1159 993 1187 in

251 1206 351 1246 aliqua
386 1207 548 1246 provincia,
572 1207 751 1246 dispensabit
785 1207 995 1237 reverendissi-

252 1264 317 1284 mus
340 1256 543 1285 consentiente
565 1256 695 1294 capitulo
719 1256 902 1294 provinciali.

290 1304 334 1334 Ad
357 1309 518 1334 conventus
542 1305 704 1334 studiorum
735 1309 775 1334 tot
802 1304 994 1343 assignabun-

252 1358 299 1383 tur
313 1353 382 1384 laici
409 1358 440 1384 ut
463 1353 498 1384 ad
521 1354 617 1384 officia
639 1353 804 1383 communia
829 1354 991 1392 sufficiant,

251 1402 358 1442 quibus
381 1403 505 1443 proinde
526 1402 676 1433 studentes
699 1403 845 1433 ordinarie
868 1413 925 1433 non
946 1413 995 1443 ap-

251 1452 451 1491 plicabuntur.
469 1452 540 1482 Item
564 1453 593 1482 in
617 1452 674 1482 illis
696 1452 865 1482 confessarii
882 1457 910 1482 et
925 1462 992 1483 con-

250 1500 415 1531 cionatores
447 1510 510 1531 esse
543 1500 650 1531 debent
677 1501 830 1531 ordinarii.
854 1501 994 1531 Nolumus

250 1551 327 1579 enim
350 1555 415 1580 actu
435 1550 593 1581 studentes
616 1550 753 1590 operibus
775 1551 922 1581 eiusdem¹
948 1561 993 1580 va-

251 1607 328 1634 care,
353 1599 409 1628 nisi
433 1608 487 1638 pro
510 1601 576 1628 rara
599 1604 627 1629 et
657 1603 780 1638 urgente
809 1599 993 1638 necessitate,

251 1646 296 1676 vel
321 1656 372 1686 pro
394 1647 474 1677 brevi
495 1648 705 1678 exercitatione
727 1657 800 1687 quae
824 1648 918 1678 studia
937 1658 992 1678 non

252 1696 401 1736 impediat.
420 1696 528 1726 Omnes
552 1702 647 1726 tamen
671 1701 700 1726 et
716 1697 822 1735 singuli
845 1697 995 1727 studentes

253 1749 312 1774 tam
342 1745 377 1774 ad
399 1745 531 1784 publicas
554 1755 641 1784 quam
664 1746 698 1775 ad
722 1747 849 1784 privatas
879 1755 993 1785 proces-

252 1794 349 1824 siones
371 1794 414 1824 ire
437 1800 592 1824 teneantur
617 1794 671 1824 sub
693 1797 785 1833 poena
809 1796 901 1833 gravi.

293 1843 364 1873 Item
379 1852 480 1873 omnes
498 1853 554 1873 non
568 1843 733 1873 sacerdotes
745 1843 833 1873 semel
844 1844 874 1873 in
887 1843 995 1873 hebdo-

254 1891 338 1922 mada
360 1901 472 1922 sacram
496 1892 709 1922 Eucharistiam
737 1902 852 1922 sumere
876 1897 995 1922 tenean-

255 1945 317 1977 tur3
341 1940 465 1979 singulis
495 1950 610 1980 quoque
639 1941 724 1970 annis
748 1945 862 1980 petant,
887 1945 912 1970 et
936 1941 994 1970 illis

253 1990 430 2020 concedatur
452 2000 504 2030 per
526 1990 639 2030 aliquot
661 1991 723 2020 dies
746 1991 775 2020 in
798 1990 912 2020 cellulis
934 1991 995 2021 suis

253 2038 541 2075 solitudini,silentio
555 2044 582 2069 et
595 2039 694 2078 pietati
709 2048 809 2068 vacare
822 2040 993 2069 ferventius,

293 2087 396 2117 Nullus
418 2087 447 2117 in
471 2092 619 2127 posterum
649 2088 818 2117 instituatur
845 2089 993 2126 magister,

254 2141 468 2176 praesentatus,
501 2137 709 2167 baccalaureus
742 2137 787 2166 vel
821 2138 921 2175 lector,
945 2138 993 2176 qui

59 227 108 256 Αη.
125 226 154 257 C.
176 228 239 257 1711

77 1315 107 1336 ne
118 1315 184 1339 laici-⁴,
193 1321 241 1335 roa-

57 1342 151 1362 nassau-iis
161 1345 181 1362 et
193 1348 240 1362 cun-

56 1368 207 1389 ciunatoribuz.

110 1857 140 1878 De
157 1858 242 1884 rietatis

58 1885 163 1910 operiam.

100 2099 164 2120 Nemo
185 2100 244 2120 iuzti-

57 2129 129 2147 hiatur
139 2127 159 2146 in
172 2126 244 2151 gradi-

58 2153 98 2172 bus
125 2158 150 2172 ex
174 2154 243 2178 gratia

59 2180 91 2199 »et
105 2180 168 2199 saltu.

254 2234 368 2264 etiamsi
392 2243 443 2273 per
465 2235 578 2274 aliquot
594 2244 686 2264 annos
703 2235 731 2264 in
749 2234 852 2264 studiis
869 2244 898 2264 se
914 2244 995 2264 exer-

255 2282 370 2319 cuerit;
394 2291 483 2321 super
516 2292 572 2322 quo
605 2292 657 2312 nec
692 2283 797 2322 poterit
827 2283 994 2322 dispensare

255 2331 528 2361 reverendissimus.

95 2389 244 2416 Exprimuntm·

59 2415 196 2441 officiumne
202 2421 244 2435 ma-

59 2442 118 2467 gistri
128 2442 149 2462 in
165 2442 243 2462 theota-

59 2469 94 2493 εῑῤ
143 2469 244 2494 consequi

59 2497 153 2522 possum.
256 2476 412 2514 prioratus,
433 2481 489 2506 tam
512 2477 618 2508 locales
641 2488 726 2518 quam
750 2479 944 2517 provinciales
967 2483 993 2508 et

255 2524 418 2563 generales,
442 2535 493 2555 seu
519 2527 737 2566 provinciarum
768 2528 943 2565 visitatores,
966 2532 992 2557 et

256 2574 489 2612 procurationem
512 2573 641 2611 Ordinis,
665 2580 715 2606 aut
737 2577 889 2606 societate:
913 2585 994 2606 reve-

294 2628 301 2653 i
327 2626 414 2652 Potiu:
437 2627 494 2660 iege
515 2627 656 2653 eiusmodi
675 2629 714 2663 (ti.
733 2629 779 2663 1.),

233 2675 247 2685 ι

254 2184 368 2215 dicatur
382 2185 417 2215 de
433 2185 527 2224 gratia
544 2185 714 2224 graduauxs,
734 2195 827 2225 neque
850 2195 882 2215 ex
907 2186 992 2221 saltu,
1015 2190 1016 2198 ¹

294 2379 366 2408 ltem
388 2380 555 2410 ordinamus
578 2381 654 2420 quod
678 2381 809 2419 magistri
834 2382 862 2411 in
886 2382 995 2411 theolo-
1014 2387 1016 2407 t

254 2427 314 2466 gia,
331 2428 407 2458 ultra
423 2430 580 2467 regendas,
598 2430 734 2467 lecturas,
749 2430 992 2468 praedicationes,
1014 2438 1015 2443 ¹

1042 228 1074 252 xi
1100 229 1147 253 1212.
1681 219 1744 253 459
1791 229 1838 256 An.
1855 228 1882 257 c.
1904 229 1969 256 1711

1041 277 1207 308 rendissimi
1231 277 1322 317 patris
1343 278 1489 316 generalis
1511 287 1561 307 seu
1581 279 1778 318 provincialis,

1043 336 1097 356 non
1121 326 1233 366 possint
1255 326 1362 356 habere
1392 326 1445 356 alia
1477 326 1570 356 officia
1595 326 1622 356 in
1650 326 1778 363 Ordine3

1042 385 1134 415 neque
1157 375 1292 411 audeant,
1307 374 1361 404 sub
1378 376 1470 414 poena
1496 375 1667 414 privationis
1689 375 1781 413 digni-

1041 425 1108 454 tatis
1130 429 1157 454 et
1179 424 1286 463 gradus
1309 425 1371 463 ipso
1395 425 1480 461 sacto,
1506 424 1654 462 suscipere
1679 433 1782 462 procu-

1041 473 1175 510 ratorias,
1199 473 1360 510 sacristias,
1378 473 1422 502 vel
1446 473 1611 502 huiusmodi
1634 472 1729 502 officia
1747 474 1782 501 ad

1041 522 1189 561 simplices
1211 522 1316 552 fratres
1338 522 1497 551 attinentes
1522 522 1700 557 immediate,
1725 522 1782 551 nisi

1042 572 1161 601 tortasse
1177 571 1207 601 in
1223 571 1322 611 aliquo
1340 576 1497 609 conventu,
1514 581 1546 601 ex
1564 571 1782 610 dispensatione

1040 620 1130 649 solius
1155 621 1390 650 reverendissimi
1414 621 1505 659 patris
1522 620 1679 658 generalis,
1697 630 1783 660 expe-

1041 669 1116 698 diret
1144 678 1178 698 ex
1207 669 1354 708 magistris
1383 670 1509 708 aliquem
1543 679 1594 708 pro
1621 674 1781 699 conventus

1041 716 1181 747 beneficio
1218 718 1252 747 de
1289 718 1445 757 praedictis
1481 718 1590 758 aliquid
1626 727 1778 755 exercere,

1040 765 1115 805 quod
1138 775 1196 796 non
1218 766 1267 795 fiat
1289 765 1345 795 nisi
1369 766 1397 795 in
1420 776 1488 796 casu
1511 766 1671 796 rarissimo.

1079 814 1183 844 Nullus
1204 814 1295 844 libros
1318 814 1487 853 imprimere
1521 819 1698 854 praesumat,
1724 815 1779 845 insi
1806 820 1932 850 ‚Prohibitio
1947 823 1976 846 ¹5·

1040 864 1074 893 ad
1098 863 1151 893 hoc
1167 864 1316 893 licentiam
1340 868 1366 893 et
1389 863 1628 903 approbationem
1651 848 1975 904 obtineat&isfssilidfmssi

1040 922 1090 952 per
1112 912 1238 952 priorem
1268 913 1446 951 generalem.
1478 917 1526 942 aut
1549 922 1599 952 per
1620 907 1825 952 capitulumvm
1840 902 1934 922 ¹¹“'‘¹¹‘¹³'

1040 962 1186 1001 generale,
1202 961 1255 991 sub
1273 963 1364 1001 poena
1378 962 1551 1001 privationis
1566 961 1684 1000 gradus,
1701 962 1781 992 vocis

1040 1016 1065 1041 et
1089 1011 1166 1045 loci;
1191 1011 1325 1040 volumus
1348 1015 1443 1040 autem
1469 1015 1499 1040 ut
1523 1011 1587 1040 talis
1609 1010 1781 1050 approbatio

1039 1070 1053 1089 a
1078 1060 1322 1090 reverendissimo
1345 1064 1426 1099 patre
1449 1060 1565 1090 Ordinis
1595 1069 1651 1089 non
1682 1060 1779 1097 detur,

1040 1110 1094 1139 nisi
1119 1110 1199 1149 prius
1222 1109 1295 1138 liber
1318 1109 1365 1138 ille
1394 1109 1608 1148 imprimendus
1631 1118 1644 1137 a
1668 1109 1781 1139 (luobus

1040 1159 1187 1197 magistris
1206 1159 1235 1188 in
1260 1158 1418 1196 theologia,
1436 1159 1479 1188 vel
1497 1158 1670 1196 theologiam
1683 1162 1782 1188 actua-

1039 1208 1104 1237 liter
1126 1207 1308 1245 docentibus,
1333 1212 1383 1236 aut
1406 1208 1455 1247 qui
1483 1208 1562 1237 illam
1590 1217 1641 1246 per
1670 1208 1780 1247 aliquot

1039 1266 1130 1286 annos
1153 1256 1319 1293 docuerint,
1343 1256 1377 1285 ad
1400 1256 1428 1285 id
1452 1256 1617 1294 specialiter
1639 1256 1781 1294 deputan-

1038 1306 1093 1343 dis,
1118 1305 1231 1335 revisus
1253 1310 1281 1335 et
1302 1305 1479 1344 approbatus
1502 1306 1600 1334 suerit.

1078 1354 1107 1383 ln
1132 1353 1268 1384 omnibus
1290 1354 1482 1384 conventibus
1504 1353 1652 1384 incumbet
1670 1355 1779 1393 praeci·
1848 1366 1921 1386 Laeuo
1940 1372 1974 1387 ca-

1038 1413 1092 1443 pue
1122 1403 1264 1443 superiori
1295 1402 1433 1441 obligatio
1469 1403 1590 1432 curandi
1619 1407 1650 1432 ut
1677 1402 1721 1432 bis
1748 1394 1975 1440 i11{¹},'¹,.¹¹1¹.;{‘s',[¹c³j⁰0⁵,ss]}¹j

1038 1452 1216 1483 hebdomada
1240 1453 1289 1482 fiat
1312 1453 1397 1482 lectio
1420 1462 1540 1482 casuum
1569 1446 1964 1490 conscientiae,*²¹¹¹⁰¹'00¹¹¹³d³·

1037 1512 1093 1532 non
1120 1507 1213 1532 tamen
1237 1502 1345 1542 scripta
1369 1502 1516 1540 dictando,
1539 1502 1608 1531 sed'
1632 1507 1780 1532 auctorem

1037 1552 1176 1582 selectum
1201 1551 1395 1591 praelegendo
1423 1556 1449 1581 et
1477 1551 1661 1590 explicando,
1692 1551 1779 1580 dubia

1038 1602 1229 1640 proponendo
1246 1605 1274 1630 et.
1296 1600 1500 1636 dissolvendo;
1519 1600 1645 1640 huicque
1662 1600 1779 1629 lectioni

1037 1653 1193 1680 teneantur
1215 1650 1358 1679 interesse
1380 1659 1483 1679 omnes
1505 1649 1671 1678 sacerdotes
1693 1649 1779 1678 ‹·=tiau=

1036 1699 1170 1737 graduali
1194 1699 1324 1737 legitime
1348 1708 1405 1728 non
1429 1699 1574 1738 impediti,
1598 1699 1653 1731 nisi
1677 1708 1690 1727 a
1715 1707 1780 1737 pro-

1038 1749 1155 1778 vinciali
1179 1749 1428 1788 dispensationem
1452 1748 1643 1778 obtinuerint.

1838 1831 1973 1853 Confirmatio

1080 1825 1094 1868 g
1120 1825 1151 1857 2.
1179 1825 1255 1857 Cum
1278 1831 1396 1864 autem,
1415 1825 1496 1857 sicut
1520 1825 1632 1858 eadem
1652 1824 1778 1867 exposi-
1858 1859 1860 1861 ,

1789 1858 1952 1883 praedictorum.

1039 1878 1083 1910 tio
1108 1878 1340 1920 subiungebat,
1367 1877 1520 1910 tollendis
1547 1877 1778 1920 multiplicibus

1015 1931 1282 1964 *confusionibus
1311 1930 1468 1963 hactenns
1502 1930 1651 1969 invectis,
1684 1929 1780 1961 stabi-

1038 1985 1254 2027 liendaeqnae
1293 1984 1437 2016 eiusdem
1473 1983 1602 2016 Ordinis
1644 1983 1778 2026 eiusspie

1015 2047 1016 2055 ¹
1038 2037 1216 2070 studiorum
1237 2043 1266 2069 et
1287 2037 1442 2080 graduum
1462 2036 1580 2069 salubri
1607 2036 1778 2068 directioni

1038 2091 1174 2122 maxime
1202 2090 1362 2133 expediat,
1389 2095 1422 2122 ut,
1446 2089 1647 2133 pracinscrta
1674 2089 1780 2122 deere-

1014 2148 1016 2181 t
1040 2150 1078 2184 ta,
1106 2143 1267 2185 abrogatis
1286 2143 1357 2175 aliis
1376 2153 1433 2186 per
1450 2149 1664 2176 memoratum
1690 2142 1777 2175 loan-

1039 2208 1110 2230 nem
1139 2197 1282 2240 priorem
1305 2198 1504 2239 generalem,
1524 2197 1606 2229 sicut
1628 2197 1778 2239 praemit-

1039 2251 1125 2289 titur,
1161 2250 1269 2289 editis,
1297 2250 1493 2292 apostolicae
1520 2249 1777 2282 confirmationis

1038 2309 1166 2336 nostrae
1185 2302 1350 2346 pracsidio
1369 2303 1572 2335 nnmiantur:
1591 2303 1684 2335 nobis
1703 2314 1778 2346 pro-

1037 2362 1145 2399 pterea
1171 2356 1357 2398 praedictus
1384 2355 1497 2388 Petrus
1522 2355 1662 2388 Thomas
1689 2356 1778 2398 prior

1014 2409 1198 2451 tgeneralis
1230 2408 1395 2441 humiliter
1429 2408 1604 2452 supplicari
1639 2409 1713 2441 feeit
1745 2415 1777 2440 ut

1038 2462 1069 2493 in
1094 2462 1279 2504 praemissis
1304 2467 1488 2504 opportune
1506 2461 1674 2504 providere
1695 2467 1723 2493 et
1744 2467 1778 2492 ut

1014 2507 1016 2519 Α
1037 2514 1119 2546 infra
1137 2514 1308 2557 indulgere
1327 2514 1364 2547 de
1384 2515 1586 2557 benignitate
1600 2514 1776 2557 apostolica

1038 2566 1258 2609 dignaremur.
1287 2566 1349 2600 Nos
1374 2567 1488 2610 igitur,
1518 2567 1620 2610 ipsum
1646 2566 1775 2598 Petrum

1075 2630 1080 2654 l
1106 2628 1174 2655 little
1196 2629 1257 2656 edit,
1282 2629 1359 2655 llitin.
1382 2630 1443 2664 tegit
1467 2639 1513 2655 <ea
1535 2638 1580 2664 pro
1602 2629 1647 2655 seul
1666 2628 1703 2663 (η,
1726 2634 1774 2656 Tm,
