2269 3203
80 239 132 266 An.
149 237 177 265 C.
203 237 269 265 1712

103 1672 261 1694 aauoessnon:

75 1700 136 1720 :andi
146 1701 166 1720 S.
175 1701 261 1721 Fluunt.

905 239 1047 263 CLEMENS

273 293 382 320 rantes
409 288 563 321 iustitiam
589 289 725 331 adeptos
751 298 821 321 esse
840 288 1015 331 repromis-

275 339 393 380 siones,
418 341 487 384 pari
515 340 684 383 religionis
701 340 818 373 ardore
837 340 1016 373 excitentur

274 393 312 425 ad
339 404 498 437 pugnam,
525 404 561 426 ae
592 394 737 426 nitantur
770 393 808 425 ad
838 402 1014 431 eoronam,

274 456 453 489 eorumque
471 447 634 480 intuentes
652 446 770 479 exitum
796 445 1016 478 conversatio-

274 498 324 531 nis
348 499 517 532 imitentur
542 505 574 532 et
599 499 713 539 tidem3
739 499 833 531 simul
851 499 957 537 etiam,
975 508 1015 530 ne

275 552 346 595 quis
372 552 571 585 certantibus
597 551 797 585 diffidentiae
825 557 939 594 torpor
964 551 1017 583 ob-

274 611 388 648 repat,
416 605 446 638 in
481 606 561 649 ipsis
592 616 760 639 servorum
782 615 915 638 suorum
939 615 1016 647 ope-

275 657 382 699 ribus,
409 660 441 691 in
479 659 597 702 quibus
636 658 790 702 proponit
825 657 1014 690 imitationis

274 712 473 755 exemplum,
498 711 713 745 imbecillitati
740 717 871 745 nostrae
897 711 1016 755 praesi-

275 764 363 797 dium
397 770 508 808 parat,
545 775 723 808 eorumque
748 765 880 803 merita,
907 770 1014 797 nostra

274 818 339 850 vult
365 828 436 851 esse
461 817 624 861 sutfragia.
652 818 767 851 Tantas
793 818 940 861 profecto
966 818 1013 850 sui
1036 842 1038 861 ς

273 870 304 903 in
331 881 390 904 nos
414 871 533 904 amoris
564 872 688 904 divitias
713 872 876 904 uberrime
902 870 1013 903 effudit

272 923 438 964 Dominus,
459 935 530 957 eum
556 925 645 957 dedit
670 924 763 957 nobis
788 924 826 957 de
846 923 930 960 Piri*
952 924 1015 956 Ro-

272 976 359 1010 mani
378 977 542 1010 Pontificis
559 978 821 1021 praedecessoris
836 977 937 1011 nostri
957 978 1014 1010 vir-

273 1030 395 1062 tutibus
427 1041 463 1064 ae
494 1031 620 1063 meritis
652 1030 765 1064 laetari
799 1037 830 1063 et
854 1031 1010 1063 exultare.

272 1082 329 1115 Cui
355 1083 441 1116 enim
467 1083 557 1116 dedit
593 1083 811 1116 sacerdotium
844 1094 1010 1126 magnum,

273 1142 308 1169 ut
331 1136 612 1170 haberetlaudem
638 1138 671 1170 in
697 1138 828 1171 nomine
855 1137 967 1180 ipsius,
984 1143 1011 1171 et

273 1200 371 1233 quem
403 1190 509 1224 induit
538 1191 656 1224 virtute
690 1201 726 1223 ex
761 1192 824 1224 alto
858 1197 893 1223 ut
923 1201 1014 1234 prae-

272 1241 386 1274 liaret⁴
412 1242 535 1284 praelia
556 1242 692 1281 Domini,
712 1248 743 1274 et
763 1242 881 1275 virtute
904 1241 1015 1274 irrum-

272 1300 366 1337 peret
395 1295 586 1337 iniquitates
624 1295 724 1328 factus
761 1295 794 1327 in
831 1295 1012 1328 columnam

273 1347 412 1380 ferream
431 1354 462 1381 et
488 1348 520 1380 in
544 1356 670 1381 murum
689 1359 820 1381 aereum
840 1358 898 1391 pro
916 1349 1012 1381 domo
1034 1370 1035 1380 i

271 1400 349 1442 Dei,
377 1401 529 1434 eumdem
551 1401 647 1435 etiam
669 1402 858 1434 translatum
883 1401 922 1434 de
948 1401 1012 1435 hoe

271 1455 404 1488 saeculo
426 1460 459 1488 et
479 1455 580 1498 signis
606 1455 853 1488 admirabilibus
879 1455 1012 1488 illustra-

273 1514 338 1540 tum
363 1508 470 1551 posuit
501 1509 532 1540 in
565 1509 669 1541 lucem
704 1518 740 1541 ae
771 1507 926 1542 laetitiam
957 1519 1014 1551 po-

272 1560 338 1603 puli
363 1561 429 1600 sui,
457 1571 552 1604 quem
577 1567 770 1605 provocaret
795 1562 950 1605 exemplis
976 1573 1011 1596 ac

272 1615 396 1648 foveret
420 1614 555 1648 auxiliis.

316 1668 331 1711 ξ
356 1667 387 1701 1.
414 1667 477 1701 Nos
503 1668 609 1711 igitur,
637 1679 718 1712 quos
745 1669 776 1701 in
802 1669 863 1702 hae
880 1669 1011 1702 sublimi
1032 1666 1034 1703 ἶ

271 1721 473 1764 apostolatus
499 1721 630 1764 specula
661 1721 831 1755 constituit
855 1716 1011 1755 Dominus

271 1780 306 1806 ut
329 1774 568 1807 annunciemus
594 1774 724 1818 populis
752 1775 915 1808 mirabilia
941 1775 1009 1808 eius

273 1833 370 1871 atque
396 1827 435 1860 ad
463 1827 656 1860 currendam
681 1828 764 1860 viam
784 1828 1010 1861 mandatorum

271 1879 373 1923 ipsius
399 1880 658 1913 christifidelium
684 1880 807 1913 animos
822 1881 1008 1921 excitemus,

269 1933 365 1966 officii
391 1933 491 1966 nostri
518 1943 589 1966 esse
612 1933 771 1972 duximus,
800 1939 833 1966 ut
859 1935 1008 1967 eumdem

269 1987 361 2020 Pium
389 1987 426 2027 V,
452 1998 549 2031 quem
576 1998 633 2020 nos
659 1986 764 2020 divina
789 1988 952 2021 fruentem
977 1988 1008 2020 in

268 2041 367 2074 caelis
380 2041 583 2074 heatitudine
599 2041 788 2084 iampridem
807 2042 1008 2081 colebamus,
1030 2055 1031 2060 ¹

269 2094 300 2126 in
326 2094 424 2127 terris
450 2094 555 2136 etiam,
574 2095 766 2128 auctoritate
791 2095 886 2128 nobis
906 2106 923 2128 a
948 2096 1009 2129 Do·
1030 2107 1031 2111 ¹

267 2147 356 2180 mino
382 2147 507 2187 tradita,
534 2147 727 2181 Sanctorum
750 2148 836 2180 fastis
854 2149 1009 2181 solemni-

269 2204 319 2231 ter
343 2199 606 2233 adscriberemus
621 2227 628 2240 ,
657 2206 752 2243 atque
790 2200 834 2233 ita
858 2201 1009 2234 universa

269 2251 388 2286 Christi
413 2252 557 2285 Ecclesia
582 2253 667 2286 inter
688 2253 742 2296 pia
768 2253 884 2296 gaudia
909 2254 1007 2287 Deum

268 2305 471 2347 praedicaret
505 2305 685 2339 mirabilem
711 2305 744 2338 in
771 2306 890 2340 sanctis
922 2308 1006 2347 suis,

270 2362 443 2400 tantaeque
468 2358 598 2402 pietatis
615 2359 824 2393 incitamento
850 2370 885 2392 ac
910 2362 1009 2394 tutela

270 2409 457 2451 proficeret.
485 2411 596 2454 Neque
632 2413 720 2445 enim
754 2413 823 2446 sine
849 2414 1007 2456 peculiari

269 2462 397 2495 divinae
422 2464 644 2506 providentiae
669 2466 809 2499 consilio
830 2468 1006 2510 contigisse

269 2515 478 2557 arbitramur,
503 2523 538 2550 ut
562 2529 600 2552 eo
625 2520 721 2562 plane
749 2526 916 2564 tempore,
944 2533 1007 2565 quo

269 2568 471 2603 orthodoxae
484 2570 634 2612 religioni
653 2577 699 2605 tot
712 2572 752 2605 ab
769 2574 837 2605 eius
858 2574 1006 2607 hostibus

304 2633 316 2659 1
340 2631 440 2659 Vocem
452 2631 616 2667 praeliaret
636 2641 685 2661 nos
700 2633 828 2663 addimus
848 2636 887 2671 (a.
905 2636 953 2671 12).

1073 240 1105 263 xi
1129 240 1177 264 rr.

1060 290 1279 332 undequaque
1297 295 1466 322 struuntur
1492 290 1640 329 insidiae,
1667 301 1730 332 quo
1753 301 1801 322 sa-

1060 352 1188 374 crorum
1224 352 1384 375 canonum
1418 343 1568 375 salutaris
1598 352 1711 374 norma
1737 347 1798 374 tam

1037 437 1039 441 .
1061 394 1268 437 impudenter
1293 396 1520 433 contemnitur,
1541 405 1603 438 quo
1622 394 1798 427 turbulenti

1037 449 1039 480 l
1061 447 1222 488 homines,
1245 449 1397 481 continua
1425 449 1603 481 novitatum
1630 448 1798 490 prurigine

1061 501 1256 541 laborantes,
1274 502 1441 535 damnatos
1457 502 1577 534 dudum
1592 512 1719 534 errores
1730 501 1801 533 sul)-

1061 554 1143 586 ‹lolis
1168 555 1290 587 artibus
1315 556 1496 587 instaurare
1530 560 1696 593 conantur,
1724 564 1797 597 quo,

1037 608 1245 646 {abundante
1286 608 1454 651 nequitia,
1482 607 1649 640 christiani
1685 607 1797 650 populi

1060 660 1200 693 ebaritas
1226 661 1402 704 plurimum
1429 661 1620 703 refrigeseit,
1648 670 1712 703 quo
1735 670 1800 692 sae-

1037 741 1038 754 ,
1060 714 1122 747 culi
1149 720 1326 757 potestates
1349 725 1430 747 nova
1456 714 1485 746 in
1505 715 1575 747 dies
1597 715 1732 747 vulnera
1750 724 1800 746 ec-

1036 760 1038 776 ”
1059 767 1256 800 clesiasticae
1281 768 1419 801 libertati
1454 768 1573 801 inferre
1599 768 1798 807 moliuntur,

1060 831 1124 863 quo
1151 821 1282 853 demum
1310 831 1461 864 suprema
1494 821 1573 854 liaeo
1602 821 1688 853 beati
1715 820 1797 853 Petri

1036 874 1158 923 {Sedes
1184 880 1228 907 tot
1255 875 1462 907 contumeliis
1489 879 1519 907 et
1546 873 1672 906 iniuriis
1692 874 1799 917 palam

1059 926 1218 964 afficitur,
1247 927 1273 959 is
1300 927 1445 960 Pontifex
1472 927 1504 958 in
1529 926 1717 959 Sanctorum
1746 927 1796 958 al-

1060 980 1134 1012 bum
1168 981 1367 1019 referretur,
1394 982 1542 1024 adeoque
1579 985 1709 1012 nostrae
1734 989 1799 1012 non

1059 1033 1163 1066 minus
1189 1045 1284 1077 quam
1311 1035 1538 1077 episcoporum
1567 1034 1711 1067 omnium
1734 1033 1800 1065 imi-

1060 1087 1170 1119 tationi
1198 1094 1461 1130 proponeretur,
1487 1088 1517 1119 in
1545 1098 1609 1130 quo
1641 1086 1700 1118 fuit
1726 1087 1800 1119 reli-

1058 1139 1163 1181 gionis
1179 1141 1410 1183 propagandae
1427 1145 1625 1183 perpetuum
1643 1139 1796 1178 studium,

1059 1192 1089 1225 in
1109 1193 1331 1226 ecelesiastica
1349 1193 1521 1236 disciplina
1539 1193 1740 1226 restituenda
1753 1192 1799 1224 in-

1058 1246 1206 1279 defessus
1232 1247 1335 1287 labor,
1355 1247 1387 1279 in
1409 1247 1609 1289 extirpandis
1629 1246 1797 1279 erroribus

1034 1302 1035 1315 ¹
1057 1299 1184 1332 assidua
1210 1299 1387 1342 vigilantia,
1413 1299 1443 1331 in
1470 1299 1674 1332 sublevandis
1700 1308 1799 1341 egen-

1033 1353 1135 1407 ¹tium
1167 1353 1416 1386 necessitatibus
1451 1351 1643 1385 indeficiens
1677 1351 1799 1384 henefi-

1034 1414 1035 1431 1
1057 1407 1172 1445 centia,
1199 1406 1231 1438 in
1257 1406 1347 1439 Sedis
1365 1406 1575 1449 Apostolicae
1595 1404 1717 1437 iuribus
1732 1404 1798 1437 vin-

1058 1459 1204 1493 dicandis
1234 1460 1335 1492 robur
1366 1459 1532 1491 invictum.
1559 1458 1621 1491 Sed
1655 1463 1798 1501 praestat

1057 1512 1119 1544 iarn
1145 1511 1196 1544 liis
1222 1512 1341 1544 nostris
1366 1511 1484 1544 litteris
1512 1511 1667 1543 virtutum
1693 1510 1797 1554 ipsius

1056 1565 1204 1609 vitaeque
1230 1565 1389 1598 rationem
1415 1565 1580 1597 enucleate
1606 1556 1741 1603 referre,
1763 1570 1795 1595 ut

1058 1624 1219 1652 tantorum
1239 1618 1430 1652 meritorum
1449 1617 1604 1650 memoria
1621 1617 1796 1661 apostotici

1056 1671 1152 1704 etiam
1171 1671 1343 1704 ministerii
1362 1671 1464 1704 nostri
1486 1670 1663 1714 praeconio
1688 1680 1724 1703 ac
1751 1676 1796 1702 te-

1055 1725 1210 1758 stimonio
1236 1730 1449 1768 propagetur.

1099 1779 1114 1821 ξ
1139 1778 1170 1811 ⁶2.
1199 1777 1284 1811 Gens
1315 1778 1490 1811 Gliisileria
1520 1778 1738 1821 perantiqua,
1764 1784 1795 1811 et

1054 1833 1215 1874 generosa
1246 1831 1415 1864 nobilitate
1447 1831 1611 1864 Bononiae
1647 1832 1793 1870 illustris,

1054 1890 1151 1927 atque
1167 1884 1274 1917 ordini
1290 1884 1450 1917 senatorio
1465 1885 1636 1927 adscripta,
1652 1885 1794 1917 civilium

1054 1937 1260 1971 dissidiorum
1298 1940 1392 1972 eausa
1418 1939 1451 1970 in
1475 1938 1576 1970 varias
1602 1938 1711 1971 ltaliae
1738 1949 1792 1971 re-

1053 1991 1168 2033 giones
1194 1991 1355 2031 distracta,
1375 1991 1405 2023 in
1429 1991 1552 2034 oppido
1571 1991 1698 2031 Eusebi,
1717 1991 1793 2024 Der-

1055 2044 1198 2077 tonensis
1217 2045 1386 2085 dioecesis,
1408 2045 1493 2087 apud
1516 2044 1666 2078 insubres
1684 2045 1793 2078 sedem

1029 2131 1031 2146 4
1053 2107 1088 2129 ae
1114 2097 1316 2130 domicilium
1347 2098 1477 2141 posuit,
1502 2098 1578 2135 ubi,
1611 2099 1687 2131 licet
1711 2099 1793 2131 avito

1029 2177 1031 2191 2
1053 2151 1256 2184 fortunarum
1281 2151 1459 2194 splendore
1487 2157 1591 2191 exuta,
1613 2152 1725 2195 reique
1750 2153 1794 2185 fa-

1052 2204 1185 2237 miliaris
1211 2204 1400 2238 difficultate
1427 2205 1603 2248 depressa,
1631 2216 1694 2237 non
1722 2206 1795 2238 ulti-

1029 2247 1139 2299 Jmum
1167 2263 1272 2290 tamen
1298 2258 1403 2290 locum
1430 2258 1516 2291 inter
1533 2265 1657 2291 ceteras
1684 2259 1794 2292 lione-

1029 2330 1031 2363 ἰ
1052 2310 1171 2343 stiores
1192 2311 1330 2344 familias
1345 2311 1500 2350 retinens,
1519 2322 1604 2344 anno
1626 2318 1793 2355 reparatae

1052 2363 1167 2395 salutis
1182 2373 1268 2405 univ,
1281 2364 1379 2397 Paulo
1394 2363 1568 2397 Gliisilerio
1583 2370 1613 2397 et
1629 2365 1794 2397 Dominica

1053 2417 1192 2460 Augeria
1218 2418 1422 2460 parentibus,
1448 2418 1652 2458 Micliaiilem‚
1673 2419 1726 2462 qui
1753 2420 1791 2451 ad

1029 2471 1262 2512 ,apostolicam
1295 2470 1413 2503 deinde
1448 2471 1635 2504 cathedram
1661 2477 1790 2504 erectus

1029 2514 1030 2531 ³
1051 2522 1124 2555 Pius
1144 2522 1166 2553 Υ
1188 2527 1232 2557 est
1250 2524 1443 2566 appellatus,
1463 2523 1495 2556 in
1521 2524 1625 2556 lucem
1643 2525 1786 2567 protulit.

1029 2083 1031 2096 l

1096 2576 1110 2617 ξ
1125 2575 1156 2608 3.
1173 2575 1269 2608 Sacro
1283 2577 1538 2620 regenerationis
1553 2577 1680 2610 lavaero
1699 2578 1988 2631 ⁶³⁰¹02222³13⁵s522¹2⁹252

1026 2658 1032 2672 ι
1051 2633 1190 2669 renatus,
1211 2639 1389 2671 generosus
1408 2630 1566 2670 alumnus,
1582 2640 1616 2662 ae
1634 2631 1686 2672 pia
1703 2630 1900 2663 eliri-srednur.

1697 232 1760 266 507
1807 241 1855 268 An.
1874 240 1902 268 c.
1927 240 1992 268 1712

1820 1791 1869 1811 hm<
1885 1793 1991 1811 minitas.
