2269 3203
496 230 560 263 060
1046 238 1220 262 arretinum
1246 238 1396 261 nomivru

454 293 639 325 Adalbertus
672 292 809 335 Ignatius
841 291 1006 324 Bardzinki
1034 301 1098 324 non
1130 290 1233 323 minus
1264 290 1378 323 iniuste
1402 299 1496 333 quam
1523 289 1673 322 violenter
1698 289 1824 332 eligitur
1855 289 1988 323 admini-

540 350 654 378 strator
681 344 932 378 Vladislaviensis
957 343 1107 377 ecclesiae
1124 370 1132 384 ,
1169 342 1234 376 310
1259 344 1292 382 b,
1318 343 1429 376 electio
1465 342 1647 375 huiusmodi
1678 342 1763 375 nulla
1790 342 1989 383 declaratur,

539 397 597 430 311
628 409 646 431 a
673 404 702 430 et
726 408 798 441 seq.;
825 397 933 440 illique
957 396 1145 440 prohibetur
1169 406 1208 428 ne
1232 395 1263 427 in
1289 396 1443 439 regimine
1467 395 1618 429 ecclcsiae
1643 406 1676 428 se
1700 395 1843 437 ingerat,
1869 394 1934 429 3212
1957 407 1988 429 ιι.

451 451 705 484 Administrator.
730 470 773 474 —
798 449 1097 482 Administratorum
1115 448 1319 481 ecclesiarum
1342 448 1530 483 Gnesnensis
1547 453 1576 480 et
1596 447 1845 480 vladislaviensis
1857 448 1987 481 electio-

540 514 595 537 nes
622 503 726 536 nullae
755 502 965 542 declarantur,
990 501 1050 535 311
1080 512 1099 534 α
1125 506 1155 534 et
1181 501 1221 540 b,·
1251 501 1562 535 administratoribus
1586 500 1704 533 eisdem
1729 501 1871 541 assertis,
1895 511 1935 533 ne
1958 511 1991 533 sc

540 558 684 599 ingerant
702 556 731 588 in
750 555 904 598 regimine
921 554 1077 588 dictarum
1095 554 1311 594 ecclesiarum,
1326 554 1384 586 sub
1402 554 1533 587 diversis
1550 554 1658 597 poenis
1671 553 1869 597 prohibetur,
1882 553 1947 586 310
1960 565 1989 587 α.

451 610 615 654 AEgidiana
640 608 821 642 constitutio
845 607 948 652 quoad
972 607 1185 641 solemnitates
1209 606 1240 639 iu
1265 607 1478 640 contractibus
1503 606 1680 648 minorum,
1704 607 1775 639 vide
1802 607 1992 641 Avenionen-

544 663 584 696 sis
609 663 722 697 Status.

452 717 668 760 Agrigentum.
693 734 737 739 -—-
761 714 986 758 Agrigentinus
1011 713 1196 758 episcopus,
1229 723 1245 746 e
1275 723 1330 746 sua
1356 712 1479 746 civitate
1513 723 1549 747 ac
1580 712 1716 746 dioecesi
1742 718 1871 757 totoque
1893 723 1992 756 regno

541 769 665 803 Siciliae
691 769 857 812 expulsus,
882 777 955 800 suae
981 766 1174 811 expulsionis
1205 771 1388 800 executores
1420 769 1450 800 et
1481 766 1653 810 complices
1678 765 1709 798 in
1733 776 1884 799 censuras
1915 766 1993 800 inci-

541 823 623 856 disse
647 822 796 862 declarat,
820 827 850 855 et
874 821 1031 854 civitatem
1056 831 1092 853 ac
1117 819 1287 853 dioecesim
1310 818 1486 862 praedictas
1504 818 1671 852 interdicto
1691 819 1904 852 ecclesiastico
1920 829 1994 862 sup-

541 876 654 921 ponit,
688 874 751 909 588
776 876 814 916 b,
839 873 903 909 589
927 885 964 914 (13
990 874 1022 906 in
1053 872 1260 917 Agrigentina
1285 877 1315 905 et
1338 871 1513 905 Cataniensi
1545 872 1742 906 dloecesibus
1778 872 1992 906 omnimodam

541 928 697 963 interdicti
723 927 952 961 observantiam
978 937 1050 960 cum
1074 925 1300 970 reprobatione
1323 924 1532 968 quarumdam
1558 925 1706 958 salsarum
1731 925 1947 959 doctrinarum
1964 931 1995 959 et

540 983 651 1027 poenis
683 981 713 1014 in
747 981 1016 1015 contravenientes
1046 980 1188 1013 decernit
1213 979 1371 1019 Pontifex,
1397 977 1461 1011 (330
1487 978 1504 1010 b
1529 983 1559 1011 et
1582 989 1658 1022 seq„
1683 979 1754 1011 vide
1778 978 1916 1012 Censura
1945 988 1995 1012 ec-

539 1034 729 1075 clesiastica,
755 1034 826 1067 vide
850 1033 1031 1067 Monarchia
1056 1033 1192 1067 Siciliae.

453 1091 558 1123 Altare
582 1089 741 1133 portatile.
759 1087 1002 1121 -Huiusmodi
1027 1087 1117 1121 altari
1142 1086 1249 1120 utendi
1274 1085 1405 1119 facultas
1436 1085 1466 1118 in
1496 1084 1686 1128 quibusdam
1714 1083 1858 1128 partibus
1882 1083 1995 1117 infide-

541 1143 618 1176 lium
654 1141 803 1175 fratribus
835 1141 1034 1174 Discalceatis
1059 1140 1110 1173 SS.
1139 1139 1299 1172 Trinitatis
1323 1138 1553 1182 redemptionis
1581 1137 1780 1182 captivorum
1814 1137 1995 1180 Congrega-

543 1196 638 1229 tionis
663 1195 833 1239 Hispaniae
859 1193 1055 1234 conceditur,
1080 1192 1122 1226 96
1147 1193 1173 1225 b.

450 1249 590 1282 Andreas
615 1249 672 1292 (S.)
697 1247 865 1281 Avellinus.
892 1266 933 1271 —
958 1247 1032 1280 Eius
1059 1246 1153 1279 vitam
1179 1245 1395 1279 constitutioni
1420 1245 1571 1278 insertam
1596 1244 1702 1285 refert,
1726 1244 1790 1277 una
1815 1254 1887 1277 cum
1910 1254 1993 1278 non-

539 1302 633 1335 nullis
658 1301 836 1342 miraculis,
861 1300 924 1334 519
950 1311 970 1334 a
995 1305 1025 1333 et
1050 1310 1136 1344 scq.,·
1171 1299 1313 1332 eiusdem
1339 1298 1535 1332 canonizatio
1561 1307 1631 1331 cum
1658 1296 1861 1330 concessione
1893 1296 1996 1330 indul-

540 1355 662 1399 gentiae
684 1355 714 1387 in
739 1355 806 1387 eius
830 1354 908 1387 festo
937 1359 966 1387 et
991 1354 1102 1387 octava
1126 1352 1362 1397 promulgatur,
1390 1351 1453 1385 529
1478 1351 1505 1384 b.

450 1409 591 1443 Andreas
617 1409 676 1452 (B.)
701 1407 739 1441 de
759 1407 943 1442 Comitibus.
969 1426 1011 1430 —
1036 1407 1080 1440 De
1103 1406 1187 1440 beati
1210 1405 1354 1439 Andreae
1378 1405 1417 1438 de
1441 1403 1615 1439 Comitibus
1640 1403 1725 1436 cultu
1749 1401 1994 1437 immemorabili

539 1462 702 1495 decretum
728 1460 990 1504 Congregationis
1015 1459 1155 1500 Rituum,
1179 1457 1243 1492 957
1270 1458 1287 1490 b
1313 1463 1342 1490 et
1366 1468 1428 1501 seq.

453 1517 560 1549 Annus
584 1520 718 1548 sanctus.
744 1533 787 1540 -—
812 1513 891 1546 Anni
915 1512 1014 1545 sancti
1040 1517 1184 1556 tempore
1215 1511 1378 1545 decretum
1408 1509 1564 1544 cameralc
1597 1509 1728 1553 eiusque
1759 1508 1995 1552 ampliationem

543 1579 602 1612 pro
627 1567 787 1611 inquilinis
812 1567 909 1599 refert
933 1571 962 1599 et
987 1565 1155 1599 confirmat
1180 1563 1243 1597 928
1269 1575 1287 1597 a
1313 1569 1343 1597 et
1366 1574 1428 1606 seq.

454 1621 581 1654 Antonii
606 1621 666 1663 (S.)
690 1620 728 1652 de
754 1619 857 1653 Padua
880 1619 993 1651 festum
1019 1619 1058 1651 sit
1082 1618 1120 1650 de
1145 1621 1313 1661 praecepto
1338 1616 1370 1649 in
1394 1615 1553 1659 Hispaniis
1577 1620 1607 1648 et
1631 1615 1785 1657 America,
1809 1613 1873 1648 899
1898 1625 1931 1647 a.

453 1674 574 1718 Aquila,
598 1674 668 1706 vide
691 1672 856 1706 Audientia
880 1672 967 1714 regia
992 1670 1223 1714 Aquilanensis.

455 1727 752 1770 ‘archiepiscopatus
777 1724 1041 1769 L'lyssiponensis,
1065 1724 1135 1756 ride
1159 1721 1412 1766 Ulyssiponensis
1437 1721 1738 1765 archiepiscopatus.
1763 1739 1807 1744 —
1831 1720 1997 1764 Archiepi-

544 1779 631 1822 scopi
652 1777 902 1823 Ulyssiponcnsis
919 1776 1080 1810 orientalis
1103 1775 1278 1808 iurisdictio
1297 1780 1326 1808 et
1342 1775 1474 1808 facultas
1491 1774 1738 1818 praescribitur,
1757 1772 1819 1806 728
1837 1785 1857 1807 a
1873 1778 1903 1806 et
1922 1784 1996 1817 seq.;

544 1833 619 1865 item
645 1831 847 1865 occidentalis
872 1830 926 1874 qui
951 1840 1018 1862 esse
1044 1828 1136 1861 debet
1161 1827 1336 1860 sacellanus
1367 1827 1468 1861 maior
1501 1827 1607 1870 regiae
1631 1826 1811 1870 cappellae,
1836 1826 1899 1859 729
1924 1837 1945 1859 a
1969 1830 2000 1859 et

543 1897 624 1930 seq.;
649 1884 938 1927 archiepiscopatus
965 1882 1130 1925 utriusque
1156 1880 1313 1923 redditus,
1339 1885 1370 1913 et
1394 1880 1520 1924 capituli
1546 1880 1682 1924 pariter,
1701 1888 1824 1912 necnon
1848 1884 1917 1911 taxa
1940 1888 1998 1922 pro

545 1938 742 1983 expeditione
762 1937 937 1971 litterarum
964 1934 1211 1979 apostolicarum
1236 1932 1451 1975 designantur,
1478 1932 1541 1966 730
1566 1932 1582 1965 b
1607 1937 1637 1966 et
1661 1942 1738 1976 seq.;
1762 1941 1822 1975 pro
1845 1941 1923 1975 pace
1954 1930 2000 1963 in-

548 1998 594 2025 ter
625 1991 902 2035 archiepiscopum
934 1994 1106 2032 utrumque
1137 1987 1353 2021 conservanda
1385 1989 1500 2020 statuta
1531 1984 1706 2026 nonnulla,
1732 1983 1791 2018 731
1819 1995 1839 2018 a
1863 1989 1894 2016 et
1916 1993 1997 2027 seq.;

546 2045 835 2088 archiepiscopatus
860 2042 1062 2076 occidentalis
1092 2041 1273 2085 praedictus
1304 2040 1336 2073 in
1360 2038 1625 2084 patriarchatum,
1650 2037 1687 2072 ad
1713 2037 1811 2071 instar
1834 2036 1918 2070 iltius
1943 2037 1999 2070 Ve-

546 2099 713 2138 netiarum,
739 2108 809 2130 cum
836 2095 980 2140 plurimis
1004 2094 1234 2139 praerogativis
1259 2093 1403 2136 erigitur,
1421 2090 1486 2126 734
1510 2102 1530 2125 a
1555 2097 1584 2124 et
1607 2101 1668 2135 seq.
1677 2102 1685 2131 3
1711 2089 1999 2134 archiepiscopatus

550 2152 690 2185 eiusdem
715 2150 851 2193 capitulo
875 2148 1041 2192 privilegia
1064 2147 1218 2191 quaedam
1239 2146 1467 2187 conceduntur,
1493 2144 1557 2179 735
1581 2145 1597 2177 b
1622 2150 1652 2178 et
1675 2154 1761 2189 seq.;
1786 2143 1999 2186 archiepisco-

549 2217 623 2250 pum
649 2204 872 2238 occidentalcm
898 2202 1081 2236 nominandi
1114 2207 1144 2235 et
1178 2200 1399 2246 praesentandi
1431 2200 1479 2233 ius
1510 2199 1578 2242 regi
1610 2197 1821 2241 Portugalliae
1853 2206 2000 2230 reserva-

550 2265 610 2299 tur,
636 2257 698 2291 73ss
724 2257 740 2289 b
766 2261 794 2290 et
817 2267 899 2299 seq.;
923 2254 1214 2298 archiepiscopatus
1247 2259 1277 2287 et
1313 2252 1546 2297 patriarchatus
1577 2252 1609 2285 in
1641 2251 1723 2285 dicta
1747 2249 1835 2293 regia
1858 2248 2000 2292 cappella

557 2311 738 2344 firmitatem
760 2309 899 2342 decrevit
925 2307 1075 2347 Pontifex,
1102 2307 1165 2341 732
1190 2318 1228 2347 a,
1254 2312 1287 2339 ut
1313 2305 1473 2349 praedicta
1497 2305 1603 2338 omnia
1627 2302 1829 2347 exequutioni
1847 2301 1999 2334 manden-

552 2370 602 2397 tur
626 2364 804 2406 delegatum
830 2361 1036 2405 apostolicum
1070 2360 1232 2402 designat,
1263 2358 1366 2398 ibam
1392 2363 1461 2391 acta
1486 2357 1592 2390 omnia
1616 2367 1632 2388 a
1657 2356 1799 2397 delegato
1824 2353 2000 2398 apostolico

549 2428 608 2461 pro
634 2415 843 2459 exequutione
868 2415 1043 2446 litterarum
1069 2411 1329 2456 apostolicarum,
1353 2411 1551 2443 deerectione
1569 2408 1687 2442 scilicet
1711 2406 1930 2452 patriarchalis
1947 2417 2000 2439 ec-

551 2469 663 2503 clesiae
681 2467 934 2512 Ulyssiponeusis
954 2465 1165 2505 occidentalis,
1183 2464 1420 2505 confirmantur,
1439 2462 1502 2496 754
1522 2474 1540 2495 α
1566 2467 1595 2494 et
1619 2471 1695 2504 seq.;
1723 2458 2000 2503 archiepiscopalis

552 2522 702 2556 ecclesiae
719 2521 859 2554 eiusdem
884 2519 1021 2563 capitulo
1046 2517 1166 2550 indulta
1190 2517 1389 2561 an‘ipliantun
1407 2514 1470 2550 757
1489 2515 1506 2548 b
1530 2520 1560 2547 et
1583 2525 1660 2558 seq.;
1686 2513 1848 2546 decretum
1866 2510 2000 2554 delegati

552 2574 716 2620 apostolici
742 2573 780 2607 de
801 2572 1022 2606 distributione
1047 2570 1198 2604 orationis
1222 2569 1433 2613 Quadraginta
1466 2568 1623 2602 Horarum
1657 2567 1737 2600 inter
1769 2565 1918 2599 ecclesias
1945 2574 1999 2608 pa-

554 2627 754 2663 triarchalem
776 2631 805 2661 et
822 2625 1097 2670 metropolitanam
1114 2624 1251 2670 aliasque
1270 2623 1524 2669 Ulyssiponenses
1542 2621 1758 2665 confirmatur,
1777 2617 1840 2653 766
1854 2628 1875 2652 α
1891 2622 1919 2652 et
1937 2627 2001 2661 seq.
