2269 3203
213 210 261 237 An.
279 209 307 237 C.
331 208 398 236 ⁴710
445 199 510 232 7212

245 2334 368 2356 clausulae.

407 262 439 290 et
462 267 640 291 oeconomo
665 256 840 301 praedietis
867 261 898 290 et
923 256 993 290 aliis
1018 257 1147 301 quibus-

408 322 544 355 cumque
583 322 599 344 e
635 311 720 344 dieta
751 310 883 344 Camera
921 315 1147 353 computorum

407 365 455 398 vel
481 364 575 397 etiam
595 365 634 397 ab
656 364 725 407 ipso
741 364 884 397 Vin-torio
903 364 1045 397 Amedeo
1067 364 1147 396 duce

408 423 463 450 aut
488 418 557 450 eius
583 418 776 451 officialibus
801 418 959 450 hactenus
985 417 1148 459 deputatis

408 473 456 503 vel
485 471 592 504 forsan
619 471 650 502 in
677 476 844 512 posterum
872 469 1068 512 deputandis
1094 479 1149 512 pe-

408 526 494 557 nitus
522 535 557 557 ae
583 524 716 557 omnino
742 524 965 556 interdicimus
987 528 1018 555 et
1039 522 1149 565 prohi-

408 578 537 618 bemus,
564 588 605 610 ne
631 577 801 620 quibusvis
838 576 1148 609 iurisdictionalibus

408 631 545 670 actibus,
573 631 678 674 quoad
705 630 935 663 monasterium
970 640 1025 662 seu
1052 630 1149 663 abba-

409 685 485 718 tiam
505 684 691 716 huiusmodi
709 683 844 727 eiusque
861 683 1014 716 vassallos
1030 688 1059 716 et
1077 683 1149 716 sub-

409 737 500 778 ditos,
529 738 694 770 ullatenus
724 747 755 769 se
787 736 984 776 immiscere,
1011 737 1147 776 fruetus,

409 791 558 823 redditus
579 795 609 822 et
626 789 968 832 proventus,eiusdem
987 795 1149 822 monaste-

409 843 447 875 rii
474 853 527 876 seu
555 842 703 875 abbatiae
735 842 901 875 vacatione
933 842 1069 874 durante
1092 852 1147 874 seu

409 897 601 929 commenda
615 902 769 935 cessante,
785 896 924 938 exigere,
945 901 998 928 aut
1016 895 1147 938 aliquod

409 949 679 993 impedimentum
706 949 863 982 iudicibus
881 954 911 981 et
932 949 1148 981 subcolleeto-

409 1003 501 1035 ribus
526 1013 582 1035 seu
610 1002 841 1035 ronnnissariis
875 1012 933 1044 per
958 1006 1149 1043 praesentes

411 1061 537 1088 nostras
564 1061 595 1087 et
619 1055 722 1087 «lictae
752 1055 842 1086 Sedis
868 1054 1020 1086 officiatos
1047 1054 1147 1095 depu-

410 1110 483 1140 tatis
502 1114 556 1140 aut
574 1109 603 1140 in
631 1114 795 1150 posterum
816 1108 920 1140 forsan
942 1106 1147 1149 deputandis,

410 1161 582 1203 quominus
616 1171 728 1193 eorum
762 1160 869 1193 officio
903 1160 932 1192 in
960 1159 1149 1202 praemissis

412 1215 513 1247 libere
540 1214 628 1256 fungi
645 1214 780 1256 possint,
803 1224 860 1257 per
878 1224 911 1246 se
930 1214 978 1245 vel
1005 1213 1084 1245 alios
1103 1213 1150 1245 in-

411 1268 517 1306 ferre,
544 1278 603 1300 nec
633 1267 808 1310 quidquam
835 1267 921 1299 aliud
947 1267 1031 1299 circa
1057 1277 1150 1309 prae-

410 1320 508 1353 missa
534 1321 639 1353 faeere
672 1321 814 1353 audeant
846 1330 901 1352 scu
938 1324 1150 1363 praesumant

410 1373 443 1405 in
469 1378 612 1406 nostrum
640 1378 671 1406 et
695 1373 786 1406 Sedis
821 1379 852 1406 et
883 1373 1032 1406 Gamerae
1059 1373 1149 1416 Apo-

411 1426 544 1459 stolicae
570 1427 807 1470 praedictarum
830 1425 1072 1469 praeiudicium,
1091 1426 1149 1458 sub

411 1480 560 1513 censuris
594 1485 626 1513 ct
659 1480 775 1523 poenis
811 1480 963 1512 adversus
1001 1479 1150 1512 ecclesia-

411 1533 508 1566 sticae
547 1533 705 1566 libertatis
746 1539 778 1566 et
811 1533 1029 1566 inridietionis
1065 1543 1146 1576 apo-

411 1586 545 1619 stolicae
571 1586 816 1629 perturbatores
842 1597 877 1619 ac
903 1592 1113 1630 usurltiatores
1134 1597 1150 1619 a

411 1638 510 1671 sacris
535 1639 714 1672 canonibus
732 1645 764 1672 et
783 1639 970 1682 apostolicis
995 1639 1151 1672 eonstitu-

411 1692 556 1725 tionibus
584 1703 619 1725 ac
643 1693 835 1736 praesertin]
862 1693 978 1726 litteris
996 1693 1046 1725 die
1073 1692 1150 1726 Coe—

411 1755 471 1777 nae
497 1745 623 1778 Domini
651 1746 787 1788 singulis
813 1745 904 1778 annis
931 1746 994 1788 legi
1022 1752 1052 1778 et
1073 1756 1150 1788 pro-

412 1799 549 1840 mulgari
571 1798 674 1831 solitis
697 1798 843 1837 inssietis;
865 1809 944 1841 quas
962 1799 1149 1842 ceteroquin

412 1851 576 1883 manifesti
603 1861 638 1883 ac
665 1851 822 1894 explorati
849 1852 928 1884 iuris
955 1857 1002 1884 est
1027 1862 1082 1884 eos
1104 1852 1151 1883 in-

412 1904 561 1943 currisse,
584 1904 637 1947 qui
664 1905 895 1947 quoquomodo
921 1905 952 1936 in
978 1907 1152 1948 praetensa

413 1958 696 1992 administratione
723 1959 863 1991 iustitiae
881 1960 928 1991 vel
948 1959 1151 1992 recollectio-

413 2022 453 2044 ne
480 2012 648 2052 fructuum,
666 2013 861 2053 reddituum,
885 2024 920 2046 ac
936 2019 1151 2056 proventuum

414 2065 612 2105 huiusmodi,
631 2066 662 2098 in
681 2066 772 2099 Sedis
793 2072 824 2098 ct
841 2065 993 2099 Gamerae
1021 2067 1152 2108 Aposto-

413 2117 547 2150 licarum
574 2119 813 2161 praedictarum
839 2119 1090 2161 praeiudicium,
1116 2130 1150 2151 se

413 2169 632 2213 ingesserunt,
650 2173 696 2204 vcl
713 2172 798 2204 aliud
818 2172 993 2215 quidquam
1013 2172 1042 2204 in
1062 2183 1152 2215 prae·

414 2223 521 2256 missis
538 2224 696 2257 hactenus
710 2230 909 2257 attentarunt
925 2226 973 2257 vel
990 2231 1150 2258 attentare

413 2282 714 2320 praesumpserunt.

459 2330 473 2373 ἓ
497 2329 529 2362 4.
557 2329 785 2371 Decernentes,
805 2331 934 2363 easdem
961 2336 1152 2373 praesentes

414 2383 537 2415 litteras
558 2388 589 2415 et
615 2383 644 2415 in
663 2383 708 2415 eis
734 2389 891 2416 contenta
916 2394 1150 2426 quaecumque,

416 2436 510 2468 etiam
536 2444 572 2469 ex
597 2447 635 2468 eo
661 2437 746 2479 qnod
784 2436 919 2479 praefati
947 2442 978 2468 et
1003 2436 1056 2468 alii
1082 2437 1153 2479 qui-

415 2499 552 2531 cumque
578 2489 609 2521 in
632 2489 817 2532 praemissis
842 2489 1001 2521 interesse
1028 2489 1153 2522 baben-

416 2546 463 2574 tes
477 2552 533 2574 seu
548 2541 669 2574 habere
684 2541 930 2584 quomodolibet
944 2542 1153 2584 praetenden-

417 2600 475 2635 tes,
501 2593 638 2627 cuiusvis
665 2598 788 2634 status,
814 2594 931 2637 gradus
957 2600 987 2627 et
1014 2594 1150 2635 ordinis,

987 208 1166 233 BULLARIUM
1189 208 1343 233 ROMANUM

1190 257 1466 300 praeeminentiae
1503 262 1534 289 et
1566 256 1729 300 dignitatis
1767 257 1927 296 existant,

1191 321 1246 343 seu
1265 311 1343 344 alias
1361 309 1511 354 specifica
1531 321 1565 342 ac
1583 309 1748 343 individua
1765 309 1931 342 mentione

1192 369 1222 397 et
1247 364 1455 407 expressione
1483 363 1583 405 digni,
1612 363 1676 396 illis
1706 373 1769 396 non
1796 372 1932 395 eonsen-

1192 417 1305 457 serint‚
1328 427 1381 449 seu
1402 417 1439 449 ad
1459 428 1494 449 ea
1517 415 1628 456 vocati,
1650 415 1794 459 citati-et
1818 414 1930 455 auditi,

1193 480 1387 513 causaeque,
1403 475 1537 513 propter
1549 480 1628 512 quas
1647 474 1834 512 praesentes
1852 478 1933 501 ema-

1193 523 1310 563 narint,
1333 523 1531 556 sufficienter
1556 522 1722 562 adductae,
1749 521 1932 554 verilicatae

1193 583 1223 609 et
1248 576 1437 609 iustificatae
1464 587 1527 609 non
1566 576 1707 615 suerint,
1734 580 1786 608 aut
1808 586 1844 608 ex
1871 574 1933 608 alia

1193 630 1338 673 qualibet
1369 630 1463 662 etiam
1500 629 1706 673 quantumvis
1744 628 1878 661 iuridica
1903 633 1934 661 et

1193 683 1394 727 privilegiata
1420 686 1531 724 causa,
1558 683 1680 722 colore,
1707 686 1875 726 praetextu
1902 686 1934 714 et

1192 737 1317 780 capite,
1345 737 1439 769 etiam
1467 737 1498 769 in
1526 747 1665 780 corpore
1692 736 1771 768 iuris
1796 736 1905 768 clauso
1923 762 1930 774 ,

1193 791 1287 823 etiam
1315 791 1472 830 enormis,
1499 789 1744 823 enormissimae
1770 794 1800 822 et
1825 788 1933 822 totalis

1193 843 1357 883 laesionis,
1374 844 1463 876 nullo
1477 853 1618 886 unquam
1636 848 1782 886 tempore
1804 842 1842 875 de
1860 841 1934 874 sub-

1193 896 1350 939 reptionis
1376 897 1423 928 vel
1455 896 1659 939 obreptionis
1690 900 1742 928 aut
1775 895 1932 928 nullitatis

1194 949 1281 987 vitio,
1307 954 1357 981 aut
1385 948 1577 981 intentionis
1604 954 1744 987 nostrae,
1771 952 1827 980 aut
1851 947 1935 979 inte-

1193 1012 1280 1034 resse
1297 1001 1486 1033 habentium
1507 1002 1702 1036 eonsenssis,
1717 1000 1843 1043 alioque
1858 1009 1935 1042 quo-

1193 1056 1270 1088 libet
1296 1055 1391 1088 etiam
1425 1054 1629 1098 quantumvis
1661 1064 1779 1097 magno
1805 1059 1836 1087 et
1861 1053 1934 1086 sub-

1193 1109 1346 1148 stantiali,
1375 1119 1409 1141 ac
1435 1109 1633 1151 iiicogitato,
1663 1107 1930 1150 inexcogitabili,

1193 1162 1455 1205 individuamque
1482 1162 1726 1205 expressionem
1744 1160 1933 1203 requirente

1194 1216 1320 1248 defectu
1346 1215 1463 1255 notari,
1490 1215 1685 1258 impugnari,
1711 1213 1856 1256 infringi,
1885 1223 1935 1246 re-

1194 1268 1332 1309 tractari,
1352 1268 1382 1300 in
1405 1267 1662 1301 controversiam
1688 1266 1807 1307 vocari,
1826 1271 1878 1298 aut
1895 1265 1934 1298 ad

1195 1322 1348 1355 terminos
1367 1322 1445 1354 iuris
1463 1322 1583 1362 reduci,
1606 1332 1660 1354 seu
1681 1321 1832 1354 adversus
1857 1320 1932 1353 illos

1193 1375 1382 1418 aperitionis
1419 1375 1506 1413 oris,
1534 1374 1749 1408 restitutionis
1786 1374 1818 1406 in
1843 1373 1934 1406 inte-

1194 1439 1297 1472 grum,
1323 1428 1450 1462 aliudve
1477 1428 1705 1471 quodcumque
1736 1426 1833 1466 iuris,
1861 1425 1933 1459 sacti

1194 1483 1243 1515 vel
1270 1482 1391 1525 gratiae
1417 1481 1596 1514 remedium
1622 1479 1774 1513 intentari
1800 1480 1851 1512 vel
1876 1478 1934 1511 im-

1194 1535 1326 1579 petrari,
1347 1540 1402 1568 aut.
1428 1535 1608 1578 impetrato,
1628 1544 1686 1567 seu
1713 1533 1807 1566 etiam
1833 1537 1932 1572 motu,

1195 1589 1330 1621 seientia
1355 1595 1383 1621 et
1411 1588 1583 1631 potestatis
1616 1586 1823 1630 plenitudine
1848 1585 1935 1629 pari-

1194 1643 1252 1674 bus
1269 1652 1425 1675 concesso
1444 1642 1493 1674 vel
1511 1645 1670 1680 emanato,
1693 1638 1879 1683 quempiam
1902 1638 1933 1670 in

1194 1696 1314 1729 iudicio
1333 1697 1382 1728 vel
1410 1701 1498 1728 extra
1524 1695 1601 1728 illud
1621 1695 1666 1727 uti
1693 1704 1750 1727 seu
1776 1704 1808 1726 se
1827 1693 1934 1726 iuvare

1195 1750 1260 1781 ullo
1288 1749 1383 1781 modo
1410 1759 1528 1791 posse;
1554 1748 1612 1780 sed
1639 1748 1724 1790 ipsas
1747 1750 1934 1789 praesentes

1195 1803 1320 1835 litteras
1347 1812 1479 1844 semper
1504 1801 1638 1841 firmas,
1667 1801 1787 1833 validas
1813 1806 1844 1833 et
1869 1799 1935 1833 effi-

1194 1866 1287 1888 caces
1308 1855 1447 1888 existere
1471 1860 1501 1887 ct
1519 1855 1595 1893 sore,
1613 1865 1754 1896 suosque
1769 1853 1934 1896 plenarios

1195 1915 1226 1941 et
1252 1909 1396 1952 integros
1423 1907 1553 1941 effen-tus
1578 1907 1685 1940 sortiri
1713 1913 1744 1939 ct
1769 1906 1932 1945 obtinere,

1195 1973 1230 1995 ac
1254 1963 1293 1995 ab
1315 1963 1387 2002 illis,
1408 1962 1445 1995 ad
1473 1972 1553 2005 quos
1578 1967 1701 2004 spectat
1726 1966 1757 1993 et
1783 1970 1841 2003 pro
1860 1965 1935 1992 tem·

1195 2026 1273 2058 pore
1300 2015 1570 2058 quandocumque
1596 2008 1774 2058 spectabit,
1802 2013 1936 2046 inviola-

1195 2068 1304 2100 biliter
1330 2073 1359 2100 et
1385 2068 1576 2100 inconcusse
1611 2066 1797 2106 observari,
1824 2066 1934 2108 sicque

1196 2127 1227 2153 et
1252 2132 1316 2154 uon
1344 2122 1435 2154 aliter
1454 2121 1499 2153 cin
1534 2121 1723 2164 praemissis
1757 2130 1814 2162 per
1839 2129 1935 2162 quos-

1195 2184 1330 2217 cumque
1349 2174 1472 2207 indices
1499 2175 1682 2207 ordinarios
1707 2179 1737 2206 et
1755 2173 1932 2214 delegatos,

1196 2227 1291 2259 etiam
1318 2237 1485 2259 causarum
1512 2227 1623 2269 palatii
1651 2225 1821 2268 apostolici
1847 2224 1936 2257 audi—

1197 2285 1282 2312 tores
1308 2291 1343 2311 ac
1368 2280 1399 2312 S.
1423 2280 1459 2312 R.
1488 2279 1521 2311 E.
1553 2279 1745 2317 cardinales,
1771 2278 1868 2310 etiam
1894 2277 1934 2310 de

1196 2332 1296 2364 latere
1322 2333 1446 2373 legatos
1469 2338 1501 2364 et
1525 2331 1616 2364 Sedis
1642 2331 1826 2373 praedictae
1852 2341 1936 2364 nun-

1196 2384 1272 2423 cios,
1291 2389 1321 2416 et
1346 2384 1425 2416 alios
1444 2384 1607 2427 quoslibet
1625 2395 1824 2428 quacumque
1843 2395 1936 2428 prae·

1196 2436 1372 2469 eminentia
1390 2443 1421 2469 et
1438 2442 1598 2480 potestate
1625 2438 1799 2480 fungentes
1817 2443 1849 2470 et
1865 2438 1936 2470 sun-

1196 2494 1329 2529 cturos‚
1355 2489 1482 2522 sublata
1513 2490 1558 2522 eis
1597 2495 1629 2522 et
1666 2501 1776 2524 eorum
1803 2490 1936 2524 cuilibet

1196 2542 1305 2585 quavis
1331 2542 1425 2575 aliter
1450 2542 1613 2576 iudicandi
1641 2549 1672 2575 et
1695 2543 1933 2587 interpretandi

1197 2596 1346 2629 facultate
1372 2601 1400 2629 et
1428 2596 1634 2636 auctoritate,
1661 2597 1796 2630 iudicari
1824 2603 1855 2631 et
1879 2597 1934 2631 de-

1934 207 1988 234 An.
2003 206 2034 234 C.
2056 206 2125 235 1710

2252 952 2269 1113 -:u·=„l···<e
2255 920 2265 925 :
2254 710 2269 759 ..33
