2269 3203
88 228 138 256 An.
162 228 189 254 C.
215 227 282 256 ¹706

167 1509 280 1539 Exordium

99 1544 112 1558 a
155 1538 280 1558 continuatis

98 1564 225 1585 chri-mnae
241 1564 280 1583 rei·
291 1556 386 1596 Sede,
402 1556 435 1588 in
450 1567 512 1599 qua
526 1567 584 1599 per
601 1556 798 1590 ineffabilem
815 1557 941 1590 divinae
956 1568 1032 1590 suae

99 1591 197 1617 publicae
225 1590 281 1610 cala-

255 1616 281 1636 nb
292 1609 446 1642 bonitatis
471 1609 712 1649 abundantiam,
729 1610 852 1643 meritis
873 1611 950 1643 licet
974 1610 1033 1642 im-

99 1644 196 1664 acerbum
205 1643 282 1663 bollum

98 1671 282 1691 ὶιιικειπῑ-ιιιιιοε
294 1658 435 1706 paribus,
454 1662 616 1695 collocare
636 1673 694 1695 nos
720 1662 818 1695 voluit
837 1663 1031 1702 Altissimus,

99 1617 206 1638 natatibus

99 1698 213 1724 principes.

253 835 256 837 Α
284 819 366 848 rem,
386 808 446 841 sub
464 809 583 841 annulo
609 807 789 847 piscatoris,
813 807 863 840 die
890 818 919 840 ix
941 813 1027 840 octo-

282 277 531 321 quomodolibet
563 276 731 316 concessis,
765 275 966 309 confirmatis
993 279 1023 308 et

282 331 461 371 innovatis,
489 331 606 374 quibus
631 330 785 364 omnibus
812 335 843 362 ct
874 328 1021 371 singulis,

282 383 412 416 illorum
438 389 569 416 tenores
588 382 817 426 praesentibus
843 392 900 424 pro
926 382 1022 423 plene
1044 387 1045 426 l

283 443 316 470 ct
340 437 539 470 sufficienter
568 435 729 478 expressis
761 441 792 467 et
817 435 856 467 ad
890 435 1022 466 verbum
1044 430 1046 462 l

283 490 413 523 insertis
439 490 610 528 habentes,
638 488 704 521 illis
730 488 809 521 alias
830 487 861 520 in
889 498 948 520 suo
975 487 1047 523 1-0-’1

281 543 362 576 bore
387 542 620 586 permansuris,
648 542 686 574 ad
712 541 962 584 praemissorum
983 540 1026 573 es·
1046 527 1048 563 ¹²

283 596 415 637 sectum,
441 595 501 628 bac
534 594 602 627 vice
634 595 812 634 dumtaxat,
839 593 1048 637 specialiterl

284 654 315 681 et
332 659 485 692 expresse
505 648 722 690 derogamus,
749 647 933 691 ceterisque
952 657 1026 680 con·
1047 667 1048 675 1

284 702 390 734 trariis
409 701 681 745 quibuscumque.
1047 691 1049 732 l

909 226 1050 251 CLEMENS
1077 225 1107 250 xl
1131 226 1147 250 1*
1153 226 1178 249 P.

328 755 441 788 Datum
465 754 597 793 Romae,
617 754 700 797 apud
720 754 750 787 S.
775 754 904 787 Mariam
930 753 1027 787 Maio-

283 862 350 895 bris
367 872 497 902 lancem,
517 861 725 905 pontificatus
747 861 851 895 nostri
878 872 962 894 anno
982 871 1024 894 v1.

320 923 378 952 Dat.
396 924 441 951 die
457 924 473 951 9
488 923 608 951 octobris
628 924 704 956 1706,
727 925 827 958 pontit.
846 932 917 950 anno
939 930 973 950 vt.

607 1076 707 1110 XCIV.

286 1157 454 1191 Indicitur
474 1156 651 1189 iubilaeum
680 1157 937 1199 universaleque
954 1167 1030 1200 pace
1050 1182 1052 1189 1

332 1211 417 1243 inter
437 1210 605 1253 principes
631 1210 827 1241 christianos
841 1208 862 1241 ⁴.

509 1290 644 1317 Clemens
666 1289 744 1324 Papa
763 1289 812 1322 XI,

288 1342 441 1371 universis
469 1342 722 1371 christifidelibus
747 1345 923 1376 praesentes
944 1343 1030 1370 litte-

322 1395 373 1415 ras
393 1387 598 1421 inspecturis,
626 1387 756 1414 salutem
778 1390 808 1414 et
829 1387 1031 1421 apostolicam

324 1431 580 1459 benedictionem.

334 1503 376 1536 Ex
410 1502 567 1537 eminenti
604 1502 763 1546 Principis
800 1503 1031 1546 Apostolorum

295 1721 454 1748 terramim
479 1714 591 1747 orbem
616 1714 820 1754 universum,
847 1721 972 1749 nostras
990 1716 1034 1748 vi-
1054 1727 1055 1735 ¹

295 1767 414 1801 delicet
438 1777 553 1805 curas,
581 1767 717 1800 sollicite
745 1768 1035 1811 circumspicienti-

295 1821 352 1853 bus
377 1820 472 1853 nobis
502 1820 653 1853 miserior
678 1820 709 1852 in
737 1820 805 1853 dies
839 1831 1034 1865 semperque

294 1874 474 1907 luctuosior
492 1883 525 1906 se
551 1873 643 1906 offert
665 1874 859 1907 christianae
880 1874 1036 1918 reipubli—

295 1937 350 1960 cae
376 1926 487 1960 facies.
509 1926 583 1960 Cum
614 1927 803 1969 gravissimo
821 1927 979 1971 siquidem
1000 1939 1036 1960 ao

294 1990 368 2013 vere
387 1979 587 2023 lacrymabili
608 1980 705 2013 totius
724 1991 807 2024 pene
825 1980 972 2024 Europae
992 1981 1037 2014 in-

295 2034 412 2067 cendio
439 2034 609 2067 christiani
634 2034 802 2077 principes
820 2034 905 2067 inter
930 2045 964 2067 se
987 2035 1036 2068 de-

295 2092 458 2120 certantes
482 2087 590 2130 (quae
617 2087 694 2120 olim
729 2092 872 2120 extrema
896 2087 1037 2120 minatus

296 2146 343 2173 est
366 2139 450 2173 Deus
476 2139 616 2173 inimicis
637 2140 767 2180 nostris,
787 2146 884 2183 atque
912 2140 960 2181 iis,
982 2141 1037 2184 qui

297 2193 470 2236 insurgunt
494 2194 647 2226 adversus
679 2195 763 2236 nos)
798 2193 951 2227 diuturno
982 2194 1034 2226 ni-

296 2246 397 2279 mium
424 2252 455 2280 et
480 2257 557 2279 sane
583 2247 798 2280 acerbissimo
825 2247 912 2280 bello
938 2258 971 2280 se
993 2247 1039 2280 in-

297 2298 398 2332 vicem
415 2299 646 2343 depascuntur,
662 2311 698 2333 ac
715 2300 848 2344 proprio
867 2300 1038 2343 sanguine,

298 2352 388 2394 quasi
413 2358 531 2393 musto,
554 2353 775 2386 inebriantur:
795 2354 913 2397 ubique
939 2364 1038 2394 mors,

335 2449 344 2472 1
368 2447 459 2474 Simile
479 2448 625 2476 iubitaeum
646 2450 775 2476 indictum
788 2449 837 2477 fuit
853 2450 886 2477 ab
907 2450 1039 2478 Innocen-

299 2491 334 2517 tio
354 2490 401 2516 xtl
422 2491 528 2518 constit.
552 2492 615 2520 edit.
637 2500 760 2528 mnexcv,
777 2494 819 2521 die
840 2494 855 2521 3
876 2494 1036 2529 decembris,

298 2535 394 2570 pontis.
425 2542 459 2567 v;
491 2539 517 2562 et
537 2536 562 2562 in
583 2536 663 2564 huius
683 2539 823 2565 Pontificis
843 2538 949 2566 constit.
972 2539 1037 2566 edit.
1059 2562 1060 2570 ,

298 2585 413 2613 nnccxv,
434 2578 477 2606 die
497 2579 526 2606 31
549 2581 625 2612 maii,
645 2582 741 2616 pontif.
758 2589 802 2615 xv,
820 2583 947 2610 indicitur
967 2583 1038 2610 iubi-
1059 2600 1061 2611 1

298 2623 386 2652 laeum
407 2628 500 2655 contra
519 2624 630 2653 Turcas.

1704 214 1767 248 ⁶203

1040 273 1187 318 xubique
1213 275 1326 314 luctus,
1354 274 1475 317 ubique
1502 272 1659 306 desolatio
1676 300 1683 313 ,
1710 273 1803 306 undi-

1067 339 1128 371 que
1143 327 1352 371 percutimur,
1371 327 1514 370 undique
1535 325 1803 359 amaritudinibus

1068 382 1246 423 replemur.
1274 380 1415 413 Visitarit
1441 380 1590 423 profecto
1617 390 1674 412 nos
1701 379 1805 411 Domi-

1068 444 1126 466 nus
1147 433 1176 466 in
1196 433 1304 476 gladio
1323 443 1380 466 suo
1399 433 1480 465 duro
1497 438 1527 465 et
1544 432 1658 475 grandi
1674 437 1705 464 et
1718 430 1805 469 sorti,

1068 487 1152 520 sicut
1177 486 1316 530 impetus
1334 496 1490 529 aquarum
1516 487 1687 519 multarum
1715 485 1808 517 inun-

1069 539 1212 573 dantium
1232 545 1263 572 et.
1281 539 1470 572 emissarum
1486 549 1585 581 super
1603 543 1719 570 terram
1739 548 1806 580 spa·

1071 594 1199 626 tiosam.
1228 593 1381 626 Ascendit
1410 593 1513 625 sumus
1538 592 1570 624 in
1596 592 1642 624 ira
1667 592 1749 631 eius,
1776 596 1808 623 et

1070 647 1153 685 ionis
1171 657 1187 679 a
1214 646 1292 679 facie
1314 646 1383 678 eius
1410 646 1541 685 exarsit,
1569 650 1732 678 commota
1750 649 1807 683 est,

1071 706 1101 734 ct
1129 700 1327 733 contremuit
1362 705 1456 736 terra,
1486 699 1693 732 fundamenta
1719 709 1810 730 mon-

1072 753 1149 786 tium
1174 753 1365 786 conturbata
1391 758 1464 785 sunt
1490 757 1520 785 et
1545 756 1704 785 commota
1725 755 1808 790 sunt,

1048 797 1224 854 {quoniam
1259 806 1358 839 iratus
1393 811 1439 838 est
1474 806 1531 839 eis.
1560 805 1621 838 Sed
1652 804 1809 847 numquid

1048 861 1050 895 ἕ
1072 861 1103 893 111
1120 866 1287 893 aeternum
1307 860 1453 903 proiiciet
1472 859 1582 893 Dens‘?
1603 863 1656 891 aut
1675 869 1741 891 non
1756 869 1810 901 ap-

1072 920 1180 958 ponet,
1198 919 1230 946 ut
1253 913 1476 956 complacitior
1493 912 1533 945 sit
1552 912 1658 946 adbuc
1673 912 1688 944 ‘t
1705 911 1809 952 Absit,

1073 978 1136 1000 non
1155 968 1241 1000 enim
1258 967 1461 1000 obliviscitur
1478 965 1626 999 misereri
1644 965 1810 1004 Dominus,

1073 1031 1131 1054 nec
1157 1021 1303 1054 continet
1329 1021 1358 1053 in
1385 1020 1430 1052 ira
1456 1019 1699 1052 misericordias
1725 1029 1809 1058 suas;

1050 1115 1051 1121 1
1074 1075 1129 1108 sed
1155 1075 1209 1118 qui
1235 1076 1355 1108 multus
1374 1080 1422 1107 cst
1447 1074 1485 1107 ad
1511 1073 1759 1116 ignoscendum,
1778 1083 1813 1105 ac

1050 1125 1052 1157 3
1073 1128 1266 1171 propitiatur
1283 1127 1507 1160 invocantibus
1527 1138 1600 1159 eum
1619 1127 1650 1159 in
1667 1126 1814 1164 veritate,

1051 1182 1215 1215 *effundet
1246 1182 1276 1214 in
1311 1192 1370 1214 nos
1407 1181 1533 1214 divitias
1566 1179 1813 1213 misericordiae

1074 1246 1161 1274 suae,
1177 1235 1203 1267 si
1218 1235 1404 1278 iniquitates
1422 1240 1560 1274 nostras,
1581 1233 1697 1277 quibus
1718 1232 1811 1266 eum¹

1074 1287 1264 1321 offendimus
1301 1288 1398 1320 nimis
1413 1315 1420 1328 ,
1459 1287 1573 1320 humili
1610 1286 1815 1319 consessione

1051 1366 1053 1375 i
1074 1353 1297 1385 agnoscamus,
1315 1341 1496 1384 dignosque
1514 1340 1735 1384 poenitentiae
1755 1339 1817 1372 sru-

1075 1401 1144 1428 ctus
1171 1395 1332 1428 faciamus.
1359 1395 1523 1427 Adeamus
1549 1394 1656 1437 itaque
1683 1404 1755 1426 cum
1782 1392 1817 1425 fi-

1076 1449 1170 1482 ducia
1188 1449 1227 1481 ad
1247 1449 1398 1481 thronum
1418 1448 1553 1490 gratiae,
1574 1458 1608 1480 ac
1627 1447 1681 1489 (ne
1703 1457 1818 1490 expro-

1075 1502 1163 1535 brari
1181 1502 1275 1535 nobis
1294 1501 1462 1534 audiamus
1482 1501 1710 1544 propheticum
1728 1499 1818 1532 illud:

1078 1556 1230 1596 Quaesivi
1255 1555 1292 1588 cle
1317 1555 1361 1587 cis
1386 1555 1495 1587 virum
1523 1555 1580 1598 qai
1601 1554 1819 1596 interponeret

1053 1629 1055 1651 1
1075 1619 1178 1652 sepem
1199 1612 1225 1640 et
1246 1612 1345 1640 staret
1370 1609 1534 1650 oppositus
1552 1611 1664 1639 contra
1689 1617 1739 1638 me
1760 1616 1820 1648 pro

1053 1690 1055 1699 ,
1079 1663 1174 1701 terra,
1191 1672 1230 1693 ne
1244 1661 1435 1704 dissiparem
1452 1671 1534 1697 estin,
1556 1664 1583 1693 et
1601 1670 1665 1692 non
1686 1659 1798 1692 inveni
1807 1671 1818 1697 ,-

1077 1719 1104 1748 ct
1124 1715 1223 1758 effudi
1247 1725 1343 1757 super
1360 1725 1408 1746 eos
1427 1714 1687 1756 z'ndi'gynationem
1705 1715 1819 1754 meam)

1077 1767 1376 1806 obsecrationibus,
1405 1767 1551 1805 ieiuniis,
1578 1766 1818 1809 eleemosynis,

1078 1822 1215 1865 aliisque
1240 1821 1302 1864 piis
1323 1820 1478 1864 operibus
1498 1820 1637 1852 divinam
1657 1820 1750 1859 iram,
1771 1830 1821 1852 ac·

1079 1874 1230 1918 ceptabili
1266 1874 1329 1906 lioc
1363 1873 1514 1906 dominici
1547 1873 1712 1905 Adventus
1744 1878 1822 1905 tem-

1079 1939 1172 1971 pore,
1192 1929 1319 1970 placare
1346 1927 1543 1965 studeamus,
1562 1925 1709 1969 chique
1734 1926 1822 1969 paci-

1079 1980 1151 2019 fico,
1179 1980 1233 2023 qni
1260 1979 1404 2022 proxime
1430 1985 1583 2011 venturus
1610 1984 1681 2018 est,
1708 1984 1742 2011 ut
1766 1989 1822 2021 pa-

1080 2044 1150 2067 cem
1175 2033 1344 2066 annuntiet
1370 2032 1558 2065 bominibus
1580 2033 1686 2065 bonae
1708 2033 1821 2066 volun-

1081 2087 1165 2126 tatis,
1192 2086 1224 2118 in
1250 2086 1389 2119 novitate
1420 2086 1502 2118 vitae
1527 2085 1731 2118 ambulantes
1763 2085 1823 2118 hu-

1081 2140 1200 2173 militer
1235 2149 1457 2172 occurramus.
1485 2139 1682 2182 Suppliciter
1718 2139 1757 2172 ab
1783 2150 1822 2172 eo

1082 2199 1227 2236 petamus
1246 2198 1279 2224 ut
1297 2193 1437 2234 flagella,
1457 2192 1574 2235 quibus
1605 2203 1664 2226 nos
1685 2192 1823 2236 corripit

1082 2247 1120 2279 ad
1146 2246 1432 2286 emendationem,
1460 2247 1638 2279 clementer
1670 2257 1686 2278 a
1728 2246 1823 2279 nobis

1082 2304 1215 2337 avertat,
1236 2304 1268 2332 et
1287 2299 1341 2342 qui
1368 2298 1504 2341 castigat
1521 2309 1581 2331 nos
1601 2304 1736 2342 propter
1756 2309 1824 2331 sce-

1059 2390 1061 2401 ,
1081 2354 1149 2386 lera
1174 2358 1296 2392 nostra,
1314 2353 1385 2397 ipse
1411 2353 1510 2386 salvet
1535 2363 1593 2386 nos
1614 2358 1751 2396 propter
1770 2352 1824 2385 1111-

1082 2406 1295 2439 sericordiam
1309 2416 1411 2438 suam.
1431 2405 1636 2438 Potissimum
1658 2416 1731 2439 vero
1750 2415 1824 2438 eum

1083 2459 1318 2502 deprecemur,
1346 2464 1506 2502 quatenus
1539 2459 1698 2502 septimo,
1728 2470 1822 2502 quem

1083 2522 1167 2544 nunc
1193 2512 1300 2545 divina
1326 2512 1454 2545 favente
1483 2512 1656 2545 clementia
1681 2512 1820 2551 inimus,

1083 2565 1185 2598 nostri
1210 2564 1420 2608 pontificatus
1446 2575 1531 2598 anno
1548 2564 1642 2597 saciat
1660 2564 1825 2597 remissio·-

1120 2630 1129 2655 1
1153 2627 1224 2654 Edit.
1247 2626 1327 2655 Maia.
1350 2626 1412 2663 legit
1433 2635 1496 2653 cam
1520 2634 1567 2662 pro
1588 2633 1652 2653 eum
1671 2627 1709 2660 (n.
1725 2626 1772 2661 1.).

1814 223 1862 248 An.
1880 222 1907 248 (ἶ.
1931 221 1998 248 1706
