<?xml version="1.0" encoding="UTF-8"?>
<!DOCTYPE html PUBLIC "-//W3C//DTD XHTML 1.0 Transitional//EN"
    "http://www.w3.org/TR/xhtml1/DTD/xhtml1-transitional.dtd">
<html xmlns="http://www.w3.org/1999/xhtml" xml:lang="en" lang="en">
 <head>
  <title>
</title>
<meta http-equiv="Content-Type" content="text/html;charset=utf-8" />
  <meta name='ocr-system' content='tesseract 3.04.00' />
  <meta name='ocr-capabilities' content='ocr_page ocr_carea ocr_par ocr_line ocrx_word'/>
</head>
<body>
  <div class='ocr_page' id='page_1' title='image "./bullarumdiplomat21cath/bullarumdiplomat21cath_0085.png"; bbox 0 0 2269 3203; ppageno 0'>
   <div class='ocr_carea' id='block_1_1' title="bbox 129 199 310 228">
    <p class='ocr_par' dir='ltr' id='par_1_1' title="bbox 129 199 310 228">
     <span class='ocr_line' id='line_1_1' title="bbox 129 199 310 228; baseline 0.006 -2"><span class='ocrx_word' id='word_1_1' title='bbox 129 199 180 228; x_wconf 71' lang='lat' dir='ltr'><strong>An.</strong></span> <span class='ocrx_word' id='word_1_2' title='bbox 200 199 228 227; x_wconf 88' lang='lat' dir='ltr'><strong>C.</strong></span> <span class='ocrx_word' id='word_1_3' title='bbox 247 200 310 227; x_wconf 64' lang='lat'><strong>1701</strong></span> 
     </span>
    </p>
   </div>
   <div class='ocr_carea' id='block_1_2' title="bbox 313 247 1060 1416">
    <p class='ocr_par' dir='ltr' id='par_1_2' title="bbox 313 247 1060 1416">
     <span class='ocr_line' id='line_1_2' title="bbox 314 247 1056 291; baseline -0.003 -10"><span class='ocrx_word' id='word_1_4' title='bbox 314 259 384 282; x_wconf 89' lang='lat' dir='ltr'><strong>rum</strong></span> <span class='ocrx_word' id='word_1_5' title='bbox 409 261 485 283; x_wconf 82' lang='lat' dir='ltr'><strong>usus</strong></span> <span class='ocrx_word' id='word_1_6' title='bbox 510 251 541 282; x_wconf 90' lang='lat' dir='ltr'><strong>iu</strong></span> <span class='ocrx_word' id='word_1_7' title='bbox 567 259 637 282; x_wconf 88' lang='lat' dir='ltr'><strong>eam</strong></span> <span class='ocrx_word' id='word_1_8' title='bbox 674 248 877 282; x_wconf 84' lang='lat' dir='ltr'><strong>introductus</strong></span> <span class='ocrx_word' id='word_1_9' title='bbox 913 247 1056 291; x_wconf 86' lang='lat' dir='ltr'><strong>reperie-</strong></span> 
     </span>
     <span class='ocr_line' id='line_1_3' title="bbox 313 301 1058 346; baseline -0.005 -10"><span class='ocrx_word' id='word_1_10' title='bbox 313 304 418 342; x_wconf 86' lang='lat' dir='ltr'><strong>batur,</strong></span> <span class='ocrx_word' id='word_1_11' title='bbox 443 309 557 346; x_wconf 88' lang='lat' dir='ltr'><strong>sponte</strong></span> <span class='ocrx_word' id='word_1_12' title='bbox 583 302 843 342; x_wconf 75' lang='lat' dir='ltr'><strong>renunciat-unt,</strong></span> <span class='ocrx_word' id='word_1_13' title='bbox 871 301 909 334; x_wconf 87' lang='lat' dir='ltr'><strong>ad</strong></span> <span class='ocrx_word' id='word_1_14' title='bbox 938 301 1000 334; x_wconf 87' lang='lat' dir='ltr'><strong>lioc</strong></span> <span class='ocrx_word' id='word_1_15' title='bbox 1025 306 1058 332; x_wconf 88' lang='lat' dir='ltr'><strong>ut.</strong></span> 
     </span>
     <span class='ocr_line' id='line_1_4' title="bbox 314 355 1056 400; baseline -0.005 -10"><span class='ocrx_word' id='word_1_16' title='bbox 314 357 468 400; x_wconf 77' lang='lat' dir='ltr'><strong>religiosi,</strong></span> <span class='ocrx_word' id='word_1_17' title='bbox 487 356 575 390; x_wconf 91' lang='lat' dir='ltr'><strong>omni</strong></span> <span class='ocrx_word' id='word_1_18' title='bbox 594 356 764 390; x_wconf 77' lang='lat' dir='ltr'><strong>ambitiosa</strong></span> <span class='ocrx_word' id='word_1_19' title='bbox 785 355 1004 388; x_wconf 65' lang='lat' dir='ltr'><strong>aemulatione</strong></span> <span class='ocrx_word' id='word_1_20' title='bbox 1027 360 1056 386; x_wconf 90' lang='lat' dir='ltr'><strong>et</strong></span> 
     </span>
     <span class='ocr_line' id='line_1_5' title="bbox 316 409 1059 454; baseline -0.003 -11"><span class='ocrx_word' id='word_1_21' title='bbox 316 410 504 454; x_wconf 85' lang='lat' dir='ltr'><strong>temporalis</strong></span> <span class='ocrx_word' id='word_1_22' title='bbox 523 409 746 443; x_wconf 70' lang='lat' dir='ltr'><strong>retributionis</strong></span> <span class='ocrx_word' id='word_1_23' title='bbox 764 409 991 453; x_wconf 68' lang='lat' dir='ltr'><strong>expectatione</strong></span> <span class='ocrx_word' id='word_1_24' title='bbox 1013 419 1059 441; x_wconf 90' lang='lat' dir='ltr'><strong>rc-</strong></span> 
     </span>
     <span class='ocr_line' id='line_1_6' title="bbox 315 462 1056 503; baseline -0.003 -7"><span class='ocrx_word' id='word_1_25' title='bbox 315 464 430 503; x_wconf 88' lang='lat' dir='ltr'><strong>motis,</strong></span> <span class='ocrx_word' id='word_1_26' title='bbox 455 464 634 497; x_wconf 90' lang='lat' dir='ltr'><strong>litterarum</strong></span> <span class='ocrx_word' id='word_1_27' title='bbox 669 463 783 497; x_wconf 86' lang='lat' dir='ltr'><strong>studiis</strong></span> <span class='ocrx_word' id='word_1_28' title='bbox 820 468 850 496; x_wconf 91' lang='lat' dir='ltr'><strong>et</strong></span> <span class='ocrx_word' id='word_1_29' title='bbox 886 462 975 495; x_wconf 76' lang='lat' dir='ltr'><strong>verbi</strong></span> <span class='ocrx_word' id='word_1_30' title='bbox 1001 462 1056 494; x_wconf 88' lang='lat' dir='ltr'><strong>Dei</strong></span> 
     </span>
     <span class='ocr_line' id='line_1_7' title="bbox 315 515 1059 561; baseline -0.003 -11"><span class='ocrx_word' id='word_1_31' title='bbox 315 517 574 561; x_wconf 83' lang='lat' dir='ltr'><strong>praedicationi,</strong></span> <span class='ocrx_word' id='word_1_32' title='bbox 601 517 737 560; x_wconf 81' lang='lat' dir='ltr'><strong>gloriam</strong></span> <span class='ocrx_word' id='word_1_33' title='bbox 763 517 819 549; x_wconf 86' lang='lat' dir='ltr'><strong>Dei</strong></span> <span class='ocrx_word' id='word_1_34' title='bbox 851 522 883 549; x_wconf 89' lang='lat' dir='ltr'><strong>et</strong></span> <span class='ocrx_word' id='word_1_35' title='bbox 907 515 1059 559; x_wconf 85' lang='lat' dir='ltr'><strong>spiritua-</strong></span> 
     </span>
     <span class='ocr_line' id='line_1_8' title="bbox 314 569 1060 604; baseline -0.004 0"><span class='ocrx_word' id='word_1_36' title='bbox 314 571 378 604; x_wconf 90' lang='lat' dir='ltr'><strong>lem</strong></span> <span class='ocrx_word' id='word_1_37' title='bbox 403 570 665 604; x_wconf 70' lang='lat' dir='ltr'><strong>christifidelium</strong></span> <span class='ocrx_word' id='word_1_38' title='bbox 698 570 874 602; x_wconf 84' lang='lat' dir='ltr'><strong>utilitatem</strong></span> <span class='ocrx_word' id='word_1_39' title='bbox 906 569 966 601; x_wconf 88' lang='lat' dir='ltr'><strong>sibi</strong></span> <span class='ocrx_word' id='word_1_40' title='bbox 994 574 1060 601; x_wconf 87' lang='lat' dir='ltr'><strong>tan-</strong></span> 
     </span>
     <span class='ocr_line' id='line_1_9' title="bbox 316 622 1056 668; baseline -0.004 -11"><span class='ocrx_word' id='word_1_41' title='bbox 316 630 382 657; x_wconf 88' lang='lat' dir='ltr'><strong>tum</strong></span> <span class='ocrx_word' id='word_1_42' title='bbox 409 629 645 668; x_wconf 84' lang='lat' dir='ltr'><strong>proponentes,</strong></span> <span class='ocrx_word' id='word_1_43' title='bbox 672 629 807 663; x_wconf 84' lang='lat' dir='ltr'><strong>vacent,</strong></span> <span class='ocrx_word' id='word_1_44' title='bbox 833 623 872 656; x_wconf 89' lang='lat' dir='ltr'><strong>ad</strong></span> <span class='ocrx_word' id='word_1_45' title='bbox 898 622 1056 655; x_wconf 85' lang='lat' dir='ltr'><strong>imitatio-</strong></span> 
     </span>
     <span class='ocr_line' id='line_1_10' title="bbox 315 675 1058 720; baseline -0.004 -10"><span class='ocrx_word' id='word_1_46' title='bbox 315 687 388 710; x_wconf 88' lang='lat' dir='ltr'><strong>nem</strong></span> <span class='ocrx_word' id='word_1_47' title='bbox 425 682 457 710; x_wconf 86' lang='lat' dir='ltr'><strong>et</strong></span> <span class='ocrx_word' id='word_1_48' title='bbox 494 679 677 720; x_wconf 81' lang='lat' dir='ltr'><strong>exemplum</strong></span> <span class='ocrx_word' id='word_1_49' title='bbox 710 676 896 720; x_wconf 85' lang='lat' dir='ltr'><strong>provinciae</strong></span> <span class='ocrx_word' id='word_1_50' title='bbox 929 675 1058 708; x_wconf 83' lang='lat' dir='ltr'><strong>Toleta-</strong></span> 
     </span>
     <span class='ocr_line' id='line_1_11' title="bbox 316 728 1060 773; baseline -0.001 -11"><span class='ocrx_word' id='word_1_51' title='bbox 316 740 390 770; x_wconf 89' lang='lat' dir='ltr'><strong>nae,</strong></span> <span class='ocrx_word' id='word_1_52' title='bbox 419 740 454 762; x_wconf 91' lang='lat' dir='ltr'><strong>ac</strong></span> <span class='ocrx_word' id='word_1_53' title='bbox 480 730 780 773; x_wconf 79' lang='lat' dir='ltr'><strong>Congregationum</strong></span> <span class='ocrx_word' id='word_1_54' title='bbox 803 729 834 762; x_wconf 92' lang='lat' dir='ltr'><strong>S.</strong></span> <span class='ocrx_word' id='word_1_55' title='bbox 862 728 1001 762; x_wconf 85' lang='lat' dir='ltr'><strong>Sabinae</strong></span> <span class='ocrx_word' id='word_1_56' title='bbox 1028 733 1060 761; x_wconf 86' lang='lat' dir='ltr'><strong>et</strong></span> 
     </span>
     <span class='ocr_line' id='line_1_12' title="bbox 316 782 1055 822; baseline -0.001 -7"><span class='ocrx_word' id='word_1_57' title='bbox 316 782 348 815; x_wconf 91' lang='lat' dir='ltr'><strong>S.</strong></span> <span class='ocrx_word' id='word_1_58' title='bbox 389 782 485 816; x_wconf 88' lang='lat' dir='ltr'><strong>Marci</strong></span> <span class='ocrx_word' id='word_1_59' title='bbox 524 783 670 816; x_wconf 88' lang='lat' dir='ltr'><strong>eiusdem</strong></span> <span class='ocrx_word' id='word_1_60' title='bbox 712 782 866 822; x_wconf 82' lang='lat' dir='ltr'><strong>Ordinis,</strong></span> <span class='ocrx_word' id='word_1_61' title='bbox 901 793 937 815; x_wconf 90' lang='lat' dir='ltr'><strong>ac</strong></span> <span class='ocrx_word' id='word_1_62' title='bbox 972 782 1055 815; x_wconf 91' lang='lat' dir='ltr'><strong>dile-</strong></span> 
     </span>
     <span class='ocr_line' id='line_1_13' title="bbox 315 835 1060 878; baseline -0.001 -10"><span class='ocrx_word' id='word_1_63' title='bbox 315 842 386 869; x_wconf 89' lang='lat' dir='ltr'><strong>ctus</strong></span> <span class='ocrx_word' id='word_1_64' title='bbox 404 837 500 869; x_wconf 90' lang='lat' dir='ltr'><strong>etiam</strong></span> <span class='ocrx_word' id='word_1_65' title='bbox 519 836 604 870; x_wconf 85' lang='lat' dir='ltr'><strong>t&#39;ilius</strong></span> <span class='ocrx_word' id='word_1_66' title='bbox 623 836 808 869; x_wconf 79' lang='lat' dir='ltr'><strong>Antoninus</strong></span> <span class='ocrx_word' id='word_1_67' title='bbox 825 835 946 869; x_wconf 78' lang='lat' dir='ltr'><strong>Cloclie</strong></span> <span class='ocrx_word' id='word_1_68' title='bbox 964 835 1060 878; x_wconf 84' lang='lat' dir='ltr'><strong>magi-</strong></span> 
     </span>
     <span class='ocr_line' id='line_1_14' title="bbox 314 889 1059 932; baseline -0.001 -10"><span class='ocrx_word' id='word_1_69' title='bbox 314 896 380 923; x_wconf 86' lang='lat' dir='ltr'><strong>ster</strong></span> <span class='ocrx_word' id='word_1_70' title='bbox 401 890 563 932; x_wconf 87' lang='lat' dir='ltr'><strong>generalis</strong></span> <span class='ocrx_word' id='word_1_71' title='bbox 590 890 664 922; x_wconf 90' lang='lat' dir='ltr'><strong>dicti</strong></span> <span class='ocrx_word' id='word_1_72' title='bbox 690 889 817 923; x_wconf 85' lang='lat' dir='ltr'><strong>Ordinis</strong></span> <span class='ocrx_word' id='word_1_73' title='bbox 847 889 1059 922; x_wconf 85' lang='lat' dir='ltr'><strong>renunciatio-</strong></span> 
     </span>
     <span class='ocr_line' id='line_1_15' title="bbox 314 943 1059 987; baseline -0.001 -11"><span class='ocrx_word' id='word_1_74' title='bbox 314 954 388 977; x_wconf 86' lang='lat' dir='ltr'><strong>nem</strong></span> <span class='ocrx_word' id='word_1_75' title='bbox 404 949 435 976; x_wconf 90' lang='lat' dir='ltr'><strong>et</strong></span> <span class='ocrx_word' id='word_1_76' title='bbox 453 944 692 977; x_wconf 77' lang='lat' dir='ltr'><strong>abdicationem</strong></span> <span class='ocrx_word' id='word_1_77' title='bbox 709 943 898 976; x_wconf 87' lang='lat' dir='ltr'><strong>huiusmodi</strong></span> <span class='ocrx_word' id='word_1_78' title='bbox 914 949 1059 987; x_wconf 87' lang='lat' dir='ltr'><strong>accepta-</strong></span> 
     </span>
     <span class='ocr_line' id='line_1_16' title="bbox 314 997 1057 1037; baseline 0 -8"><span class='ocrx_word' id='word_1_79' title='bbox 314 997 368 1037; x_wconf 81' lang='lat' dir='ltr'><strong>vit,</strong></span> <span class='ocrx_word' id='word_1_80' title='bbox 387 1002 419 1030; x_wconf 86' lang='lat' dir='ltr'><strong>et</strong></span> <span class='ocrx_word' id='word_1_81' title='bbox 448 999 606 1030; x_wconf 87' lang='lat' dir='ltr'><strong>nonnulla</strong></span> <span class='ocrx_word' id='word_1_82' title='bbox 638 997 750 1030; x_wconf 82' lang='lat' dir='ltr'><strong>statuit</strong></span> <span class='ocrx_word' id='word_1_83' title='bbox 775 997 861 1030; x_wconf 89' lang='lat' dir='ltr'><strong>circa</strong></span> <span class='ocrx_word' id='word_1_84' title='bbox 887 997 1057 1036; x_wconf 83' lang='lat' dir='ltr'><strong>honorem,</strong></span> 
     </span>
     <span class='ocr_line' id='line_1_17' title="bbox 316 1051 1059 1094; baseline 0.001 -12"><span class='ocrx_word' id='word_1_85' title='bbox 316 1051 438 1090; x_wconf 88' lang='lat' dir='ltr'><strong>titulos,</strong></span> <span class='ocrx_word' id='word_1_86' title='bbox 465 1051 747 1093; x_wconf 81' lang='lat' dir='ltr'><strong>praeeminentias,</strong></span> <span class='ocrx_word' id='word_1_87' title='bbox 775 1051 1000 1094; x_wconf 75' lang='lat' dir='ltr'><strong>exemptiones</strong></span> <span class='ocrx_word' id='word_1_88' title='bbox 1027 1056 1059 1083; x_wconf 91' lang='lat' dir='ltr'><strong>et</strong></span> 
     </span>
     <span class='ocr_line' id='line_1_18' title="bbox 314 1104 1057 1148; baseline 0 -12"><span class='ocrx_word' id='word_1_89' title='bbox 314 1104 485 1147; x_wconf 83' lang='lat' dir='ltr'><strong>privilegia</strong></span> <span class='ocrx_word' id='word_1_90' title='bbox 499 1104 530 1136; x_wconf 91' lang='lat' dir='ltr'><strong>in</strong></span> <span class='ocrx_word' id='word_1_91' title='bbox 546 1105 690 1148; x_wconf 78' lang='lat' dir='ltr'><strong>praefata</strong></span> <span class='ocrx_word' id='word_1_92' title='bbox 704 1104 964 1147; x_wconf 77' lang='lat' dir='ltr'><strong>Congregatione</strong></span> <span class='ocrx_word' id='word_1_93' title='bbox 979 1104 1057 1136; x_wconf 92' lang='lat' dir='ltr'><strong>nulli</strong></span> 
     </span>
     <span class='ocr_line' id='line_1_19' title="bbox 314 1157 1057 1201; baseline -0.001 -11"><span class='ocrx_word' id='word_1_94' title='bbox 314 1157 347 1190; x_wconf 93' lang='lat' dir='ltr'><strong>in</strong></span> <span class='ocrx_word' id='word_1_95' title='bbox 365 1163 530 1201; x_wconf 87' lang='lat' dir='ltr'><strong>posterum</strong></span> <span class='ocrx_word' id='word_1_96' title='bbox 549 1158 773 1201; x_wconf 86' lang='lat' dir='ltr'><strong>competitura,</strong></span> <span class='ocrx_word' id='word_1_97' title='bbox 789 1162 820 1190; x_wconf 89' lang='lat' dir='ltr'><strong>et</strong></span> <span class='ocrx_word' id='word_1_98' title='bbox 839 1157 1057 1190; x_wconf 79' lang='lat' dir='ltr'><strong>omnimodam</strong></span> 
     </span>
     <span class='ocr_line' id='line_1_20' title="bbox 314 1210 1059 1255; baseline -0.001 -11"><span class='ocrx_word' id='word_1_99' title='bbox 314 1210 399 1244; x_wconf 87' lang='lat' dir='ltr'><strong>inter</strong></span> <span class='ocrx_word' id='word_1_100' title='bbox 423 1222 538 1244; x_wconf 90' lang='lat' dir='ltr'><strong>omnes</strong></span> <span class='ocrx_word' id='word_1_101' title='bbox 558 1212 789 1255; x_wconf 85' lang='lat' dir='ltr'><strong>aequalitatem</strong></span> <span class='ocrx_word' id='word_1_102' title='bbox 809 1211 1009 1251; x_wconf 82' lang='lat' dir='ltr'><strong>servandam,</strong></span> <span class='ocrx_word' id='word_1_103' title='bbox 1028 1217 1059 1244; x_wconf 87' lang='lat' dir='ltr'><strong>et</strong></span> 
     </span>
     <span class='ocr_line' id='line_1_21' title="bbox 314 1264 1057 1308; baseline -0.001 -11"><span class='ocrx_word' id='word_1_104' title='bbox 314 1265 405 1305; x_wconf 76' lang='lat' dir='ltr'><strong>alias,</strong></span> <span class='ocrx_word' id='word_1_105' title='bbox 424 1269 521 1308; x_wconf 90' lang='lat' dir='ltr'><strong>prout</strong></span> <span class='ocrx_word' id='word_1_106' title='bbox 542 1264 680 1298; x_wconf 87' lang='lat' dir='ltr'><strong>ulterius</strong></span> <span class='ocrx_word' id='word_1_107' title='bbox 698 1265 884 1298; x_wconf 83' lang='lat' dir='ltr'><strong>continetur</strong></span> <span class='ocrx_word' id='word_1_108' title='bbox 906 1264 938 1297; x_wconf 93' lang='lat' dir='ltr'><strong>in</strong></span> <span class='ocrx_word' id='word_1_109' title='bbox 956 1264 1057 1308; x_wconf 87' lang='lat' dir='ltr'><strong>ipsius</strong></span> 
     </span>
     <span class='ocr_line' id='line_1_22' title="bbox 314 1318 1059 1362; baseline -0.001 -10"><span class='ocrx_word' id='word_1_110' title='bbox 314 1318 470 1352; x_wconf 87' lang='lat' dir='ltr'><strong>Antonini</strong></span> <span class='ocrx_word' id='word_1_111' title='bbox 495 1318 639 1362; x_wconf 81' lang='lat' dir='ltr'><strong>magistri</strong></span> <span class='ocrx_word' id='word_1_112' title='bbox 659 1319 823 1361; x_wconf 87' lang='lat' dir='ltr'><strong>generalis</strong></span> <span class='ocrx_word' id='word_1_113' title='bbox 849 1319 982 1351; x_wconf 86' lang='lat' dir='ltr'><strong>decreto</strong></span> <span class='ocrx_word' id='word_1_114' title='bbox 1009 1318 1059 1351; x_wconf 88' lang='lat' dir='ltr'><strong>de-</strong></span> 
     </span>
     <span class='ocr_line' id='line_1_23' title="bbox 314 1371 1055 1416; baseline 0.001 -12"><span class='ocrx_word' id='word_1_115' title='bbox 314 1382 415 1416; x_wconf 85' lang='lat' dir='ltr'><strong>super</strong></span> <span class='ocrx_word' id='word_1_116' title='bbox 431 1371 519 1406; x_wconf 91' lang='lat' dir='ltr'><strong>edito</strong></span> <span class='ocrx_word' id='word_1_117' title='bbox 541 1371 665 1405; x_wconf 84' lang='lat' dir='ltr'><strong>tenoris</strong></span> <span class='ocrx_word' id='word_1_118' title='bbox 691 1372 745 1416; x_wconf 88' lang='lat' dir='ltr'><strong>qui</strong></span> <span class='ocrx_word' id='word_1_119' title='bbox 771 1372 940 1415; x_wconf 85' lang='lat' dir='ltr'><strong>sequitur,</strong></span> <span class='ocrx_word' id='word_1_120' title='bbox 964 1372 1055 1405; x_wconf 79' lang='lat' dir='ltr'><strong>vide-</strong></span> 
     </span>
    </p>
   </div>
   <div class='ocr_carea' id='block_1_3' title="bbox 947 197 1089 222">
    <p class='ocr_par' dir='ltr' id='par_1_3' title="bbox 947 197 1089 222">
     <span class='ocr_line' id='line_1_24' title="bbox 947 197 1089 222; baseline -0.007 -1"><span class='ocrx_word' id='word_1_121' title='bbox 947 197 1089 222; x_wconf 66' lang='lat' dir='ltr'>CLEMENS</span> 
     </span>
    </p>
   </div>
   <div class='ocr_carea' id='block_1_4' title="bbox 1100 197 1849 1071">
    <p class='ocr_par' dir='ltr' id='par_1_4' title="bbox 1100 197 1849 1071">
     <span class='ocr_line' id='line_1_25' title="bbox 1115 197 1220 221; baseline 0.01 -1"><span class='ocrx_word' id='word_1_122' title='bbox 1115 197 1147 220; x_wconf 81' lang='lat' dir='ltr'><strong>Xl</strong></span> <span class='ocrx_word' id='word_1_123' title='bbox 1173 198 1220 221; x_wconf 61' lang='lat'>1³1⁸.</span> 
     </span>
     <span class='ocr_line' id='line_1_26' title="bbox 1101 247 1845 286; baseline 0.003 -10"><span class='ocrx_word' id='word_1_124' title='bbox 1101 248 1170 277; x_wconf 82' lang='lat' dir='ltr'><strong>toris</strong></span> <span class='ocrx_word' id='word_1_125' title='bbox 1194 247 1359 285; x_wconf 75' lang='lat' dir='ltr'><strong>generalis,</strong></span> <span class='ocrx_word' id='word_1_126' title='bbox 1384 247 1461 286; x_wconf 85' lang='lat' dir='ltr'><strong>quod</strong></span> <span class='ocrx_word' id='word_1_127' title='bbox 1496 247 1575 277; x_wconf 77' lang='lat' dir='ltr'><strong>nulla</strong></span> <span class='ocrx_word' id='word_1_128' title='bbox 1607 249 1704 278; x_wconf 78' lang='lat' dir='ltr'><strong>futura</strong></span> <span class='ocrx_word' id='word_1_129' title='bbox 1732 248 1769 278; x_wconf 85' lang='lat' dir='ltr'><strong>sit</strong></span> <span class='ocrx_word' id='word_1_130' title='bbox 1792 259 1845 278; x_wconf 87' lang='lat' dir='ltr'><strong>un-</strong></span> 
     </span>
     <span class='ocr_line' id='line_1_27' title="bbox 1100 296 1844 335; baseline 0.003 -11"><span class='ocrx_word' id='word_1_131' title='bbox 1100 305 1187 335; x_wconf 81' lang='lat' dir='ltr'><strong>quam</strong></span> <span class='ocrx_word' id='word_1_132' title='bbox 1220 296 1494 335; x_wconf 87' lang='lat' dir='ltr'><strong>quomodocumque</strong></span> <span class='ocrx_word' id='word_1_133' title='bbox 1524 297 1770 335; x_wconf 83' lang='lat' dir='ltr'><strong>praeeminentia,</strong></span> <span class='ocrx_word' id='word_1_134' title='bbox 1794 298 1844 327; x_wconf 85' lang='lat' dir='ltr'><strong>sed</strong></span> 
     </span>
     <span class='ocr_line' id='line_1_28' title="bbox 1100 345 1844 384; baseline 0.003 -11"><span class='ocrx_word' id='word_1_135' title='bbox 1100 354 1202 374; x_wconf 87' lang='lat' dir='ltr'><strong>omnes</strong></span> <span class='ocrx_word' id='word_1_136' title='bbox 1224 348 1252 374; x_wconf 90' lang='lat' dir='ltr'><strong>et</strong></span> <span class='ocrx_word' id='word_1_137' title='bbox 1275 345 1384 383; x_wconf 82' lang='lat' dir='ltr'><strong>singuli</strong></span> <span class='ocrx_word' id='word_1_138' title='bbox 1413 349 1477 384; x_wconf 87' lang='lat' dir='ltr'><strong>post</strong></span> <span class='ocrx_word' id='word_1_139' title='bbox 1509 346 1677 384; x_wconf 82' lang='lat' dir='ltr'><strong>superiores</strong></span> <span class='ocrx_word' id='word_1_140' title='bbox 1708 354 1759 375; x_wconf 82' lang='lat' dir='ltr'><strong>sua</strong></span> <span class='ocrx_word' id='word_1_141' title='bbox 1782 346 1844 375; x_wconf 83' lang='lat' dir='ltr'><strong>loca</strong></span> 
     </span>
     <span class='ocr_line' id='line_1_29' title="bbox 1101 393 1845 432; baseline 0.001 -11"><span class='ocrx_word' id='word_1_142' title='bbox 1101 398 1228 427; x_wconf 79' lang='lat' dir='ltr'><strong>sumant,</strong></span> <span class='ocrx_word' id='word_1_143' title='bbox 1246 393 1377 422; x_wconf 85' lang='lat' dir='ltr'><strong>ordinem</strong></span> <span class='ocrx_word' id='word_1_144' title='bbox 1402 394 1482 423; x_wconf 82' lang='lat' dir='ltr'><strong>iuxta</strong></span> <span class='ocrx_word' id='word_1_145' title='bbox 1507 393 1695 432; x_wconf 69' lang='lat' dir='ltr'><strong>professionis</strong></span> <span class='ocrx_word' id='word_1_146' title='bbox 1718 394 1845 432; x_wconf 86' lang='lat' dir='ltr'><strong>antiqui-</strong></span> 
     </span>
     <span class='ocr_line' id='line_1_30' title="bbox 1101 441 1844 481; baseline 0 -10"><span class='ocrx_word' id='word_1_147' title='bbox 1101 446 1190 471; x_wconf 84' lang='lat' dir='ltr'><strong>tatem</strong></span> <span class='ocrx_word' id='word_1_148' title='bbox 1207 441 1315 481; x_wconf 87' lang='lat' dir='ltr'><strong>ubique</strong></span> <span class='ocrx_word' id='word_1_149' title='bbox 1339 447 1468 479; x_wconf 77' lang='lat' dir='ltr'><strong>teneant,</strong></span> <span class='ocrx_word' id='word_1_150' title='bbox 1486 442 1600 472; x_wconf 87' lang='lat' dir='ltr'><strong>nullum</strong></span> <span class='ocrx_word' id='word_1_151' title='bbox 1623 442 1741 472; x_wconf 89' lang='lat' dir='ltr'><strong>titulum</strong></span> <span class='ocrx_word' id='word_1_152' title='bbox 1761 451 1844 472; x_wconf 88' lang='lat' dir='ltr'><strong>usur-</strong></span> 
     </span>
     <span class='ocr_line' id='line_1_31' title="bbox 1102 491 1846 531; baseline -0.001 -11"><span class='ocrx_word' id='word_1_153' title='bbox 1102 496 1171 530; x_wconf 85' lang='lat' dir='ltr'><strong>pent</strong></span> <span class='ocrx_word' id='word_1_154' title='bbox 1186 515 1193 529; x_wconf 86' lang='lat'><strong>,</strong></span> <span class='ocrx_word' id='word_1_155' title='bbox 1218 491 1274 521; x_wconf 86' lang='lat' dir='ltr'><strong>nisi</strong></span> <span class='ocrx_word' id='word_1_156' title='bbox 1298 491 1449 521; x_wconf 76' lang='lat' dir='ltr'><strong>dumtaxat</strong></span> <span class='ocrx_word' id='word_1_157' title='bbox 1471 492 1560 521; x_wconf 86' lang='lat' dir='ltr'><strong>oflicii</strong></span> <span class='ocrx_word' id='word_1_158' title='bbox 1590 491 1668 531; x_wconf 86' lang='lat' dir='ltr'><strong>quod</strong></span> <span class='ocrx_word' id='word_1_159' title='bbox 1691 491 1846 521; x_wconf 84' lang='lat' dir='ltr'><strong>actualiter</strong></span> 
     </span>
     <span class='ocr_line' id='line_1_32' title="bbox 1101 540 1846 580; baseline 0.001 -11"><span class='ocrx_word' id='word_1_160' title='bbox 1101 544 1239 570; x_wconf 80' lang='lat' dir='ltr'><strong>exercent</strong></span> <span class='ocrx_word' id='word_1_161' title='bbox 1254 551 1260 577; x_wconf 78' lang='lat'><em>3</em></span> <span class='ocrx_word' id='word_1_162' title='bbox 1278 550 1335 579; x_wconf 89' lang='lat' dir='ltr'><strong>quo</strong></span> <span class='ocrx_word' id='word_1_163' title='bbox 1363 541 1459 570; x_wconf 75' lang='lat' dir='ltr'><strong>officio</strong></span> <span class='ocrx_word' id='word_1_164' title='bbox 1482 541 1609 580; x_wconf 87' lang='lat' dir='ltr'><strong>expleto,</strong></span> <span class='ocrx_word' id='word_1_165' title='bbox 1634 540 1761 577; x_wconf 90' lang='lat' dir='ltr'><strong>nullum,</strong></span> <span class='ocrx_word' id='word_1_166' title='bbox 1787 540 1846 570; x_wconf 89' lang='lat' dir='ltr'><strong>nisi</strong></span> 
     </span>
     <span class='ocr_line' id='line_1_33' title="bbox 1102 589 1847 629; baseline 0.001 -11"><span class='ocrx_word' id='word_1_167' title='bbox 1102 589 1152 629; x_wconf 87' lang='lat' dir='ltr'><strong>qui</strong></span> <span class='ocrx_word' id='word_1_168' title='bbox 1174 589 1301 628; x_wconf 87' lang='lat' dir='ltr'><strong>simplici</strong></span> <span class='ocrx_word' id='word_1_169' title='bbox 1324 589 1461 628; x_wconf 85' lang='lat' dir='ltr'><strong>religioso</strong></span> <span class='ocrx_word' id='word_1_170' title='bbox 1490 590 1639 628; x_wconf 87' lang='lat' dir='ltr'><strong>convenit,</strong></span> <span class='ocrx_word' id='word_1_171' title='bbox 1657 590 1774 620; x_wconf 89' lang='lat' dir='ltr'><strong>titulum</strong></span> <span class='ocrx_word' id='word_1_172' title='bbox 1798 589 1847 619; x_wconf 78' lang='lat' dir='ltr'><strong>ha-</strong></span> 
     </span>
     <span class='ocr_line' id='line_1_34' title="bbox 1102 638 1845 679; baseline 0 -11"><span class='ocrx_word' id='word_1_173' title='bbox 1102 638 1210 674; x_wconf 91' lang='lat' dir='ltr'><strong>beant,</strong></span> <span class='ocrx_word' id='word_1_174' title='bbox 1235 639 1347 668; x_wconf 90' lang='lat' dir='ltr'><strong>nullum</strong></span> <span class='ocrx_word' id='word_1_175' title='bbox 1372 639 1458 669; x_wconf 87' lang='lat' dir='ltr'><strong>etiam</strong></span> <span class='ocrx_word' id='word_1_176' title='bbox 1483 640 1671 679; x_wconf 84' lang='lat' dir='ltr'><strong>privilegium</strong></span> <span class='ocrx_word' id='word_1_177' title='bbox 1698 639 1845 676; x_wconf 87' lang='lat' dir='ltr'><strong>mittendi,</strong></span> 
     </span>
     <span class='ocr_line' id='line_1_35' title="bbox 1103 687 1845 727; baseline -0.001 -10"><span class='ocrx_word' id='word_1_178' title='bbox 1103 688 1147 717; x_wconf 87' lang='lat' dir='ltr'><strong>vel</strong></span> <span class='ocrx_word' id='word_1_179' title='bbox 1171 688 1344 727; x_wconf 82' lang='lat' dir='ltr'><strong>recipiendi,</strong></span> <span class='ocrx_word' id='word_1_180' title='bbox 1366 689 1408 718; x_wconf 91' lang='lat' dir='ltr'><strong>vel</strong></span> <span class='ocrx_word' id='word_1_181' title='bbox 1432 689 1547 727; x_wconf 82' lang='lat' dir='ltr'><strong>legendi</strong></span> <span class='ocrx_word' id='word_1_182' title='bbox 1570 689 1683 719; x_wconf 82' lang='lat' dir='ltr'><strong>litteras</strong></span> <span class='ocrx_word' id='word_1_183' title='bbox 1707 687 1845 723; x_wconf 84' lang='lat' dir='ltr'><strong>habeant,</strong></span> 
     </span>
     <span class='ocr_line' id='line_1_36' title="bbox 1102 737 1847 777; baseline 0 -11"><span class='ocrx_word' id='word_1_184' title='bbox 1102 737 1158 767; x_wconf 87' lang='lat' dir='ltr'><strong>nisi</strong></span> <span class='ocrx_word' id='word_1_185' title='bbox 1181 739 1300 777; x_wconf 77' lang='lat' dir='ltr'><strong>accepta</strong></span> <span class='ocrx_word' id='word_1_186' title='bbox 1319 747 1332 766; x_wconf 89' lang='lat' dir='ltr'><strong>a</strong></span> <span class='ocrx_word' id='word_1_187' title='bbox 1350 738 1501 777; x_wconf 85' lang='lat' dir='ltr'><strong>superiore</strong></span> <span class='ocrx_word' id='word_1_188' title='bbox 1522 738 1654 775; x_wconf 79' lang='lat' dir='ltr'><strong>licentia,</strong></span> <span class='ocrx_word' id='word_1_189' title='bbox 1671 738 1781 768; x_wconf 83' lang='lat' dir='ltr'><strong>nullam</strong></span> <span class='ocrx_word' id='word_1_190' title='bbox 1798 746 1847 767; x_wconf 85' lang='lat' dir='ltr'><strong>ex-</strong></span> 
     </span>
     <span class='ocr_line' id='line_1_37' title="bbox 1102 786 1846 827; baseline 0.001 -12"><span class='ocrx_word' id='word_1_191' title='bbox 1102 787 1284 816; x_wconf 84' lang='lat' dir='ltr'><strong>cusationem</strong></span> <span class='ocrx_word' id='word_1_192' title='bbox 1308 786 1435 817; x_wconf 84' lang='lat' dir='ltr'><strong>habeant</strong></span> <span class='ocrx_word' id='word_1_193' title='bbox 1458 797 1472 816; x_wconf 88' lang='lat' dir='ltr'><strong>a</strong></span> <span class='ocrx_word' id='word_1_194' title='bbox 1497 788 1616 827; x_wconf 70' lang='lat' dir='ltr'><strong>sequela,</strong></span> <span class='ocrx_word' id='word_1_195' title='bbox 1632 787 1727 823; x_wconf 85' lang='lat' dir='ltr'><strong>chori,</strong></span> <span class='ocrx_word' id='word_1_196' title='bbox 1744 790 1794 816; x_wconf 90' lang='lat' dir='ltr'><strong>aut</strong></span> <span class='ocrx_word' id='word_1_197' title='bbox 1811 786 1846 816; x_wconf 83' lang='lat' dir='ltr'><strong>ab</strong></span> 
     </span>
     <span class='ocr_line' id='line_1_38' title="bbox 1102 835 1848 875; baseline 0.001 -10"><span class='ocrx_word' id='word_1_198' title='bbox 1102 844 1191 865; x_wconf 90' lang='lat' dir='ltr'><strong>onere</strong></span> <span class='ocrx_word' id='word_1_199' title='bbox 1214 835 1452 874; x_wconf 86' lang='lat' dir='ltr'><strong>hebdomadarii,</strong></span> <span class='ocrx_word' id='word_1_200' title='bbox 1476 836 1526 865; x_wconf 88' lang='lat' dir='ltr'><strong>sed</strong></span> <span class='ocrx_word' id='word_1_201' title='bbox 1550 836 1718 866; x_wconf 89' lang='lat' dir='ltr'><strong>omnimoda</strong></span> <span class='ocrx_word' id='word_1_202' title='bbox 1741 845 1848 875; x_wconf 81' lang='lat' dir='ltr'><strong>aequa-</strong></span> 
     </span>
     <span class='ocr_line' id='line_1_39' title="bbox 1103 884 1847 916; baseline 0.001 -2"><span class='ocrx_word' id='word_1_203' title='bbox 1103 884 1168 914; x_wconf 83' lang='lat' dir='ltr'><strong>litas</strong></span> <span class='ocrx_word' id='word_1_204' title='bbox 1196 894 1228 915; x_wconf 90' lang='lat' dir='ltr'><strong>ac</strong></span> <span class='ocrx_word' id='word_1_205' title='bbox 1251 885 1435 915; x_wconf 79' lang='lat' dir='ltr'><strong>uniformitas</strong></span> <span class='ocrx_word' id='word_1_206' title='bbox 1458 885 1629 916; x_wconf 85' lang='lat' dir='ltr'><strong>observetur</strong></span> <span class='ocrx_word' id='word_1_207' title='bbox 1652 885 1687 915; x_wconf 89' lang='lat' dir='ltr'><strong>ab</strong></span> <span class='ocrx_word' id='word_1_208' title='bbox 1710 885 1847 915; x_wconf 89' lang='lat' dir='ltr'><strong>omnibus</strong></span> 
     </span>
     <span class='ocr_line' id='line_1_40' title="bbox 1102 934 1849 974; baseline 0 -10"><span class='ocrx_word' id='word_1_209' title='bbox 1102 938 1130 964; x_wconf 85' lang='lat' dir='ltr'><strong>et</strong></span> <span class='ocrx_word' id='word_1_210' title='bbox 1152 934 1247 973; x_wconf 84' lang='lat' dir='ltr'><strong>quoad</strong></span> <span class='ocrx_word' id='word_1_211' title='bbox 1270 935 1379 972; x_wconf 88' lang='lat' dir='ltr'><strong>omnia,</strong></span> <span class='ocrx_word' id='word_1_212' title='bbox 1409 935 1486 964; x_wconf 85' lang='lat' dir='ltr'><strong>inter</strong></span> <span class='ocrx_word' id='word_1_213' title='bbox 1508 943 1617 974; x_wconf 88' lang='lat' dir='ltr'><strong>eosque</strong></span> <span class='ocrx_word' id='word_1_214' title='bbox 1639 934 1700 964; x_wconf 86' lang='lat' dir='ltr'><strong>sola</strong></span> <span class='ocrx_word' id='word_1_215' title='bbox 1725 934 1754 964; x_wconf 88' lang='lat' dir='ltr'><strong>in</strong></span> <span class='ocrx_word' id='word_1_216' title='bbox 1777 934 1849 964; x_wconf 89' lang='lat' dir='ltr'><strong>reli-</strong></span> 
     </span>
     <span class='ocr_line' id='line_1_41' title="bbox 1102 984 1846 1023; baseline 0 -10"><span class='ocrx_word' id='word_1_217' title='bbox 1102 984 1187 1022; x_wconf 83' lang='lat' dir='ltr'><strong>gione</strong></span> <span class='ocrx_word' id='word_1_218' title='bbox 1218 984 1408 1023; x_wconf 83' lang='lat' dir='ltr'><strong>professionis</strong></span> <span class='ocrx_word' id='word_1_219' title='bbox 1438 984 1597 1023; x_wconf 81' lang='lat' dir='ltr'><strong>antiquitas</strong></span> <span class='ocrx_word' id='word_1_220' title='bbox 1624 984 1846 1021; x_wconf 77' lang='lat' dir='ltr'><strong>distinguatur,</strong></span> 
     </span>
     <span class='ocr_line' id='line_1_42' title="bbox 1101 1033 1846 1071; baseline 0 -9"><span class='ocrx_word' id='word_1_221' title='bbox 1101 1033 1207 1063; x_wconf 82' lang='lat' dir='ltr'><strong>ceteris</strong></span> <span class='ocrx_word' id='word_1_222' title='bbox 1219 1033 1284 1063; x_wconf 87' lang='lat' dir='ltr'><strong>aliis</strong></span> <span class='ocrx_word' id='word_1_223' title='bbox 1306 1034 1443 1064; x_wconf 90' lang='lat' dir='ltr'><strong>omnibus</strong></span> <span class='ocrx_word' id='word_1_224' title='bbox 1459 1034 1585 1063; x_wconf 87' lang='lat' dir='ltr'><strong>omissis.</strong></span> <span class='ocrx_word' id='word_1_225' title='bbox 1605 1034 1707 1063; x_wconf 87' lang='lat' dir='ltr'><strong>Datum</strong></span> <span class='ocrx_word' id='word_1_226' title='bbox 1725 1033 1846 1071; x_wconf 74' lang='lat' dir='ltr'><strong>nomae,</strong></span> 
     </span>
    </p>
   </div>
   <div class='ocr_carea' id='block_1_5' title="bbox 1102 1082 1850 1167">
    <p class='ocr_par' dir='ltr' id='par_1_5' title="bbox 1102 1082 1850 1167">
     <span class='ocr_line' id='line_1_43' title="bbox 1102 1082 1850 1121; baseline 0 -10"><span class='ocrx_word' id='word_1_227' title='bbox 1102 1082 1131 1111; x_wconf 90' lang='lat' dir='ltr'><strong>in</strong></span> <span class='ocrx_word' id='word_1_228' title='bbox 1154 1087 1299 1112; x_wconf 88' lang='lat' dir='ltr'><strong>conventu</strong></span> <span class='ocrx_word' id='word_1_229' title='bbox 1323 1087 1423 1113; x_wconf 89' lang='lat' dir='ltr'><strong>nostro</strong></span> <span class='ocrx_word' id='word_1_230' title='bbox 1445 1083 1474 1113; x_wconf 83' lang='lat' dir='ltr'><strong>S.</strong></span> <span class='ocrx_word' id='word_1_231' title='bbox 1499 1083 1606 1113; x_wconf 82' lang='lat' dir='ltr'><strong>Mariae</strong></span> <span class='ocrx_word' id='word_1_232' title='bbox 1632 1091 1721 1121; x_wconf 90' lang='lat' dir='ltr'><strong>super</strong></span> <span class='ocrx_word' id='word_1_233' title='bbox 1742 1082 1850 1112; x_wconf 86' lang='lat' dir='ltr'><strong>Miner-</strong></span> 
     </span>
     <span class='ocr_line' id='line_1_44' title="bbox 1102 1127 1848 1167; baseline 0.001 -11"><span class='ocrx_word' id='word_1_234' title='bbox 1102 1136 1178 1165; x_wconf 85' lang='lat' dir='ltr'><strong>vam,</strong></span> <span class='ocrx_word' id='word_1_235' title='bbox 1196 1128 1243 1157; x_wconf 87' lang='lat' dir='ltr'><strong>die</strong></span> <span class='ocrx_word' id='word_1_236' title='bbox 1265 1136 1314 1156; x_wconf 82' lang='lat' dir='ltr'><strong>vm</strong></span> <span class='ocrx_word' id='word_1_237' title='bbox 1336 1128 1436 1167; x_wconf 80' lang='lat' dir='ltr'><strong>aprilis</strong></span> <span class='ocrx_word' id='word_1_238' title='bbox 1459 1136 1560 1158; x_wconf 74' lang='lat' dir='ltr'><strong>nocet.</strong></span> <span class='ocrx_word' id='word_1_239' title='bbox 1580 1145 1613 1148; x_wconf 86' lang='lat'><strong>——</strong></span> <span class='ocrx_word' id='word_1_240' title='bbox 1633 1127 1732 1157; x_wconf 82' lang='lat' dir='ltr'><strong>Frater</strong></span> <span class='ocrx_word' id='word_1_241' title='bbox 1753 1128 1848 1157; x_wconf 68' lang='lat' dir='ltr'><strong>Amo-</strong></span> 
     </span>
    </p>
   </div>
   <div class='ocr_carea' id='block_1_6' title="bbox 1102 1174 1848 1305">
    <p class='ocr_par' dir='ltr' id='par_1_6' title="bbox 1102 1174 1848 1305">
     <span class='ocr_line' id='line_1_45' title="bbox 1102 1174 1846 1214; baseline 0 -11"><span class='ocrx_word' id='word_1_242' title='bbox 1102 1183 1186 1204; x_wconf 55' lang='lat' dir='ltr'><strong>mars</strong></span> <span class='ocrx_word' id='word_1_243' title='bbox 1212 1175 1328 1205; x_wconf 64' lang='lat' dir='ltr'><strong>Ctocmz</strong></span> <span class='ocrx_word' id='word_1_244' title='bbox 1356 1175 1494 1214; x_wconf 79' lang='lat' dir='ltr'><strong>magister</strong></span> <span class='ocrx_word' id='word_1_245' title='bbox 1521 1175 1648 1206; x_wconf 88' lang='lat' dir='ltr'><strong>Ordinis.</strong></span> <span class='ocrx_word' id='word_1_246' title='bbox 1669 1194 1702 1196; x_wconf 97' lang='lat'><strong>—</strong></span> <span class='ocrx_word' id='word_1_247' title='bbox 1727 1174 1846 1213; x_wconf 65' lang='lat' dir='ltr'><strong>Reyistr.</strong></span> 
     </span>
     <span class='ocr_line' id='line_1_46' title="bbox 1102 1221 1848 1261; baseline 0.001 -11"><span class='ocrx_word' id='word_1_248' title='bbox 1102 1223 1130 1250; x_wconf 86' lang='lat' dir='ltr'><strong>in</strong></span> <span class='ocrx_word' id='word_1_249' title='bbox 1153 1222 1202 1261; x_wconf 80' lang='lat' dir='ltr'><strong>sol.</strong></span> <span class='ocrx_word' id='word_1_250' title='bbox 1227 1222 1273 1252; x_wconf 85' lang='lat'><strong>50.</strong></span> <span class='ocrx_word' id='word_1_251' title='bbox 1298 1240 1333 1243; x_wconf 97' lang='lat'><strong>—</strong></span> <span class='ocrx_word' id='word_1_252' title='bbox 1360 1222 1461 1253; x_wconf 78' lang='lat' dir='ltr'><strong>Frater</strong></span> <span class='ocrx_word' id='word_1_253' title='bbox 1483 1224 1629 1253; x_wconf 70' lang='lat' dir='ltr'><strong>Atovsius</strong></span> <span class='ocrx_word' id='word_1_254' title='bbox 1653 1222 1688 1252; x_wconf 87' lang='lat' dir='ltr'><strong>de</strong></span> <span class='ocrx_word' id='word_1_255' title='bbox 1710 1221 1848 1252; x_wconf 51' lang='lat' dir='ltr'><strong>amaret</strong></span> 
     </span>
     <span class='ocr_line' id='line_1_47' title="bbox 1103 1268 1421 1305; baseline 0.006 -8"><span class='ocrx_word' id='word_1_256' title='bbox 1103 1268 1242 1305; x_wconf 75' lang='lat' dir='ltr'><strong>magister</strong></span> <span class='ocrx_word' id='word_1_257' title='bbox 1264 1273 1292 1299; x_wconf 91' lang='lat' dir='ltr'><strong>et</strong></span> <span class='ocrx_word' id='word_1_258' title='bbox 1314 1269 1421 1299; x_wconf 81' lang='lat' dir='ltr'><strong>socius.</strong></span> 
     </span>
    </p>
   </div>
   <div class='ocr_carea' id='block_1_7' title="bbox 1102 1317 1849 1470">
    <p class='ocr_par' dir='ltr' id='par_1_7' title="bbox 1102 1317 1849 1470">
     <span class='ocr_line' id='line_1_48' title="bbox 1146 1317 1849 1362; baseline 0.003 -13"><span class='ocrx_word' id='word_1_259' title='bbox 1146 1318 1161 1360; x_wconf 60' lang='grc' dir='ltr'>ἓ</span> <span class='ocrx_word' id='word_1_260' title='bbox 1186 1317 1217 1349; x_wconf 70' lang='lat'><strong>2.</strong></span> <span class='ocrx_word' id='word_1_261' title='bbox 1245 1317 1323 1350; x_wconf 88' lang='lat' dir='ltr'><strong>Cum</strong></span> <span class='ocrx_word' id='word_1_262' title='bbox 1348 1323 1471 1358; x_wconf 88' lang='lat' dir='ltr'><strong>autem,</strong></span> <span class='ocrx_word' id='word_1_263' title='bbox 1498 1319 1582 1351; x_wconf 89' lang='lat' dir='ltr'><strong>sicut</strong></span> <span class='ocrx_word' id='word_1_264' title='bbox 1608 1318 1721 1352; x_wconf 86' lang='lat' dir='ltr'><strong>eadem</strong></span> <span class='ocrx_word' id='word_1_265' title='bbox 1749 1329 1849 1362; x_wconf 85' lang='lat' dir='ltr'><strong>expo-</strong></span> 
     </span>
     <span class='ocr_line' id='line_1_49' title="bbox 1102 1366 1848 1416; baseline 0.004 -14"><span class='ocrx_word' id='word_1_266' title='bbox 1102 1370 1176 1404; x_wconf 88' lang='lat' dir='ltr'><strong>sitio</strong></span> <span class='ocrx_word' id='word_1_267' title='bbox 1202 1371 1437 1415; x_wconf 83' lang='lat' dir='ltr'><strong>subiungcbat,</strong></span> <span class='ocrx_word' id='word_1_268' title='bbox 1465 1372 1541 1405; x_wconf 85' lang='lat' dir='ltr'><strong>dicti</strong></span> <span class='ocrx_word' id='word_1_269' title='bbox 1568 1366 1772 1416; x_wconf 71' lang='lat' dir='ltr'><strong>exponentes</strong></span> <span class='ocrx_word' id='word_1_270' title='bbox 1797 1373 1848 1406; x_wconf 87' lang='lat' dir='ltr'><strong>de-</strong></span> 
     </span>
     <span class='ocr_line' id='line_1_50' title="bbox 1104 1425 1848 1470; baseline 0.001 -13"><span class='ocrx_word' id='word_1_271' title='bbox 1104 1431 1225 1458; x_wconf 89' lang='lat' dir='ltr'><strong>cretum</strong></span> <span class='ocrx_word' id='word_1_272' title='bbox 1254 1426 1453 1467; x_wconf 83' lang='lat' dir='ltr'><strong>huiusmodi,</strong></span> <span class='ocrx_word' id='word_1_273' title='bbox 1472 1437 1535 1470; x_wconf 92' lang='lat' dir='ltr'><strong>quo</strong></span> <span class='ocrx_word' id='word_1_274' title='bbox 1555 1425 1677 1459; x_wconf 83' lang='lat' dir='ltr'><strong>firmius</strong></span> <span class='ocrx_word' id='word_1_275' title='bbox 1696 1426 1848 1459; x_wconf 82' lang='lat' dir='ltr'><strong>subsistat</strong></span> 
     </span>
    </p>
   </div>
   <div class='ocr_carea' id='block_1_8' title="bbox 1760 191 2031 227">
    <p class='ocr_par' dir='ltr' id='par_1_8' title="bbox 1760 191 2031 227">
     <span class='ocr_line' id='line_1_51' title="bbox 1760 191 2031 227; baseline 0.011 -4"><span class='ocrx_word' id='word_1_276' title='bbox 1760 191 1802 223; x_wconf 65' lang='grc' dir='ltr'><strong>[ὦ</strong></span> <span class='ocrx_word' id='word_1_277' title='bbox 1849 198 1898 225; x_wconf 88' lang='lat' dir='ltr'><strong>An.</strong></span> <span class='ocrx_word' id='word_1_278' title='bbox 1915 198 1943 226; x_wconf 87' lang='lat' dir='ltr'><strong>C.</strong></span> <span class='ocrx_word' id='word_1_279' title='bbox 1965 199 2031 227; x_wconf 69' lang='lat'><strong>1701</strong></span> 
     </span>
    </p>
   </div>
   <div class='ocr_carea' id='block_1_9' title="bbox 1859 1327 2044 1376">
    <p class='ocr_par' dir='ltr' id='par_1_9' title="bbox 1859 1327 2044 1376">
     <span class='ocr_line' id='line_1_52' title="bbox 1908 1327 2044 1349; baseline 0.007 -2"><span class='ocrx_word' id='word_1_280' title='bbox 1908 1327 2044 1349; x_wconf 60' lang='lat' dir='ltr'><strong>confirmans</strong></span> 
     </span>
     <span class='ocr_line' id='line_1_53' title="bbox 1859 1355 2027 1376; baseline 0.006 -1"><span class='ocrx_word' id='word_1_281' title='bbox 1859 1355 1921 1375; x_wconf 76' lang='lat' dir='ltr'><strong>cotan</strong></span> <span class='ocrx_word' id='word_1_282' title='bbox 1936 1356 2027 1376; x_wconf 72' lang='lat' dir='ltr'><strong>decretl.</strong></span> 
     </span>
    </p>
   </div>
   <div class='ocr_carea' id='block_1_10' title="bbox 123 1425 1063 1571">
    <p class='ocr_par' dir='ltr' id='par_1_10' title="bbox 123 1425 1063 1571">
     <span class='ocr_line' id='line_1_54' title="bbox 301 1425 410 1459; baseline 0.009 -1"><span class='ocrx_word' id='word_1_283' title='bbox 301 1425 410 1459; x_wconf 88' lang='lat' dir='ltr'><strong>·licet:</strong></span> 
     </span>
     <span class='ocr_line' id='line_1_55' title="bbox 138 1478 1062 1521; baseline -0.003 -9"><span class='ocrx_word' id='word_1_284' title='bbox 138 1491 252 1521; x_wconf 56' lang='lat' dir='ltr'><strong>then-inm</strong></span> <span class='ocrx_word' id='word_1_285' title='bbox 262 1496 306 1521; x_wconf 55' lang='lat' dir='ltr'><strong>ma·</strong></span> <span class='ocrx_word' id='word_1_286' title='bbox 355 1478 412 1509; x_wconf 88' lang='lat' dir='ltr'><strong>Nos</strong></span> <span class='ocrx_word' id='word_1_287' title='bbox 427 1479 516 1509; x_wconf 83' lang='lat' dir='ltr'><strong>frater</strong></span> <span class='ocrx_word' id='word_1_288' title='bbox 528 1479 692 1510; x_wconf 78' lang='lat' dir='ltr'><strong>Antoninus</strong></span> <span class='ocrx_word' id='word_1_289' title='bbox 705 1479 820 1518; x_wconf 79' lang='lat' dir='ltr'><strong>Cloche,</strong></span> <span class='ocrx_word' id='word_1_290' title='bbox 838 1489 938 1510; x_wconf 87' lang='lat' dir='ltr'><strong>sacrae</strong></span> <span class='ocrx_word' id='word_1_291' title='bbox 952 1479 1062 1509; x_wconf 81' lang='lat' dir='ltr'><strong>theolo-</strong></span> 
     </span>
     <span class='ocr_line' id='line_1_56' title="bbox 123 1518 1063 1571; baseline -0.001 -12"><span class='ocrx_word' id='word_1_292' title='bbox 123 1518 382 1571; x_wconf 51' lang='lat' dir='ltr'><strong>fissssss‘ssoffssffss&#39;fflssgiae</strong></span> <span class='ocrx_word' id='word_1_293' title='bbox 405 1528 554 1567; x_wconf 86' lang='lat' dir='ltr'><strong>professor</strong></span> <span class='ocrx_word' id='word_1_294' title='bbox 564 1551 575 1566; x_wconf 46' lang='lat'><strong>‚‚</strong></span> <span class='ocrx_word' id='word_1_295' title='bbox 599 1538 632 1559; x_wconf 86' lang='lat' dir='ltr'><strong>ac</strong></span> <span class='ocrx_word' id='word_1_296' title='bbox 655 1529 745 1559; x_wconf 88' lang='lat' dir='ltr'><strong>totius</strong></span> <span class='ocrx_word' id='word_1_297' title='bbox 767 1528 886 1559; x_wconf 91' lang='lat' dir='ltr'><strong>Ordinis</strong></span> <span class='ocrx_word' id='word_1_298' title='bbox 909 1529 1063 1559; x_wconf 84' lang='lat' dir='ltr'><strong>Praedica-</strong></span> 
     </span>
    </p>
   </div>
   <div class='ocr_carea' id='block_1_11' title="bbox 124 1571 1060 1616">
    <p class='ocr_par' dir='ltr' id='par_1_11' title="bbox 124 1571 1060 1616">
     <span class='ocr_line' id='line_1_57' title="bbox 124 1571 1060 1616; baseline 0.002 -11"><span class='ocrx_word' id='word_1_299' title='bbox 124 1571 232 1593; x_wconf 68' lang='lat'><strong>¹³&#39;“⁵⁰³¹‘⁰</strong></span> <span class='ocrx_word' id='word_1_300' title='bbox 247 1577 307 1598; x_wconf 51' lang='grc' dir='ltr'><strong>ΡΜ·</strong></span> <span class='ocrx_word' id='word_1_301' title='bbox 318 1581 414 1607; x_wconf 87' lang='lat' dir='ltr'><strong>torum</strong></span> <span class='ocrx_word' id='word_1_302' title='bbox 436 1577 556 1607; x_wconf 91' lang='lat' dir='ltr'><strong>humilis</strong></span> <span class='ocrx_word' id='word_1_303' title='bbox 578 1578 718 1616; x_wconf 84' lang='lat' dir='ltr'><strong>magister</strong></span> <span class='ocrx_word' id='word_1_304' title='bbox 739 1578 886 1616; x_wconf 86' lang='lat' dir='ltr'><strong>generalis</strong></span> <span class='ocrx_word' id='word_1_305' title='bbox 904 1582 932 1608; x_wconf 87' lang='lat' dir='ltr'><strong>et</strong></span> <span class='ocrx_word' id='word_1_306' title='bbox 947 1587 1060 1608; x_wconf 87' lang='lat' dir='ltr'><strong>servus.</strong></span> 
     </span>
    </p>
   </div>
   <div class='ocr_carea' id='block_1_12' title="bbox 1104 1479 1851 1577">
    <p class='ocr_par' dir='ltr' id='par_1_12' title="bbox 1104 1479 1851 1577">
     <span class='ocr_line' id='line_1_58' title="bbox 1105 1479 1851 1524; baseline 0 -13"><span class='ocrx_word' id='word_1_307' title='bbox 1105 1484 1136 1511; x_wconf 87' lang='lat' dir='ltr'><strong>et</strong></span> <span class='ocrx_word' id='word_1_308' title='bbox 1160 1485 1306 1512; x_wconf 82' lang='lat' dir='ltr'><strong>servetur</strong></span> <span class='ocrx_word' id='word_1_309' title='bbox 1330 1480 1484 1520; x_wconf 64' lang='lat' dir='ltr'><strong>exactius,</strong></span> <span class='ocrx_word' id='word_1_310' title='bbox 1507 1480 1708 1524; x_wconf 71' lang='lat' dir='ltr'><strong>apostolicae</strong></span> <span class='ocrx_word' id='word_1_311' title='bbox 1734 1479 1851 1513; x_wconf 79' lang='lat' dir='ltr'><strong>contir-</strong></span> 
     </span>
     <span class='ocr_line' id='line_1_59' title="bbox 1104 1533 1849 1577; baseline 0 -12"><span class='ocrx_word' id='word_1_312' title='bbox 1104 1533 1254 1566; x_wconf 87' lang='lat' dir='ltr'><strong>mationis</strong></span> <span class='ocrx_word' id='word_1_313' title='bbox 1281 1538 1410 1566; x_wconf 83' lang='lat' dir='ltr'><strong>nostrae</strong></span> <span class='ocrx_word' id='word_1_314' title='bbox 1443 1533 1629 1577; x_wconf 86' lang='lat' dir='ltr'><strong>patrocinio</strong></span> <span class='ocrx_word' id='word_1_315' title='bbox 1656 1533 1849 1567; x_wconf 89' lang='lat' dir='ltr'><strong>communiri</strong></span> 
     </span>
    </p>
   </div>
   <div class='ocr_carea' id='block_1_13' title="bbox 125 1598 1064 2599">
    <p class='ocr_par' dir='ltr' id='par_1_13' title="bbox 125 1598 189 1618">
     <span class='ocr_line' id='line_1_60' title="bbox 125 1598 189 1618; baseline 0 0"><span class='ocrx_word' id='word_1_316' title='bbox 125 1598 189 1618; x_wconf 68' lang='lat' dir='ltr'><strong>dicta.</strong></span> 
     </span>
    </p>

    <p class='ocr_par' dir='ltr' id='par_1_14' title="bbox 317 1625 1064 2599">
     <span class='ocr_line' id='line_1_61' title="bbox 318 1625 1061 1666; baseline 0.003 -11"><span class='ocrx_word' id='word_1_317' title='bbox 318 1625 415 1664; x_wconf 85' lang='lat' dir='ltr'><strong>Exigit</strong></span> <span class='ocrx_word' id='word_1_318' title='bbox 431 1626 521 1656; x_wconf 86' lang='lat' dir='ltr'><strong>officii</strong></span> <span class='ocrx_word' id='word_1_319' title='bbox 542 1627 636 1657; x_wconf 91' lang='lat' dir='ltr'><strong>nostri</strong></span> <span class='ocrx_word' id='word_1_320' title='bbox 657 1628 740 1665; x_wconf 90' lang='lat' dir='ltr'><strong>ratio,</strong></span> <span class='ocrx_word' id='word_1_321' title='bbox 758 1631 788 1657; x_wconf 84' lang='lat' dir='ltr'><strong>ut</strong></span> <span class='ocrx_word' id='word_1_322' title='bbox 808 1627 837 1657; x_wconf 91' lang='lat' dir='ltr'><strong>in</strong></span> <span class='ocrx_word' id='word_1_323' title='bbox 858 1632 920 1657; x_wconf 87' lang='lat' dir='ltr'><strong>vota</strong></span> <span class='ocrx_word' id='word_1_324' title='bbox 946 1631 1061 1666; x_wconf 88' lang='lat' dir='ltr'><strong>patrum</strong></span> 
     </span>
     <span class='ocr_line' id='line_1_62' title="bbox 319 1674 1063 1715; baseline 0.003 -11"><span class='ocrx_word' id='word_1_325' title='bbox 319 1674 537 1715; x_wconf 82' lang='lat' dir='ltr'><strong>provinciarum</strong></span> <span class='ocrx_word' id='word_1_326' title='bbox 560 1680 587 1705; x_wconf 87' lang='lat' dir='ltr'><strong>et</strong></span> <span class='ocrx_word' id='word_1_327' title='bbox 615 1677 875 1714; x_wconf 83' lang='lat' dir='ltr'><strong>congregationum</strong></span> <span class='ocrx_word' id='word_1_328' title='bbox 906 1676 1063 1715; x_wconf 81' lang='lat' dir='ltr'><strong>aliquando</strong></span> 
     </span>
     <span class='ocr_line' id='line_1_63' title="bbox 319 1722 1064 1765; baseline 0.004 -12"><span class='ocrx_word' id='word_1_329' title='bbox 319 1722 552 1761; x_wconf 85' lang='lat' dir='ltr'><strong>descendamus,</strong></span> <span class='ocrx_word' id='word_1_330' title='bbox 576 1733 737 1764; x_wconf 88' lang='lat' dir='ltr'><strong>earumque</strong></span> <span class='ocrx_word' id='word_1_331' title='bbox 771 1725 908 1765; x_wconf 84' lang='lat' dir='ltr'><strong>precibus</strong></span> <span class='ocrx_word' id='word_1_332' title='bbox 940 1726 1064 1756; x_wconf 88' lang='lat' dir='ltr'><strong>incline-</strong></span> 
     </span>
     <span class='ocr_line' id='line_1_64' title="bbox 319 1773 1063 1815; baseline 0.004 -13"><span class='ocrx_word' id='word_1_333' title='bbox 319 1781 396 1803; x_wconf 86' lang='lat' dir='ltr'><strong>mur.</strong></span> <span class='ocrx_word' id='word_1_334' title='bbox 410 1773 516 1811; x_wconf 85' lang='lat' dir='ltr'><strong>Quare,</strong></span> <span class='ocrx_word' id='word_1_335' title='bbox 531 1783 597 1803; x_wconf 90' lang='lat' dir='ltr'><strong>cum</strong></span> <span class='ocrx_word' id='word_1_336' title='bbox 614 1774 792 1804; x_wconf 90' lang='lat' dir='ltr'><strong>reverendus</strong></span> <span class='ocrx_word' id='word_1_337' title='bbox 808 1774 964 1805; x_wconf 84' lang='lat' dir='ltr'><strong>admodum</strong></span> <span class='ocrx_word' id='word_1_338' title='bbox 982 1780 1063 1815; x_wconf 89' lang='lat' dir='ltr'><strong>pater</strong></span> 
     </span>
     <span class='ocr_line' id='line_1_65' title="bbox 317 1821 1063 1864; baseline 0.004 -13"><span class='ocrx_word' id='word_1_339' title='bbox 317 1821 445 1852; x_wconf 87' lang='lat' dir='ltr'><strong>vicarius</strong></span> <span class='ocrx_word' id='word_1_340' title='bbox 459 1823 605 1861; x_wconf 84' lang='lat' dir='ltr'><strong>generalis</strong></span> <span class='ocrx_word' id='word_1_341' title='bbox 621 1823 769 1863; x_wconf 85' lang='lat' dir='ltr'><strong>ceterique</strong></span> <span class='ocrx_word' id='word_1_342' title='bbox 792 1824 944 1854; x_wconf 89' lang='lat' dir='ltr'><strong>reverendi</strong></span> <span class='ocrx_word' id='word_1_343' title='bbox 965 1829 1063 1864; x_wconf 90' lang='lat' dir='ltr'><strong>patres</strong></span> 
     </span>
     <span class='ocr_line' id='line_1_66' title="bbox 317 1870 1064 1910; baseline 0.004 -10"><span class='ocrx_word' id='word_1_344' title='bbox 317 1870 559 1910; x_wconf 80' lang='lat' dir='ltr'><strong>congregationis</strong></span> <span class='ocrx_word' id='word_1_345' title='bbox 579 1877 698 1902; x_wconf 88' lang='lat' dir='ltr'><strong>nostrae</strong></span> <span class='ocrx_word' id='word_1_346' title='bbox 715 1871 792 1902; x_wconf 87' lang='lat' dir='ltr'><strong>beati</strong></span> <span class='ocrx_word' id='word_1_347' title='bbox 814 1872 910 1903; x_wconf 87' lang='lat' dir='ltr'><strong>lacobi</strong></span> <span class='ocrx_word' id='word_1_348' title='bbox 930 1872 1064 1903; x_wconf 73' lang='lat' dir='ltr'><strong>Venetia—</strong></span> 
     </span>
     <span class='ocr_line' id='line_1_67' title="bbox 317 1919 1063 1961; baseline 0.004 -12"><span class='ocrx_word' id='word_1_349' title='bbox 317 1929 380 1950; x_wconf 92' lang='lat' dir='ltr'><strong>rum</strong></span> <span class='ocrx_word' id='word_1_350' title='bbox 396 1919 496 1950; x_wconf 88' lang='lat' dir='ltr'><strong>libello</strong></span> <span class='ocrx_word' id='word_1_351' title='bbox 518 1921 642 1961; x_wconf 89' lang='lat' dir='ltr'><strong>supplici</strong></span> <span class='ocrx_word' id='word_1_352' title='bbox 656 1921 740 1951; x_wconf 89' lang='lat' dir='ltr'><strong>nobis</strong></span> <span class='ocrx_word' id='word_1_353' title='bbox 755 1923 953 1961; x_wconf 86' lang='lat' dir='ltr'><strong>exposuerint,</strong></span> <span class='ocrx_word' id='word_1_354' title='bbox 968 1932 998 1952; x_wconf 84' lang='lat' dir='ltr'><strong>se</strong></span> <span class='ocrx_word' id='word_1_355' title='bbox 1016 1932 1063 1952; x_wconf 86' lang='lat' dir='ltr'><strong>ve—</strong></span> 
     </span>
     <span class='ocr_line' id='line_1_68' title="bbox 317 1969 1064 2010; baseline 0.004 -11"><span class='ocrx_word' id='word_1_356' title='bbox 317 1969 469 2000; x_wconf 89' lang='lat' dir='ltr'><strong>hementer</strong></span> <span class='ocrx_word' id='word_1_357' title='bbox 482 1975 582 2010; x_wconf 82' lang='lat' dir='ltr'><strong>optare</strong></span> <span class='ocrx_word' id='word_1_358' title='bbox 594 1971 732 2009; x_wconf 80' lang='lat' dir='ltr'><strong>gradibus</strong></span> <span class='ocrx_word' id='word_1_359' title='bbox 744 1970 891 2008; x_wconf 88' lang='lat' dir='ltr'><strong>omnibus,</strong></span> <span class='ocrx_word' id='word_1_360' title='bbox 908 1981 959 2001; x_wconf 88' lang='lat' dir='ltr'><strong>seu</strong></span> <span class='ocrx_word' id='word_1_361' title='bbox 974 1972 1064 2010; x_wconf 76' lang='lat' dir='ltr'><strong>magi—</strong></span> 
     </span>
     <span class='ocr_line' id='line_1_69' title="bbox 317 2019 1063 2060; baseline 0.003 -12"><span class='ocrx_word' id='word_1_362' title='bbox 317 2019 383 2057; x_wconf 87' lang='lat' dir='ltr'><strong>stri,</strong></span> <span class='ocrx_word' id='word_1_363' title='bbox 403 2028 454 2048; x_wconf 87' lang='lat' dir='ltr'><strong>seu</strong></span> <span class='ocrx_word' id='word_1_364' title='bbox 472 2019 667 2057; x_wconf 87' lang='lat' dir='ltr'><strong>baccalaurei,</strong></span> <span class='ocrx_word' id='word_1_365' title='bbox 684 2029 735 2050; x_wconf 90' lang='lat' dir='ltr'><strong>seu</strong></span> <span class='ocrx_word' id='word_1_366' title='bbox 753 2020 961 2060; x_wconf 88' lang='lat' dir='ltr'><strong>praedicatoris</strong></span> <span class='ocrx_word' id='word_1_367' title='bbox 976 2030 1063 2059; x_wconf 86' lang='lat' dir='ltr'><strong>gene-</strong></span> 
     </span>
     <span class='ocr_line' id='line_1_70' title="bbox 317 2067 1063 2110; baseline 0.005 -14"><span class='ocrx_word' id='word_1_368' title='bbox 317 2067 399 2106; x_wconf 86' lang='lat' dir='ltr'><strong>ralis,</strong></span> <span class='ocrx_word' id='word_1_369' title='bbox 425 2077 584 2108; x_wconf 84' lang='lat' dir='ltr'><strong>eorumque</strong></span> <span class='ocrx_word' id='word_1_370' title='bbox 602 2069 716 2105; x_wconf 83' lang='lat' dir='ltr'><strong>titulis,</strong></span> <span class='ocrx_word' id='word_1_371' title='bbox 741 2069 873 2104; x_wconf 86' lang='lat' dir='ltr'><strong>iuribus,</strong></span> <span class='ocrx_word' id='word_1_372' title='bbox 899 2070 1063 2110; x_wconf 82' lang='lat' dir='ltr'><strong>ceterisque</strong></span> 
     </span>
     <span class='ocr_line' id='line_1_71' title="bbox 318 2116 1064 2156; baseline 0.005 -11"><span class='ocrx_word' id='word_1_373' title='bbox 318 2116 453 2146; x_wconf 88' lang='lat' dir='ltr'><strong>omnibus</strong></span> <span class='ocrx_word' id='word_1_374' title='bbox 478 2118 720 2156; x_wconf 85' lang='lat' dir='ltr'><strong>praeeminentiis</strong></span> <span class='ocrx_word' id='word_1_375' title='bbox 744 2119 920 2148; x_wconf 86' lang='lat' dir='ltr'><strong>renunciare</strong></span> <span class='ocrx_word' id='word_1_376' title='bbox 952 2128 966 2148; x_wconf 88' lang='lat' dir='ltr'><strong>a</strong></span> <span class='ocrx_word' id='word_1_377' title='bbox 995 2129 1064 2149; x_wconf 92' lang='lat' dir='ltr'><strong>con-</strong></span> 
     </span>
     <span class='ocr_line' id='line_1_72' title="bbox 317 2165 1064 2207; baseline 0.004 -13"><span class='ocrx_word' id='word_1_378' title='bbox 317 2165 518 2196; x_wconf 86' lang='lat' dir='ltr'><strong>stitutionibus</strong></span> <span class='ocrx_word' id='word_1_379' title='bbox 534 2167 641 2196; x_wconf 86' lang='lat' dir='ltr'><strong>nostris</strong></span> <span class='ocrx_word' id='word_1_380' title='bbox 657 2167 816 2205; x_wconf 82' lang='lat' dir='ltr'><strong>concessis,</strong></span> <span class='ocrx_word' id='word_1_381' title='bbox 831 2176 932 2197; x_wconf 87' lang='lat' dir='ltr'><strong>eorum</strong></span> <span class='ocrx_word' id='word_1_382' title='bbox 951 2168 1064 2207; x_wconf 89' lang='lat' dir='ltr'><strong>petitio-</strong></span> 
     </span>
     <span class='ocr_line' id='line_1_73' title="bbox 317 2213 1063 2255; baseline 0.004 -12"><span class='ocrx_word' id='word_1_383' title='bbox 317 2213 403 2244; x_wconf 89' lang='lat' dir='ltr'><strong>nibus</strong></span> <span class='ocrx_word' id='word_1_384' title='bbox 426 2217 548 2254; x_wconf 79' lang='lat' dir='ltr'><strong>paterna</strong></span> <span class='ocrx_word' id='word_1_385' title='bbox 563 2216 749 2255; x_wconf 64' lang='lat' dir='ltr'><strong>providentia</strong></span> <span class='ocrx_word' id='word_1_386' title='bbox 770 2220 945 2254; x_wconf 82' lang='lat' dir='ltr'><strong>annuentes,</strong></span> <span class='ocrx_word' id='word_1_387' title='bbox 963 2221 1063 2246; x_wconf 88' lang='lat' dir='ltr'><strong>tenore</strong></span> 
     </span>
     <span class='ocr_line' id='line_1_74' title="bbox 319 2264 1062 2304; baseline 0.003 -11"><span class='ocrx_word' id='word_1_388' title='bbox 319 2264 519 2302; x_wconf 86' lang='lat' dir='ltr'><strong>praesentium</strong></span> <span class='ocrx_word' id='word_1_389' title='bbox 537 2289 544 2303; x_wconf 93' lang='lat'><strong>,</strong></span> <span class='ocrx_word' id='word_1_390' title='bbox 576 2265 728 2304; x_wconf 89' lang='lat' dir='ltr'><strong>nostrique</strong></span> <span class='ocrx_word' id='word_1_391' title='bbox 764 2265 939 2295; x_wconf 85' lang='lat' dir='ltr'><strong>auctoritate</strong></span> <span class='ocrx_word' id='word_1_392' title='bbox 962 2265 1062 2304; x_wconf 83' lang='lat' dir='ltr'><strong>officii,</strong></span> 
     </span>
     <span class='ocr_line' id='line_1_75' title="bbox 318 2314 1061 2353; baseline 0.004 -11"><span class='ocrx_word' id='word_1_393' title='bbox 318 2317 504 2352; x_wconf 84' lang='lat' dir='ltr'><strong>acceptamus</strong></span> <span class='ocrx_word' id='word_1_394' title='bbox 536 2314 690 2344; x_wconf 80' lang='lat' dir='ltr'><strong>reverendi</strong></span> <span class='ocrx_word' id='word_1_395' title='bbox 723 2315 866 2344; x_wconf 89' lang='lat' dir='ltr'><strong>Antonini</strong></span> <span class='ocrx_word' id='word_1_396' title='bbox 902 2315 992 2353; x_wconf 86' lang='lat' dir='ltr'><strong>patris</strong></span> <span class='ocrx_word' id='word_1_397' title='bbox 1023 2315 1061 2345; x_wconf 72' lang='lat' dir='ltr'><strong>vi-</strong></span> 
     </span>
     <span class='ocr_line' id='line_1_76' title="bbox 318 2362 1061 2404; baseline 0.004 -13"><span class='ocrx_word' id='word_1_398' title='bbox 318 2362 391 2391; x_wconf 88' lang='lat' dir='ltr'><strong>carii</strong></span> <span class='ocrx_word' id='word_1_399' title='bbox 412 2363 558 2401; x_wconf 83' lang='lat' dir='ltr'><strong>generalis</strong></span> <span class='ocrx_word' id='word_1_400' title='bbox 588 2363 772 2403; x_wconf 89' lang='lat' dir='ltr'><strong>aliorumque</strong></span> <span class='ocrx_word' id='word_1_401' title='bbox 806 2368 920 2403; x_wconf 89' lang='lat' dir='ltr'><strong>patrum</strong></span> <span class='ocrx_word' id='word_1_402' title='bbox 944 2369 1061 2404; x_wconf 84' lang='lat' dir='ltr'><strong>sponta-</strong></span> 
     </span>
     <span class='ocr_line' id='line_1_77' title="bbox 318 2411 1062 2457; baseline 0.004 -17"><span class='ocrx_word' id='word_1_403' title='bbox 318 2419 404 2440; x_wconf 88' lang='lat' dir='ltr'><strong>neam</strong></span> <span class='ocrx_word' id='word_1_404' title='bbox 426 2411 641 2442; x_wconf 87' lang='lat' dir='ltr'><strong>abdicationem</strong></span> <span class='ocrx_word' id='word_1_405' title='bbox 658 2413 805 2457; x_wconf 39' lang='lat' dir='ltr'><strong>‚graduum</strong></span> <span class='ocrx_word' id='word_1_406' title='bbox 829 2414 960 2443; x_wconf 90' lang='lat' dir='ltr'><strong>omnium</strong></span> <span class='ocrx_word' id='word_1_407' title='bbox 976 2413 1012 2443; x_wconf 85' lang='lat' dir='ltr'><strong>ab</strong></span> <span class='ocrx_word' id='word_1_408' title='bbox 1028 2414 1062 2443; x_wconf 90' lang='lat' dir='ltr'><strong>iis</strong></span> 
     </span>
     <span class='ocr_line' id='line_1_78' title="bbox 318 2459 1062 2502; baseline 0.007 -14"><span class='ocrx_word' id='word_1_409' title='bbox 318 2459 424 2489; x_wconf 89' lang='lat' dir='ltr'><strong>factam</strong></span> <span class='ocrx_word' id='word_1_410' title='bbox 441 2485 448 2499; x_wconf 87' lang='lat'><strong>,</strong></span> <span class='ocrx_word' id='word_1_411' title='bbox 473 2462 687 2501; x_wconf 85' lang='lat' dir='ltr'><strong>statuimusque</strong></span> <span class='ocrx_word' id='word_1_412' title='bbox 720 2462 750 2492; x_wconf 92' lang='lat' dir='ltr'><strong>in</strong></span> <span class='ocrx_word' id='word_1_413' title='bbox 781 2467 931 2501; x_wconf 91' lang='lat' dir='ltr'><strong>posterum</strong></span> <span class='ocrx_word' id='word_1_414' title='bbox 950 2487 957 2501; x_wconf 89' lang='lat'><strong>,</strong></span> <span class='ocrx_word' id='word_1_415' title='bbox 986 2463 1062 2502; x_wconf 87' lang='lat' dir='ltr'><strong>quod</strong></span> 
     </span>
     <span class='ocr_line' id='line_1_79' title="bbox 320 2500 1064 2548; baseline 0.008 -13"><span class='ocrx_word' id='word_1_416' title='bbox 320 2507 393 2537; x_wconf 89' lang='lat' dir='ltr'><strong>nulli</strong></span> <span class='ocrx_word' id='word_1_417' title='bbox 409 2508 439 2538; x_wconf 90' lang='lat' dir='ltr'><strong>in</strong></span> <span class='ocrx_word' id='word_1_418' title='bbox 455 2500 491 2538; x_wconf 70' lang='lat' dir='ltr'><strong>ea‘</strong></span> <span class='ocrx_word' id='word_1_419' title='bbox 510 2509 741 2548; x_wconf 82' lang='lat' dir='ltr'><strong>Congregatione</strong></span> <span class='ocrx_word' id='word_1_420' title='bbox 765 2515 954 2541; x_wconf 84' lang='lat' dir='ltr'><strong>assumantur</strong></span> <span class='ocrx_word' id='word_1_421' title='bbox 970 2516 997 2541; x_wconf 91' lang='lat' dir='ltr'><strong>et</strong></span> <span class='ocrx_word' id='word_1_422' title='bbox 1013 2511 1064 2541; x_wconf 89' lang='lat' dir='ltr'><strong>ad-</strong></span> 
     </span>
     <span class='ocr_line' id='line_1_80' title="bbox 321 2555 1061 2599; baseline 0.009 -16"><span class='ocrx_word' id='word_1_423' title='bbox 321 2555 474 2587; x_wconf 85' lang='lat' dir='ltr'><strong>mittantur</strong></span> <span class='ocrx_word' id='word_1_424' title='bbox 489 2558 565 2588; x_wconf 92' lang='lat' dir='ltr'><strong>tituli</strong></span> <span class='ocrx_word' id='word_1_425' title='bbox 581 2559 745 2598; x_wconf 84' lang='lat' dir='ltr'><strong>theologiae</strong></span> <span class='ocrx_word' id='word_1_426' title='bbox 762 2560 903 2599; x_wconf 85' lang='lat' dir='ltr'><strong>magistri,</strong></span> <span class='ocrx_word' id='word_1_427' title='bbox 921 2561 1061 2599; x_wconf 82' lang='lat' dir='ltr'><strong>regentis,</strong></span> 
     </span>
    </p>
   </div>
   <div class='ocr_carea' id='block_1_14' title="bbox 1105 1587 1852 2594">
    <p class='ocr_par' dir='ltr' id='par_1_15' title="bbox 1105 1587 1852 2594">
     <span class='ocr_line' id='line_1_81' title="bbox 1105 1587 1850 1631; baseline 0 -12"><span class='ocrx_word' id='word_1_428' title='bbox 1105 1597 1314 1630; x_wconf 86' lang='lat' dir='ltr'><strong>summopere</strong></span> <span class='ocrx_word' id='word_1_429' title='bbox 1333 1587 1536 1620; x_wconf 87' lang='lat' dir='ltr'><strong>desiderent:</strong></span> <span class='ocrx_word' id='word_1_430' title='bbox 1556 1598 1625 1627; x_wconf 90' lang='lat' dir='ltr'><strong>nos,</strong></span> <span class='ocrx_word' id='word_1_431' title='bbox 1640 1587 1729 1631; x_wconf 90' lang='lat' dir='ltr'><strong>ipsos</strong></span> <span class='ocrx_word' id='word_1_432' title='bbox 1747 1597 1850 1631; x_wconf 85' lang='lat' dir='ltr'><strong>expo-</strong></span> 
     </span>
     <span class='ocr_line' id='line_1_82' title="bbox 1106 1640 1848 1684; baseline -0.001 -11"><span class='ocrx_word' id='word_1_433' title='bbox 1106 1646 1223 1674; x_wconf 85' lang='lat' dir='ltr'><strong>nentes</strong></span> <span class='ocrx_word' id='word_1_434' title='bbox 1250 1640 1449 1684; x_wconf 81' lang='lat' dir='ltr'><strong>specialibus</strong></span> <span class='ocrx_word' id='word_1_435' title='bbox 1487 1641 1651 1674; x_wconf 86' lang='lat' dir='ltr'><strong>favoribus</strong></span> <span class='ocrx_word' id='word_1_436' title='bbox 1676 1646 1709 1674; x_wconf 89' lang='lat' dir='ltr'><strong>et</strong></span> <span class='ocrx_word' id='word_1_437' title='bbox 1735 1640 1848 1684; x_wconf 89' lang='lat' dir='ltr'><strong>gratiis</strong></span> 
     </span>
     <span class='ocr_line' id='line_1_83' title="bbox 1105 1694 1851 1738; baseline 0 -11"><span class='ocrx_word' id='word_1_438' title='bbox 1105 1694 1260 1738; x_wconf 88' lang='lat' dir='ltr'><strong>prosequi</strong></span> <span class='ocrx_word' id='word_1_439' title='bbox 1286 1695 1446 1733; x_wconf 85' lang='lat' dir='ltr'><strong>volentes,</strong></span> <span class='ocrx_word' id='word_1_440' title='bbox 1472 1700 1503 1727; x_wconf 90' lang='lat' dir='ltr'><strong>et</strong></span> <span class='ocrx_word' id='word_1_441' title='bbox 1528 1705 1640 1727; x_wconf 88' lang='lat' dir='ltr'><strong>eorum</strong></span> <span class='ocrx_word' id='word_1_442' title='bbox 1668 1695 1851 1737; x_wconf 80' lang='lat' dir='ltr'><strong>singulares</strong></span> 
     </span>
     <span class='ocr_line' id='line_1_84' title="bbox 1106 1747 1851 1791; baseline -0.001 -10"><span class='ocrx_word' id='word_1_443' title='bbox 1106 1758 1263 1791; x_wconf 86' lang='lat' dir='ltr'><strong>personas</strong></span> <span class='ocrx_word' id='word_1_444' title='bbox 1289 1758 1306 1780; x_wconf 89' lang='lat' dir='ltr'><strong>a</strong></span> <span class='ocrx_word' id='word_1_445' title='bbox 1334 1747 1501 1791; x_wconf 83' lang='lat' dir='ltr'><strong>quibusvis</strong></span> <span class='ocrx_word' id='word_1_446' title='bbox 1539 1748 1851 1781; x_wconf 84' lang='lat' dir='ltr'><strong>excommunicatio-</strong></span> 
     </span>
     <span class='ocr_line' id='line_1_85' title="bbox 1106 1801 1850 1845; baseline 0.001 -12"><span class='ocrx_word' id='word_1_447' title='bbox 1106 1801 1164 1841; x_wconf 85' lang='lat' dir='ltr'><strong>nis,</strong></span> <span class='ocrx_word' id='word_1_448' title='bbox 1193 1801 1421 1845; x_wconf 89' lang='lat' dir='ltr'><strong>suspensionis</strong></span> <span class='ocrx_word' id='word_1_449' title='bbox 1447 1807 1478 1834; x_wconf 92' lang='lat' dir='ltr'><strong>et</strong></span> <span class='ocrx_word' id='word_1_450' title='bbox 1504 1801 1682 1841; x_wconf 86' lang='lat' dir='ltr'><strong>interdicti,</strong></span> <span class='ocrx_word' id='word_1_451' title='bbox 1712 1801 1850 1845; x_wconf 83' lang='lat' dir='ltr'><strong>aliisque</strong></span> 
     </span>
     <span class='ocr_line' id='line_1_86' title="bbox 1106 1854 1852 1899; baseline 0.001 -12"><span class='ocrx_word' id='word_1_452' title='bbox 1106 1854 1337 1887; x_wconf 81' lang='lat' dir='ltr'><strong>ecclesiasticis</strong></span> <span class='ocrx_word' id='word_1_453' title='bbox 1356 1854 1538 1895; x_wconf 85' lang='lat' dir='ltr'><strong>sententiis,</strong></span> <span class='ocrx_word' id='word_1_454' title='bbox 1558 1855 1707 1888; x_wconf 82' lang='lat' dir='ltr'><strong>censuris</strong></span> <span class='ocrx_word' id='word_1_455' title='bbox 1726 1860 1757 1887; x_wconf 87' lang='lat' dir='ltr'><strong>et</strong></span> <span class='ocrx_word' id='word_1_456' title='bbox 1774 1865 1852 1899; x_wconf 84' lang='lat' dir='ltr'><strong>poe-</strong></span> 
     </span>
     <span class='ocr_line' id='line_1_87' title="bbox 1106 1908 1851 1952; baseline 0.003 -12"><span class='ocrx_word' id='word_1_457' title='bbox 1106 1908 1166 1947; x_wconf 86' lang='lat' dir='ltr'><strong>nis,</strong></span> <span class='ocrx_word' id='word_1_458' title='bbox 1183 1919 1199 1940; x_wconf 87' lang='lat' dir='ltr'><strong>a</strong></span> <span class='ocrx_word' id='word_1_459' title='bbox 1224 1908 1294 1941; x_wconf 91' lang='lat' dir='ltr'><strong>iure</strong></span> <span class='ocrx_word' id='word_1_460' title='bbox 1316 1909 1365 1941; x_wconf 84' lang='lat' dir='ltr'><strong>vel</strong></span> <span class='ocrx_word' id='word_1_461' title='bbox 1392 1909 1431 1940; x_wconf 90' lang='lat' dir='ltr'><strong>ab</strong></span> <span class='ocrx_word' id='word_1_462' title='bbox 1458 1909 1600 1950; x_wconf 83' lang='lat' dir='ltr'><strong>homine,</strong></span> <span class='ocrx_word' id='word_1_463' title='bbox 1627 1908 1737 1952; x_wconf 75' lang='lat' dir='ltr'><strong>quavis</strong></span> <span class='ocrx_word' id='word_1_464' title='bbox 1758 1919 1851 1942; x_wconf 49' lang='lat' dir='ltr'><strong>ocean</strong></span> 
     </span>
     <span class='ocr_line' id='line_1_88' title="bbox 1106 1961 1852 2006; baseline 0.003 -12"><span class='ocrx_word' id='word_1_465' title='bbox 1106 1961 1198 1995; x_wconf 91' lang='lat' dir='ltr'><strong>sione</strong></span> <span class='ocrx_word' id='word_1_466' title='bbox 1219 1963 1270 1995; x_wconf 86' lang='lat' dir='ltr'><strong>vel</strong></span> <span class='ocrx_word' id='word_1_467' title='bbox 1291 1963 1384 1995; x_wconf 75' lang='lat' dir='ltr'><strong>cansa</strong></span> <span class='ocrx_word' id='word_1_468' title='bbox 1407 1961 1490 2002; x_wconf 85' lang='lat' dir='ltr'><strong>latis,</strong></span> <span class='ocrx_word' id='word_1_469' title='bbox 1515 1962 1540 1994; x_wconf 93' lang='lat' dir='ltr'><strong>si</strong></span> <span class='ocrx_word' id='word_1_470' title='bbox 1573 1962 1690 2006; x_wconf 84' lang='lat' dir='ltr'><strong>quibus</strong></span> <span class='ocrx_word' id='word_1_471' title='bbox 1715 1973 1852 2006; x_wconf 87' lang='lat' dir='ltr'><strong>quomo-</strong></span> 
     </span>
     <span class='ocr_line' id='line_1_89' title="bbox 1107 2015 1850 2055; baseline 0 -7"><span class='ocrx_word' id='word_1_472' title='bbox 1107 2015 1230 2049; x_wconf 86' lang='lat' dir='ltr'><strong>dolibet</strong></span> <span class='ocrx_word' id='word_1_473' title='bbox 1258 2015 1435 2048; x_wconf 79' lang='lat' dir='ltr'><strong>innodatae</strong></span> <span class='ocrx_word' id='word_1_474' title='bbox 1462 2016 1612 2055; x_wconf 82' lang='lat' dir='ltr'><strong>existunt,</strong></span> <span class='ocrx_word' id='word_1_475' title='bbox 1634 2016 1673 2048; x_wconf 90' lang='lat' dir='ltr'><strong>ad</strong></span> <span class='ocrx_word' id='word_1_476' title='bbox 1700 2015 1850 2049; x_wconf 77' lang='lat' dir='ltr'><strong>effectum</strong></span> 
     </span>
     <span class='ocr_line' id='line_1_90' title="bbox 1106 2070 1848 2114; baseline 0.003 -12"><span class='ocrx_word' id='word_1_477' title='bbox 1106 2070 1331 2112; x_wconf 86' lang='lat' dir='ltr'><strong>praesentium</strong></span> <span class='ocrx_word' id='word_1_478' title='bbox 1364 2070 1529 2102; x_wconf 78' lang='lat' dir='ltr'><strong>dumtaxat</strong></span> <span class='ocrx_word' id='word_1_479' title='bbox 1565 2070 1848 2114; x_wconf 85' lang='lat' dir='ltr'><strong>consequendum,</strong></span> 
     </span>
     <span class='ocr_line' id='line_1_91' title="bbox 1108 2122 1849 2157; baseline 0.003 -2"><span class='ocrx_word' id='word_1_480' title='bbox 1108 2123 1224 2155; x_wconf 79' lang='lat' dir='ltr'><strong>harum</strong></span> <span class='ocrx_word' id='word_1_481' title='bbox 1250 2122 1334 2156; x_wconf 91' lang='lat' dir='ltr'><strong>serie</strong></span> <span class='ocrx_word' id='word_1_482' title='bbox 1372 2122 1582 2156; x_wconf 77' lang='lat' dir='ltr'><strong>absolventes</strong></span> <span class='ocrx_word' id='word_1_483' title='bbox 1619 2128 1652 2156; x_wconf 37' lang='lat' dir='ltr'><strong>et,</strong></span> <span class='ocrx_word' id='word_1_484' title='bbox 1682 2124 1849 2157; x_wconf 87' lang='lat' dir='ltr'><strong>absolutas</strong></span> 
     </span>
     <span class='ocr_line' id='line_1_92' title="bbox 1108 2177 1849 2220; baseline 0.001 -11"><span class='ocrx_word' id='word_1_485' title='bbox 1108 2177 1177 2209; x_wconf 88' lang='lat' dir='ltr'><strong>fore</strong></span> <span class='ocrx_word' id='word_1_486' title='bbox 1206 2181 1388 2217; x_wconf 84' lang='lat' dir='ltr'><strong>censentes,</strong></span> <span class='ocrx_word' id='word_1_487' title='bbox 1412 2177 1711 2220; x_wconf 85' lang='lat' dir='ltr'><strong>supplicationibus</strong></span> <span class='ocrx_word' id='word_1_488' title='bbox 1736 2187 1849 2210; x_wconf 90' lang='lat' dir='ltr'><strong>eorum</strong></span> 
     </span>
     <span class='ocr_line' id='line_1_93' title="bbox 1107 2230 1850 2274; baseline 0.001 -12"><span class='ocrx_word' id='word_1_489' title='bbox 1107 2230 1241 2263; x_wconf 89' lang='lat' dir='ltr'><strong>nomine</strong></span> <span class='ocrx_word' id='word_1_490' title='bbox 1267 2230 1362 2263; x_wconf 86' lang='lat' dir='ltr'><strong>nohis</strong></span> <span class='ocrx_word' id='word_1_491' title='bbox 1380 2241 1479 2274; x_wconf 88' lang='lat' dir='ltr'><strong>super</strong></span> <span class='ocrx_word' id='word_1_492' title='bbox 1503 2231 1565 2264; x_wconf 89' lang='lat' dir='ltr'><strong>hoc</strong></span> <span class='ocrx_word' id='word_1_493' title='bbox 1587 2231 1756 2264; x_wconf 89' lang='lat' dir='ltr'><strong>humiliter</strong></span> <span class='ocrx_word' id='word_1_494' title='bbox 1779 2241 1850 2274; x_wconf 86' lang='lat' dir='ltr'><strong>por·</strong></span> 
     </span>
     <span class='ocr_line' id='line_1_94' title="bbox 1107 2283 1850 2325; baseline 0.001 -9"><span class='ocrx_word' id='word_1_495' title='bbox 1107 2283 1206 2317; x_wconf 86' lang='lat' dir='ltr'><strong>rectis</strong></span> <span class='ocrx_word' id='word_1_496' title='bbox 1225 2284 1384 2325; x_wconf 88' lang='lat' dir='ltr'><strong>inclinati,</strong></span> <span class='ocrx_word' id='word_1_497' title='bbox 1404 2285 1442 2317; x_wconf 92' lang='lat' dir='ltr'><strong>de</strong></span> <span class='ocrx_word' id='word_1_498' title='bbox 1462 2284 1697 2318; x_wconf 82' lang='lat' dir='ltr'><strong>venerabilium</strong></span> <span class='ocrx_word' id='word_1_499' title='bbox 1716 2285 1850 2318; x_wconf 81' lang='lat' dir='ltr'><strong>fratrum</strong></span> 
     </span>
     <span class='ocr_line' id='line_1_95' title="bbox 1106 2337 1850 2372; baseline 0.003 -3"><span class='ocrx_word' id='word_1_500' title='bbox 1106 2343 1254 2370; x_wconf 87' lang='lat' dir='ltr'><strong>nostrum</strong></span> <span class='ocrx_word' id='word_1_501' title='bbox 1279 2337 1311 2370; x_wconf 83' lang='lat' dir='ltr'><strong>S.</strong></span> <span class='ocrx_word' id='word_1_502' title='bbox 1334 2337 1372 2370; x_wconf 79' lang='lat' dir='ltr'><strong>R.</strong></span> <span class='ocrx_word' id='word_1_503' title='bbox 1400 2338 1434 2370; x_wconf 88' lang='lat' dir='ltr'><strong>E.</strong></span> <span class='ocrx_word' id='word_1_504' title='bbox 1466 2338 1677 2371; x_wconf 86' lang='lat' dir='ltr'><strong>cardinalium</strong></span> <span class='ocrx_word' id='word_1_505' title='bbox 1710 2344 1741 2372; x_wconf 89' lang='lat' dir='ltr'><strong>et</strong></span> <span class='ocrx_word' id='word_1_506' title='bbox 1770 2338 1850 2371; x_wconf 74' lang='lat' dir='ltr'><strong>dite-</strong></span> 
     </span>
     <span class='ocr_line' id='line_1_96' title="bbox 1106 2392 1848 2436; baseline 0.003 -13"><span class='ocrx_word' id='word_1_507' title='bbox 1106 2397 1232 2424; x_wconf 89' lang='lat' dir='ltr'><strong>ctorum</strong></span> <span class='ocrx_word' id='word_1_508' title='bbox 1270 2392 1433 2425; x_wconf 79' lang='lat' dir='ltr'><strong>Romanae</strong></span> <span class='ocrx_word' id='word_1_509' title='bbox 1473 2392 1587 2425; x_wconf 87' lang='lat' dir='ltr'><strong>Curiae</strong></span> <span class='ocrx_word' id='word_1_510' title='bbox 1627 2393 1848 2436; x_wconf 87' lang='lat' dir='ltr'><strong>praelatorum</strong></span> 
     </span>
     <span class='ocr_line' id='line_1_97' title="bbox 1106 2445 1849 2489; baseline 0.001 -12"><span class='ocrx_word' id='word_1_511' title='bbox 1106 2455 1206 2488; x_wconf 88' lang='lat' dir='ltr'><strong>super</strong></span> <span class='ocrx_word' id='word_1_512' title='bbox 1225 2445 1397 2488; x_wconf 82' lang='lat' dir='ltr'><strong>disciplina</strong></span> <span class='ocrx_word' id='word_1_513' title='bbox 1424 2446 1564 2488; x_wconf 81' lang='lat' dir='ltr'><strong>regulari</strong></span> <span class='ocrx_word' id='word_1_514' title='bbox 1590 2446 1778 2489; x_wconf 83' lang='lat' dir='ltr'><strong>specialiter</strong></span> <span class='ocrx_word' id='word_1_515' title='bbox 1794 2445 1849 2478; x_wconf 88' lang='lat' dir='ltr'><strong>de-</strong></span> 
     </span>
     <span class='ocr_line' id='line_1_98' title="bbox 1106 2498 1849 2542; baseline 0.001 -13"><span class='ocrx_word' id='word_1_516' title='bbox 1106 2503 1293 2540; x_wconf 86' lang='lat' dir='ltr'><strong>putatorum</strong></span> <span class='ocrx_word' id='word_1_517' title='bbox 1311 2498 1456 2538; x_wconf 77' lang='lat' dir='ltr'><strong>consilio,</strong></span> <span class='ocrx_word' id='word_1_518' title='bbox 1477 2499 1645 2532; x_wconf 88' lang='lat' dir='ltr'><strong>decretum</strong></span> <span class='ocrx_word' id='word_1_519' title='bbox 1663 2499 1849 2542; x_wconf 86' lang='lat' dir='ltr'><strong>praeinser-</strong></span> 
     </span>
     <span class='ocr_line' id='line_1_99' title="bbox 1107 2551 1848 2594; baseline 0.001 -12"><span class='ocrx_word' id='word_1_520' title='bbox 1107 2556 1180 2589; x_wconf 82' lang='lat' dir='ltr'><strong>tum,</strong></span> <span class='ocrx_word' id='word_1_521' title='bbox 1196 2551 1390 2584; x_wconf 88' lang='lat' dir='ltr'><strong>auctoritate</strong></span> <span class='ocrx_word' id='word_1_522' title='bbox 1416 2552 1607 2594; x_wconf 77' lang='lat' dir='ltr'><strong>apostolica,</strong></span> <span class='ocrx_word' id='word_1_523' title='bbox 1624 2557 1735 2585; x_wconf 87' lang='lat' dir='ltr'><strong>tenore</strong></span> <span class='ocrx_word' id='word_1_524' title='bbox 1760 2561 1848 2594; x_wconf 88' lang='lat' dir='ltr'><strong>prae-</strong></span> 
     </span>
    </p>
   </div>
   <div class='ocr_carea' id='block_1_15' title="bbox 321 2600 1843 2649">
    <p class='ocr_par' dir='ltr' id='par_1_16' title="bbox 321 2600 1843 2649">
     <span class='ocr_line' id='line_1_100' title="bbox 321 2600 1843 2649; baseline 0.003 -16"><span class='ocrx_word' id='word_1_525' title='bbox 321 2600 514 2642; x_wconf 69' lang='lat' dir='ltr'><strong>baceatamet,</strong></span> <span class='ocrx_word' id='word_1_526' title='bbox 538 2607 668 2645; x_wconf 83' lang='lat' dir='ltr'><strong>magistri</strong></span> <span class='ocrx_word' id='word_1_527' title='bbox 696 2608 888 2647; x_wconf 82' lang='lat' dir='ltr'><strong>studentium,</strong></span> <span class='ocrx_word' id='word_1_528' title='bbox 913 2608 1062 2648; x_wconf 85' lang='lat' dir='ltr'><strong>praedica·</strong></span> <span class='ocrx_word' id='word_1_529' title='bbox 1106 2604 1264 2646; x_wconf 88' lang='lat' dir='ltr'><strong>sentium,</strong></span> <span class='ocrx_word' id='word_1_530' title='bbox 1290 2603 1519 2638; x_wconf 80' lang='lat' dir='ltr'><strong>confirmamus</strong></span> <span class='ocrx_word' id='word_1_531' title='bbox 1545 2609 1577 2637; x_wconf 86' lang='lat' dir='ltr'><strong>et</strong></span> <span class='ocrx_word' id='word_1_532' title='bbox 1601 2605 1843 2649; x_wconf 83' lang='lat' dir='ltr'><strong>approbamus,</strong></span> 
     </span>
    </p>
   </div>
  </div>
 </body>
</html>
