2269 3203
244 206 292 232 Αη.
310 205 425 232 0170:

292 1920 413 1943 Exordium.

472 195 536 228 900

433 254 484 295 sis,
511 264 593 298 quae
619 253 673 288 hic
697 263 756 298 pro
774 253 976 288 sufficienter
995 257 1028 288 et
1049 254 1086 287 ad
1109 263 1177 298 par-

434 312 499 340 tem
524 307 670 350 repetitis
696 307 890 347 habeantur,
917 318 952 340 ac
971 307 1061 348 alias,
1083 311 1180 350 prout

437 371 544 404 supra,
572 361 604 393 in
631 361 748 393 litteris
780 361 938 394 latissime
972 360 1115 399 extensi,
1150 364 1181 391 et

440 425 511 447 cnm
538 415 672 447 decreto
699 414 784 457 quod
811 415 881 447 sola
911 412 1093 456 praesentis
1125 421 1181 444 no-

438 468 496 500 stri
523 467 755 511 motusproprii
783 468 950 509 signatura
972 465 1122 503 sufficiat,
1151 470 1183 497 et

438 521 562 564 ubique
588 520 687 553 fidem
715 521 809 553 saciat
834 520 867 552 in
893 519 1014 551 iudicio
1033 523 1065 551 et
1081 522 1182 556 extra,

439 576 551 617 regula
566 584 769 618 quacumque
780 572 943 605 contraria
955 581 1019 604 non
1031 571 1182 604 obstante

441 638 509 667 seu,
535 627 559 660 si
586 627 761 665 videbitur,
778 626 904 658 litteras
922 625 1072 668 desuper,
1087 622 1184 656 etiam

442 692 502 726 per
527 681 609 714 viam
636 681 674 713 de
700 680 805 721 Curia⁷
835 679 1111 723 quandocumque
1133 687 1186 710 ex-

441 735 567 778 pediri,
596 740 628 768 et
654 745 725 767 cum
751 734 815 766 alio
842 733 972 766 decreto
999 731 1085 775 quod
1119 741 1186 763 mo-

443 789 535 822 derni
548 788 773 832 computistae,
788 787 841 831 qui
857 787 974 820 deinde
992 790 1066 830 post
1079 784 1187 828 acqui-

444 842 540 875 situm
566 841 707 875 osticium
735 841 922 874 habuerunt
946 839 1027 873 alios
1059 844 1187 872 montes

445 895 581 936 additos,
608 905 676 928 non
703 899 877 928 teneantur
907 893 946 926 ad
979 896 1188 935 augmentum

444 949 542 992 pretii
568 959 628 992 pro
654 948 877 981 additionibus
896 948 1064 989 hucusque
1083 945 1187 984 sactis,

446 1002 493 1034 illi
520 1012 606 1041 vero,
634 1001 689 1044 qui
715 1002 809 1034 nullo
831 1001 930 1033 modo
953 999 1093 1042 pretium
1119 1008 1190 1041 per-

447 1056 623 1093 solverunt,
649 1055 730 1087 illud
749 1054 885 1087 omnino
909 1053 1037 1085 solvere
1059 1057 1192 1085 tenean-

448 1115 501 1140 tur
530 1108 677 1140 Datariae
713 1107 917 1150 apostolicae
955 1106 994 1138 ad
1027 1104 1190 1137 rationem

447 1162 699 1195 bononenorum
727 1171 781 1193 seu
809 1160 1019 1193 baioccorum
1052 1158 1191 1191 duorum

450 1226 523 1248 cum
549 1214 685 1247 dimidio
710 1224 770 1257 pro
797 1213 947 1257 quolibet
971 1213 1058 1244 loco.

493 1269 605 1302 Datum
627 1267 758 1307 Romae,
783 1266 870 1309 apud
906 1265 937 1298 S.
964 1265 1108 1303 Petrum,
1135 1263 1193 1296 sub

452 1323 572 1356 annulo
598 1321 786 1359 piscatoris,
806 1329 836 1352 vl
854 1319 925 1352 idus
943 1317 1066 1361 aprilis,
1087 1316 1195 1360 ponti-

451 1375 564 1408 ficatus
590 1373 693 1407 nostri
720 1384 804 1406 anno
825 1383 869 1406 v1.

489 1438 547 1465 Dat.
568 1437 612 1464 die
633 1437 648 1464 8
668 1435 762 1471 aprilis
785 1435 866 1469 1705,
888 1433 985 1469 pontif.
1008 1440 1078 1460 anno
1099 1438 1134 1459 vt.

793 1551 869 1585 XCI.

458 1626 648 1663 Conceditur
671 1623 882 1667 indulqentia
913 1621 1067 1666 plenaria
1090 1629 1200 1663 perpe-

503 1686 559 1714 tua
583 1690 641 1724 pro
666 1678 807 1712 ecclesiis
828 1676 1061 1709 monachornm
1087 1673 1120 1707 S.
1139 1673 1202 1706 Ba-

502 1735 573 1767 silii
598 1734 634 1766 in
658 1733 736 1775 festo
762 1730 905 1764 eiusdem
932 1727 1074 1762 Sanam.

679 1804 814 1831 Clemens
835 1802 915 1834 Papa
933 1800 983 1833 XI,

581 1850 616 1877 ad
634 1851 812 1884 perpetuam
831 1847 876 1874 rei
890 1844 1073 1872 memoriam.

505 1912 672 1946 lniunctae
698 1909 791 1943 nobis
817 1908 971 1942 divinitus
1003 1904 1203 1949 apostolicae

462 1965 624 1999 servitutis
650 1964 731 1997 ratio
765 1963 909 2006 postulat
941 1966 977 1993 ut
1013 1958 1203 1992 caelestium

462 2029 632 2051 munerun]
666 2018 858 2055 thesauros,
886 2012 1121 2057 dispensationi
1146 2021 1206 2043 no-

464 2078 548 2106 strae
571 2082 587 2104 a
612 2070 749 2103 Domino
768 2068 920 2106 creditos,
940 2066 1080 2099 fideliter
1098 2075 1207 2107 eroge-

463 2134 545 2164 mus,
580 2134 651 2156 cum
685 2123 716 2155 id
749 2123 787 2155 ad
823 2119 1007 2163 augendam
1043 2118 1073 2150 in
1111 2116 1206 2150 terris

465 2179 657 2212 Sanctorum
688 2177 719 2209 in
753 2175 851 2209 caelis
889 2185 961 2208 cum
998 2173 1124 2207 Christo
1158 2182 1208 2204 rc-

466 2231 633 2274 gnantium
653 2230 906 2268 venerationem,
940 2227 1208 2269 excitandamque

468 2290 501 2318 et
525 2284 762 2317 confovendam
790 2293 866 2324 erga
892 2282 964 2315 illos
991 2280 1136 2313 fidelium
1156 2279 1209 2311 de-

468 2337 646 2377 votionem,
665 2347 700 2368 ac
718 2336 756 2368 ad
776 2335 959 2367 animarum
977 2334 1125 2372 salutem,
1142 2341 1210 2374 spe-

469 2401 578 2424 ramus
603 2389 636 2422 in
661 2389 797 2421 Domino
822 2388 1046 2431 profuturum.

507 2482 518 2507 1
541 2480 634 2507 Const.
651 2478 696 2505 ed.
712 2484 823 2511 innccvi,
840 2476 884 2503 die
900 2476 934 2502 26
948 2475 1046 2506 martii,
1063 2473 1157 2509 pontis.
1176 2479 1210 2506 v1,

471 2528 611 2552 extensum
631 2523 682 2549 suit
700 2521 836 2548 indultum
857 2519 993 2547 recitandi
1013 2518 1103 2545 divina
1122 2517 1211 2544 officia

472 2569 525 2595 ritu
536 2567 633 2601 latino,
652 2570 677 2593 et
688 2569 773 2593 const.
787 2571 937 2596 MDccxxvi,
949 2563 992 2590 die
1012 2562 1041 2589 12
1052 2561 1131 2595 iunii,
1144 2569 1212 2597 pon-

473 2613 512 2641 tif.
524 2619 554 2648 11,
565 2611 655 2647 agitur
673 2610 706 2638 de
723 2609 928 2638 confirmatione
943 2606 1050 2636 abbatis
1064 2605 1210 2642 generalis.

1023 204 1203 229 nummum
1228 203 1383 228 ROMANUM

1265 252 1334 297 §L
1368 250 1666 295 Supplicationibus
1703 250 1813 295 itaque
1852 249 1962 284 dilecti

1222 306 1279 340 filii
1304 305 1453 339 moderni
1480 304 1703 348 procuratoris
1724 303 1890 347 generalis
1911 303 1964 337 Or-

1225 359 1308 392 dinis
1340 358 1370 391 S.
1411 358 1520 391 Basilii
1558 358 1664 401 Magni
1701 357 1833 390 nomine
1870 357 1965 390 nobis

1225 423 1324 455 super
1350 412 1415 444 hoc
1434 410 1602 445 humiliter
1620 411 1779 454 porrectis
1804 410 1964 451 inclinati,

1226 477 1263 499 ac
1300 465 1339 498 de
1378 465 1612 508 omnipotentis
1648 465 1703 497 Dei
1741 464 1968 498 misericordia

1227 529 1263 551 ac
1280 519 1449 552 beatorum
1472 518 1556 551 Petri
1580 522 1612 550 et
1629 517 1719 550 Pauli
1744 518 1967 561 apostolorum

1228 572 1298 605 eius
1324 572 1515 605 auctoritate
1541 570 1662 611 conlisi,
1685 570 1838 603 omnibus
1857 575 1889 603 et
1908 570 1970 602 sin-

1229 625 1311 668 gulis
1353 625 1521 668 utriusque
1562 634 1656 657 sexus
1700 622 1968 657 christifidelibus

1229 690 1305 712 vere
1331 678 1575 723 poenitentibus
1594 683 1625 712 et
1642 677 1809 718 confessis,
1830 688 1866 710 ac
1882 678 1972 710 sacra

1230 731 1458 766 communione
1485 732 1631 772 resectis,
1666 731 1720 775 qui
1757 731 1899 774 aliquam
1933 740 1970 763 ex

1231 785 1378 819 ecclesiis
1396 795 1677 829 quorumcumque
1693 783 1972 818 monasteriorum

1232 838 1309 872 dicti
1324 839 1465 879 Ordinis,
1485 843 1548 871 tam
1567 839 1725 871 hactenus
1747 836 1862 871 erectis
1877 847 1973 880 quam

1232 891 1265 925 in
1289 897 1458 936 posterum
1489 891 1763 935 quandocumque
1789 889 1973 932 erigendis,

1233 956 1269 979 ac
1295 946 1490 988 ubicumque
1510 945 1655 977 locorum
1677 943 1901 982 existentibus,
1923 942 1975 975 die

1234 999 1317 1032 sesto
1354 998 1498 1031 eiusdem
1535 997 1638 1030 sancti
1672 995 1783 1029 Basilii
1816 1007 1834 1029 a
1862 995 1976 1039 primis

1234 1051 1378 1095 vesperis
1411 1061 1516 1094 usque
1548 1051 1586 1083 ad
1621 1060 1769 1083 occasum
1803 1049 1879 1082 solis
1912 1048 1977 1081 diei

1236 1105 1424 1138 huiusmodi
1451 1104 1545 1137 annis
1571 1103 1706 1146 singulis
1732 1103 1848 1136 devote
1873 1101 1979 1134 visita-

1235 1159 1352 1200 verint,
1381 1164 1412 1191 et
1437 1158 1480 1189 ibi
1500 1168 1560 1201 pro
1579 1157 1836 1190 christianorum
1856 1154 1979 1199 princi-

1237 1224 1313 1256 pum
1340 1211 1528 1252 concordia,
1549 1211 1722 1243 haeresum
1749 1209 1977 1253 extirpatione,

1238 1278 1274 1300 ac
1301 1271 1428 1299 sanctae
1454 1264 1565 1298 matris
1590 1264 1753 1298 Ecclesiae
1784 1262 1979 1297 exaltatione

1238 1320 1308 1364 pias
1334 1320 1373 1353 ad
1399 1320 1497 1352 Deum
1524 1329 1639 1362 preces
1666 1317 1846 1357 effuderint,
1873 1317 1981 1360 plena-

1240 1373 1318 1406 riam
1359 1372 1502 1406 omnium
1528 1376 1735 1415 peccatorum
1769 1380 1903 1403 suorum
1933 1368 1980 1401 in-

1241 1427 1439 1470 dulgentiam
1460 1431 1491 1459 et
1515 1424 1742 1458 remissionem
1768 1421 1982 1456 misericordi-

1242 1485 1290 1514 ter
1304 1480 1337 1513 in
1350 1479 1488 1513 Domino
1505 1478 1727 1512 concedimus.
1748 1475 1983 1510 Praesentibus

1242 1533 1410 1577 perpetuis
1437 1532 1552 1565 suturis
1587 1530 1791 1574 temporibus
1822 1527 1981 1562 valituris.

1286 1587 1352 1631 5⁶2.
1392 1587 1545 1619 Volumus
1583 1589 1691 1617 autem
1726 1588 1762 1616 ut
1796 1581 1985 1615 earumdem

1243 1640 1465 1685 praesentium
1485 1639 1669 1672 litterarum
1687 1635 1906 1678 transumptis,
1927 1644 1986 1668 seu

1245 1694 1414 1738 exemplis,
1436 1694 1532 1726 ctiam
1557 1690 1738 1735 impressis,
1763 1700 1859 1723 manu
1886 1689 1987 1722 alicu-

1245 1748 1294 1780 ius
1313 1747 1430 1780 notarii
1456 1745 1577 1789 publici
1597 1743 1800 1787 subscriptis,
1821 1747 1854 1776 et
1878 1741 1986 1784 sigillo

1246 1811 1407 1845 personae
1433 1800 1465 1832 in
1485 1798 1707 1832 ecclesiastica
1731 1797 1888 1839 dignitate
1907 1805 1986 1828 con-

1246 1855 1378 1888 stitutae
1413 1852 1563 1891 munitis,
1594 1851 1708 1884 eadem
1744 1859 1881 1893 prorsus
1906 1847 1987 1880 fides

1246 1907 1366 1950 ubique
1402 1906 1547 1939 locorum
1582 1903 1759 1943 habeatur,
1791 1912 1872 1946 quae
1910 1900 1989 1944 ipsis

1248 1958 1476 2003 praesentibus
1501 1957 1679 1990 haberetur
1714 1955 1739 1988 si
1774 1955 1883 1988 forent
1899 1953 1988 1987 exhi-

1249 2012 1335 2045 bitae
1360 2012 1411 2044 vel
1437 2015 1600 2044 ostensae.

1293 2065 1408 2097 Datum
1433 2064 1568 2102 Romae,
1592 2062 1677 2106 apud
1703 2061 1735 2094 S.
1762 2061 1903 2100 Petrum,
1930 2059 1990 2092 sub

1250 2119 1373 2150 annulo
1405 2116 1579 2149 Piscatoris
1596 2143 1603 2156 ,
1622 2115 1674 2152 die
1693 2125 1731 2148 xv
1753 2113 1832 2146 iunii
1857 2121 1989 2152 unccvt,

1251 2169 1459 2214 pontificatus
1483 2168 1585 2202 nostri
1612 2178 1697 2201 anno
1721 2177 1765 2200 v1.

1287 2232 1346 2260 Dat.
1368 2232 1411 2259 die
1434 2232 1466 2259 15
1487 2231 1552 2258 iunii
1577 2229 1653 2263 1706,
1675 2228 1771 2264 pontif.
1793 2236 1865 2255 anno
1886 2234 1920 2254 rt.

1580 2434 1671 2468 XCII.

1974 201 2024 229 An.
2044 202 2072 230 C.
2090 201 2157 231 1706

1975 290 1978 293 Ι
2013 264 2117 284 Cum-ectu
2137 266 2159 285 ut

1974 295 1994 310 tn
2010 292 2105 313 rubrica.

2035 1587 2051 1609 F
2055 1587 2099 1608 inlus
2124 1589 2181 1609 tran·

1997 1617 2133 1641 sumptorum.

1257 2541 1447 2577 Conceditur
1482 2540 1695 2583 indulgentia
1728 2538 1881 2582 plenaria
1915 2532 2011 2580 per?

1297 2600 1394 2641 pelusi
1426 2605 1484 2640 pro
1510 2593 1650 2628 ecclesiis
1677 2592 1813 2627 Ordinis
1837 2589 1996 2624 militaris
