2269 3203
227 215 277 240 An.
298 213 328 240 o.
344 211 413 239 4702
461 203 503 236 68

255 1768 338 1788 Summa
361 1771 410 1786 con-

226 1794 340 1815 stitutioni<
350 1793 409 1814 Inno-

228 1822 292 1842 centi!
308 1821 350 1841 xil.

1001 211 1180 237 BULLARIUM
1203 211 1357 236 ROMANUM

419 260 542 294 mentio
567 271 623 294 seu
649 261 779 305 quaevis
806 261 869 294 alia
902 261 1070 304 expressio
1103 261 1160 293 ha·
1202 261 1337 293 recitare
1374 269 1473 302 posse
1511 259 1710 303 cupiebant)
1747 259 1810 293 sibi
1844 269 1942 304 super

418 314 525 347 benda
560 319 615 347 aut
645 315 752 358 aliqua
778 315 839 348 alia
864 315 1023 358 exquisita
1055 315 1158 347 forma

419 367 458 400 ad
484 367 547 400 hoc
571 369 729 401 servanda
755 368 838 401 soret
860 395 867 408 ,
902 374 1032 400 tenores
1050 367 1159 399 huius-

418 421 515 461 modi,
546 432 582 453 ac
611 421 635 454 si
662 422 701 454 de
727 423 824 455 verbo
849 422 888 454 ad
910 421 1053 459 verbum,
1075 419 1158 451 nihil

417 474 546 516 penitus
569 474 697 514 omisso,
723 480 755 507 et
780 475 882 506 forma
901 474 933 505 in
954 473 1018 505 illis
1040 472 1158 504 tradita

418 527 600 567 observata,
626 527 738 559 inserti
765 527 888 566 forent,
916 525 1039 558 eisdem
1065 534 1157 567 prae-

418 580 564 613 sentibus
589 591 647 624 pro
684 582 779 624 plene
814 585 846 612 et
877 578 1074 612 sufficienter
1105 588 1157 610 ex-

418 632 540 675 pressis
563 643 599 666 ac
624 633 662 666 de
680 634 812 665 verbum
830 632 959 665 insertis
985 632 1157 670 habentes,

418 686 482 718 illis
500 686 579 718 alias
600 686 631 719 in
650 697 708 719 suo
726 686 843 718 robore
865 683 1097 728 permansuris,
1117 683 1156 715 ad

418 739 673 781 praemissorum
699 738 861 779 effectum,
888 739 949 771 hac
972 737 1042 770 vice
1067 737 1158 769 dum-

418 797 513 832 taxat,
530 792 715 835 specialiter
733 797 763 824 et
782 801 933 834 expresse
952 791 1156 833 derogamus3

419 846 600 889 ceterisque
625 845 795 878 contrariis
817 845 1087 888 quibuscumque.

461 899 575 932 Datum
600 898 741 938 Romae,
769 898 854 942 apud
882 898 914 931 S.
942 897 1076 931 Mariam
1099 896 1158 929 Ma-

418 951 540 993 iorem,
571 952 630 984 sub
665 953 788 984 annulo
822 951 1015 990 piscatoris,
1042 951 1095 984 die
1117 960 1156 983 xv

418 1006 607 1049 septembris
638 1015 773 1045 nuccii,
802 1004 1008 1048 pontificatus
1052 1003 1156 1037 nostri

419 1070 504 1092 anno
530 1070 566 1093 ιι.

453 1122 510 1148 Dat.
528 1121 570 1147 die
593 1122 623 1149 15
643 1121 806 1157 septembris
827 1121 905 1155 1702,
926 1120 1021 1156 pontif.
1043 1125 1155 1146 annon

718 1264 855 1297 XXXIX.

419 1344 637 1387 Confirmatio*
657 1344 842 1377 constitutio
870 1342 1056 1376 Innocentiz'
1089 1341 1162 1376 XII

462 1398 499 1431 de
523 1398 749 1441 uniformitate
775 1402 839 1430 tam
867 1398 903 1430 in
924 1397 1041 1429 habitu
1057 1406 1158 1440 quam

461 1453 497 1485 in
520 1452 630 1485 ceteris
654 1462 726 1484 cum
759 1451 910 1484 universo
943 1449 1066 1483 Ordine
1099 1460 1158 1492 pro

460 1505 623 1538 canonicis
630 1503 1012 1538 Praemonstratensibus
1024 1503 1160 1546 Conyre-

461 1559 604 1602 potionis
627 1558 812 1602 Hispaniae
836 1557 856 1590 ¹.

633 1639 767 1667 Clemens
788 1639 870 1673 Papa
890 1638 939 1672 XI,

559 1685 595 1712 ad
615 1685 748 1712 futuram
767 1684 814 1712 rei
834 1683 1018 1711 memoriam.

464 1757 478 1801 ἓ
503 1757 532 1790 1.
558 1754 644 1790 Alias
669 1756 773 1790 felicis
799 1754 1038 1789 recordationis
1064 1754 1161 1787 Inno-

420 1810 544 1844 centius
560 1810 619 1843 PP.
635 1809 688 1842 XII
703 1802 939 1853 praedeeessor
953 1813 1078 1849 noster,
1092 1818 1161 1851 sup·

419 1863 651 1907 plicationibus
683 1868 759 1896 tunc
790 1861 997 1896 existentium
1030 1860 1163 1895 canoni-

420 1927 534 1950 corum
551 1916 750 1959 regularium
768 1915 1162 1959 Congregationisl‘lispa-

420 1969 493 2002 niae
510 1969 638 2002 Ordinis
660 1968 996 2003 Praemonstratensis
1014 1968 1083 2011 (qui
1104 1968 1162 2000 ha-

419 2022 490 2055 bitu
529 2023 670 2065 regulari
706 2022 745 2055 ab
779 2033 818 2055 eo
848 2021 901 2065 qui
927 2031 987 2065 per
1015 2022 1161 2063 regulam

422 2075 498 2108 dicti
531 2075 661 2109 Ordinis
693 2075 928 2119 praescribitur
953 2079 986 2108 et
1016 2075 1056 2108 ab
1090 2074 1161 2108 aliis

422 2128 585 2161 canonicis
617 2129 821 2171 regularibus
856 2128 1003 2162 eiusdem
1032 2127 1162 2161 Ordinis

423 2186 569 2224 gestatur
594 2181 721 2214 diverso
745 2182 931 2222 utebantur,
960 2191 997 2214 ac
1020 2180 1163 2224 primae·

422 2245 495 2267 vum
511 2235 660 2267 habitum
674 2237 859 2278 regularem
874 2236 907 2268 in
920 2235 1035 2269 limine
1052 2235 1164 2268 sunda-

422 2288 521 2321 tionis
551 2287 680 2321 Ordinis
707 2288 896 2322 huiusmodi
924 2288 1162 2332 praescriptum

422 2351 634 2382 reassumere,
654 2352 761 2384 eoque
785 2342 819 2375 in
845 2342 989 2375 futurum
1015 2342 1069 2382 uti,
1088 2352 1163 2375 nec-

422 2404 488 2427 non
513 2395 619 2428 officia
642 2395 832 2429 Sanctorum
858 2396 1006 2430 eiusdem
1030 2395 1161 2429 Ordinis

461 2485 471 2510 1
495 2483 617 2511 Laudata
637 2485 792 2512 constitutio
813 2485 857 2513 ed.
878 2486 930 2513 snit
949 2492 1100 2520 imcxcvni,
1121 2484 1163 2512 die

424 2530 440 2556 6
459 2528 622 2562 decembris,
641 2530 735 2564 pontif.
755 2537 811 2563 vttt,
832 2534 858 2557 et
880 2531 908 2557 in
928 2530 1008 2558 huius
1029 2529 1164 2557 Pontificis

425 2577 512 2600 const.
534 2573 577 2600 ed.
598 2579 709 2606 Meceni,
730 2575 774 2602 die
794 2575 809 2602 8
829 2574 990 2610 febbruarii,
1011 2574 1108 2611 pontif.
1124 2580 1162 2609 111,

423 2617 497 2646 idem
515 2617 603 2647 denuo
622 2619 757 2648 statuitur.

1202 313 1264 345 hoc
1290 312 1458 345 humiliter
1487 312 1646 355 porrectis
1679 312 1855 346 inclinatus
1871 340 1880 354 ‚
1905 318 1942 345 ut

1201 366 1240 398 de
1258 370 1368 398 cetero
1394 365 1472 398 dicti
1497 366 1649 399 canonici
1675 367 1842 409 regulares
1860 366 1942 400 Con-

1201 419 1592 462 gregationisgflispaniae
1612 430 1684 452 cum
1707 420 1859 453 universo
1884 419 1942 453 Or-

1201 471 1275 503 dine
1291 471 1605 505 Praemonstratensi
1624 473 1790 516 praedicto
1805 477 1869 506 tam
1889 473 1943 505 ha-

1200 524 1268 557 bitu
1293 535 1391 567 quam
1416 525 1448 557 in
1474 525 1591 558 ceteris
1621 526 1801 559 uniformes
1833 530 1943 560 essent

1199 583 1230 610 et
1254 587 1324 610 esse
1348 578 1516 619 deberent,
1543 579 1737 612 auctoritate
1763 580 1942 623 apostoliea

1199 631 1311 663 statuit
1345 636 1377 664 et
1411 631 1577 665 ordinavit
1602 642 1662 675 per
1687 632 1846 676 quasdam
1870 642 1943 666 suas

1200 682 1341 727 desuper
1364 684 1397 716 in
1423 684 1522 717 simili
1548 685 1652 718 surma
1676 685 1787 719 Brevis
1813 685 1944 729 expedi-

1200 739 1247 768 tas
1274 736 1397 770 litteras
1425 737 1549 770 tenoris
1567 739 1750 781 sequentis,
1771 738 1941 772 videlicet:

1243 788 1458 824 INNOCENTIUS
1482 791 1542 824 PP.
1570 791 1636 824 ΧΠ.
1662 791 1717 825 Ad
1732 792 1877 834 suturam
1895 792 1946 825 rei

1199 844 1403 877 memoriam.
1431 844 1556 888 Exponi
1574 845 1669 879 nobis
1688 845 1834 889 (reliqua
1849 846 1945 879 omit-

1199 899 1316 929 tuntur
1332 897 1356 938 ).

1234 960 1334 987 Datum
1351 960 1462 995 Romae,
1477 961 1550 996 apud
1566 961 1591 988 S.
1609 961 1719 989 Mariam
1735 962 1875 997 Maiorem,
1891 961 1942 990 sub

1199 1006 1299 1032 annulo
1319 1005 1466 1033 Piscatoris
1479 1027 1485 1039 ‚
1507 1006 1551 1033 die
1571 1013 1597 1033 vt
1617 1007 1771 1034 decembris
1790 1013 1943 1041 mncxcvnt,

1191 1050 1373 1085 pontificatus
1393 1051 1478 1077 nostri
1499 1059 1570 1078 anno
1590 1058 1645 1078 v.111

1244 1111 1307 1156 §2
1333 1113 1411 1146 Cum
1434 1119 1552 1154 autem,
1575 1115 1658 1147 sieut
1678 1115 1872 1158 accepimus,
1890 1125 1946 1159 op-

1199 1167 1345 1211 positum
1371 1167 1515 1200 fueritin
1536 1167 1748 1211 praeinsertis
1762 1155 1967 1202 Innocentiip

1201 1220 1469 1263 praedecessoris
1493 1220 1614 1254 litteiis
1638 1221 1807 1254 nonnullis
1827 1221 1946 1255 eonsti-

1201 1273 1380 1306 tutionibus
1405 1273 1508 1307 dictae
1533 1272 1804 1316 Congregationis
1830 1274 1946 1318 Hispa-

1201 1327 1273 1360 niae
1294 1337 1330 1359 ac
1348 1326 1540 1370 quibusdam
1556 1327 1752 1360 recolendae
1768 1328 1945 1361 memoriae

1201 1379 1322 1413 Urbani
1348 1380 1405 1413 PP.
1430 1379 1504 1420 Vlll,
1530 1380 1795 1423 praedecessoris
1819 1380 1946 1424 pariter

1202 1434 1319 1474 nostri,
1346 1433 1398 1467 die
1421 1443 1473 1467 xlx
1498 1433 1625 1477 augusti
1649 1443 1778 1473 Mncxm,
1806 1433 1944 1478 aliisque

1202 1487 1338 1521 diversis
1375 1487 1494 1520 litteris
1531 1487 1721 1531 apostolicis
1757 1487 1791 1520 in
1828 1488 1944 1522 eadem

1203 1541 1303 1573 forma
1316 1540 1426 1573 Brevis
1444 1540 1610 1580 emanatis,
1625 1539 1946 1580 uniformitati,sicut

1203 1593 1443 1636 praemittitur,
1470 1598 1609 1626 statutae
1635 1598 1668 1626 et
1692 1593 1863 1626 ordinatae
1888 1593 1945 1626 ad-

1202 1647 1414 1685 versantibus,
1428 1646 1562 1680 minime
1575 1646 1774 1689 derogatum,
1789 1646 1944 1690 ipsasque

1203 1700 1326 1735 litteras
1352 1700 1572 1744 praeinsertas
1597 1711 1615 1734 a
1639 1703 1781 1744 persona
1798 1700 1944 1744 legitime

1203 1755 1242 1788 ad
1268 1755 1300 1787 id
1326 1755 1511 1788 facultatem
1536 1764 1593 1788 seu
1618 1754 1847 1788 auctoritatem
1877 1764 1944 1787 non

1204 1807 1346 1841 habente
1371 1808 1561 1851 impetratas
1591 1807 1709 1848 fuisse,
1744 1808 1875 1850 haeque
1912 1811 1945 1840 et

1204 1862 1286 1895 aliae
1312 1861 1421 1895 forsan
1446 1861 1651 1895 difficultates
1673 1861 1804 1894 illarum
1829 1870 1946 1893 execu-

1204 1916 1326 1948 tionem
1338 1916 1495 1948 hactenus
1506 1913 1751 1958 impediverint;
1765 1924 1853 1947 nunc
1866 1923 1945 1947 vero

1204 1979 1256 2002 res
1271 1969 1314 2002 ita
1331 1969 1529 2012 compositae
1541 1967 1759 2011 reperiantur,
1774 1972 1818 2007 ut,
1834 1966 1859 2000 si
1873 1976 1947 2000 con-

1205 2021 1426 2055 stitutionibus
1442 2025 1474 2054 et
1493 2019 1609 2054 litteris
1635 2020 1826 2063 apostolicis
1850 2030 1946 2063 prae-

1205 2075 1298 2109 dictis
1319 2085 1337 2107 a
1353 2074 1450 2108 nobis
1475 2073 1660 2115 derogetur,
1685 2070 1946 2106 memorata¹di-

1204 2134 1331 2162 etorum
1342 2126 1573 2161 canonicorum
1591 2126 1791 2169 regularium
1805 2125 1947 2168 Congre-

1206 2181 1345 2225 gationis
1363 2179 1539 2224 Hispaniae
1564 2190 1638 2212 cum
1656 2180 1809 2213 universo
1827 2179 1947 2213 Ordine

1206 2232 1519 2268 Praemonstratensi
1532 2232 1737 2266 uniformitas
1748 2233 1855 2266 eidem
1865 2231 1947 2265 Con-

1206 2287 1388 2331 gregationi
1405 2285 1582 2330 plurimum
1598 2285 1786 2329 profutura²
1802 2284 1946 2319 obtineri

1207 2346 1239 2374 et
1262 2340 1401 2374 stabiliri
1425 2341 1549 2373 valeat:
1577 2340 1654 2373 hinc
1675 2345 1723 2373 est
1748 2339 1836 2383 quod
1867 2349 1944 2379 nos,

1206 2393 1341 2428 firmiori
1358 2393 1638 2437 praeinsertarum
1655 2391 1839 2426 Innocentii
1856 2402 1946 2436 prae-

1207 2447 1387 2482 decessoris
1401 2447 1584 2480 litterarum
1598 2446 1712 2480 robori
1729 2445 1944 2485 etefficaciae,

1207 2507 1362 2546 quantum
1396 2511 1468 2534 cum
1493 2500 1632 2534 Domino
1657 2510 1843 2543 possumus,
1869 2509 1947 2534 con-

1242 2574 1253 2600 1
1279 2573 1351 2600 Edit.
1375 2571 1460 2599 Main.
1485 2571 1551 2607 legit
1574 2574 1768 2600 memoratam
1787 2572 1826 2606 (n.
1842 2571 1894 2607 T.).

1240 2619 1258 2646 2
1276 2618 1350 2646 Edit.
1366 2617 1448 2646 Main.
1462 2616 1530 2653 legit
1541 2618 1731 2653 profuturam
1751 2617 1794 2653 (n.
1809 2616 1858 2651 τ.).

1946 211 1999 240 An.
2018 210 2047 240 C.
2064 210 2133 241 1702

2002 1122 2138 1144 confirmatio

1954 1150 2078 1176 praedictae
2089 1156 2139 1171 con-

1954 1177 2078 1199 stitutionis.
