2269 3203
54 215 104 245 An.
124 216 155 245 C.
173 215 240 244 1723

248 263 328 298 here
353 268 384 298 et
408 264 495 298 licite
520 265 648 308 possint
673 269 704 298 et
728 265 862 306 valeant,
881 271 992 298 aucto-

248 317 341 351 ritate
382 317 576 361 apostolica,
619 323 732 352 tenore
758 318 989 361 praesentium,

248 370 459 404 concedimus
479 376 510 403 et
527 371 754 413 indulgemus:
774 372 860 404 salva
881 377 990 404 tamen

247 433 376 467 semper
406 423 439 456 in
474 424 657 467 praemissis
693 423 883 457 auctoritate
910 423 992 457 Con-

247 475 447 519 gregationis
473 476 665 509 eorumdem
690 476 915 509 cardinalium.

291 527 306 571 ξ
330 527 362 561 4.
390 528 618 567 Decernentes,
649 534 841 572 praesentes
866 529 991 562 litteras

246 580 366 622 sirmas,
391 582 528 622 validas,
549 587 612 615 etc.
628 581 649 614 ¹.

291 634 307 678 ξ
331 634 362 668 5.
389 634 458 669 Non
490 634 696 668 obstantibus
729 635 905 678 praedictis
935 635 992 668 Ur-

247 688 324 722 bani
340 688 606 732 praedecessoris
623 688 752 728 litteris,
766 688 901 732 aliisque
917 699 993 722 con-

247 741 472 775 stitutionihus
497 746 528 774 et
553 741 814 775 ordinationibus
840 743 993 786 apostoli-

247 795 303 836 cis,
327 805 467 836 necnon,
491 800 652 839 quatenus
678 806 761 839 opus
787 795 839 837 sit,
859 796 991 840 provin-

247 848 317 882 ciae
343 854 374 882 et
397 848 527 883 Ordinis
551 849 809 893 praedictorum,
831 850 926 883 etiam
945 850 992 882 iu-

247 907 406 942 ramento,
434 906 496 935 ete.
511 900 534 934 ².

293 954 408 988 Datum
432 955 566 996 Romae,
587 955 670 999 apud
696 955 728 988 S.
750 955 879 988 Mariam
896 955 991 989 Maio-

247 1018 326 1049 rem,
353 1009 412 1041 sub
439 1009 561 1041 annulo
582 1007 766 1048 Piscatoris,
786 1008 837 1041 die
854 1018 905 1042 x1v
924 1008 990 1041 iulii

249 1070 426 1101 nnccxxul,
450 1060 658 1104 pontificatus
683 1061 786 1094 nostri
812 1071 898 1094 anno
923 1071 971 1095 111.

282 1121 341 1149 Dat.
363 1121 407 1149 die
429 1122 461 1149 14
482 1121 540 1149 iulii
563 1122 640 1157 17023,
663 1122 761 1158 pontif.
782 1130 854 1150 auno
875 1129 912 1150 111.

79 541 200 564 clausurae.

121 649 237 676 Derogatio

52 678 215 699 contrariorum.

538 1266 699 1299 XXXVIII.

250 1343 443 1379 Conceditur
466 1347 610 1379 eremitis
643 1346 676 1379 S.
704 1345 890 1389 Auyustini
911 1356 990 1389 pro-

290 1398 418 1432 vinciae
435 1398 598 1431 Cltilensis
615 1403 826 1442 auymentum
851 1409 906 1432 seoe
930 1409 995 1432 uza-

290 1453 471 1496 9islrorum
494 1462 554 1497 pro
578 1452 668 1485 verbi
691 1452 753 1485 Dea·
782 1452 991 1496 praedicato-

292 1505 383 1539 ribus
406 1505 428 1539 ³.

424 1585 622 1613 Innocentius
642 1586 722 1620 Papa
741 1586 820 1618 xm.

391 1629 429 1657 ad
449 1630 584 1657 futuram
603 1630 648 1658 rei
668 1629 851 1657 memoriam.

68 1708 145 1729 Preces
157 1713 203 1735 prox
210 1707 238 1728 in·

55 1735 102 1755 cm
118 1738 138 1755 a
161 1740 239 1756 came
293 1701 309 1745 ξ
330 1701 358 1734 1.
378 1700 469 1742 Cum,
489 1701 570 1734 sicut
588 1701 698 1734 dilecti
712 1701 769 1750 filii
788 1701 902 1734 fratres
922 1712 995 1744 pro-

56 1762 170 1787 remtonis-
205 1751 210 1755 Κ
250 1754 373 1788 vinciae
398 1754 607 1788 Cliilensisin
624 1754 768 1787 Ameriea
786 1753 993 1787 meridionali

250 1807 378 1841 Ordinis
405 1807 615 1841 eremitarum
640 1807 672 1840 S.
702 1807 871 1850 Augustini
901 1807 994 1840 nobis

250 1870 358 1904 nuper
375 1860 491 1904 exponi
510 1860 707 1901 fecerunt,in
727 1860 811 1893 dicta
828 1859 994 1904 provincia

250 1914 362 1948 decem
388 1919 566 1947 conventus
603 1919 635 1947 et
666 1913 803 1947 trecenti
836 1913 994 1957 religiosi,

250 1977 287 2000 ac
311 1967 485 2000 duodecim
510 1966 543 2000 in
569 1967 661 2000 sacra
687 1966 854 2009 theologia
870 1977 930 2010 pro
949 1967 994 1999 le-

251 2020 396 2053 ctoribus
433 2019 622 2063 magisteria
654 2019 905 2059 numerantur⁴‚
932 2019 993 2062 ipsi

253 2078 456 2116 exponentes
480 2083 580 2106 unum
599 2073 789 2115 religiosum
807 2072 994 2115 provinciae

253 2124 439 2158 huiusmodi
465 2125 504 2157 ad
538 2125 621 2158 hanc
651 2125 767 2158 almam
793 2124 911 2157 Urbem
936 2135 994 2158 no-

251 2182 348 2210 stram
385 2177 553 2218 miserunt,
590 2177 660 2220 qui,
695 2176 827 2220 praevio
863 2176 994 2220 capituli

288 2301 300 2328 1
323 2300 438 2336 Reliqua
457 2305 486 2328 ut
505 2309 589 2336 supra
608 2308 669 2336 pag.
691 2299 742 2327 703
762 2308 780 2326 α
801 2302 840 2335 (n.
856 2301 907 2334 in).

286 2344 302 2370 2
323 2344 358 2371 Ut
376 2352 459 2380 supra
477 2344 544 2371 ibid.
565 2345 604 2378 (R.
622 2345 672 2378 T.).

287 2389 303 2416 3
322 2388 412 2416 Const.
430 2389 495 2415 edit.
512 2394 652 2423 nnccxxn,
669 2388 712 2415 die
726 2388 761 2415 24
776 2388 879 2424 aprilis,
894 2391 960 2423 pont
976 2396 994 2422 1,

251 2436 348 2460 auctus
366 2432 418 2459 suit
436 2441 566 2460 numerus
584 2434 718 2468 graduum
738 2433 764 2460 in
784 2433 923 2469 provincia
942 2433 997 2460 Με-

252 2477 388 2504 choacana
400 2486 407 2510 ;
418 2481 445 2503 et
456 2476 594 2504 Benedicti
608 2477 681 2512 XIII,
689 2482 774 2504 const.
786 2477 849 2504 edit.
864 2484 996 2511 noccxxv,

252 2521 295 2548 die
310 2522 326 2548 6
340 2520 413 2555 maii,
428 2520 526 2556 pontif.
543 2527 573 2556 11,
589 2521 748 2548 conceditur
761 2521 873 2548 facultas
888 2520 997 2548 creandi

253 2564 452 2600 quinquaginta
470 2565 615 2599 magistros
634 2565 660 2592 in
681 2565 826 2600 provinciis
847 2564 951 2593 ltaliae.

288 2609 303 2634 4
324 2609 421 2644 Aptius
442 2608 500 2643 lege
523 2612 719 2638 numerantur
738 2611 778 2643 (u.
795 2611 842 2635 TA.

832 215 1044 241 INNOCENTIUS
1069 216 1126 241 XIII
1150 217 1200 242 1³1³.

1672 210 1734 244 947
1783 219 1832 246 An.
1854 217 1969 251 &1723

1035 266 1198 308 generalis
1227 265 1373 299 eiusdem
1398 265 1526 299 Ordinis
1551 277 1662 300 mense
1687 268 1776 302 iunio

1035 329 1176 353 unccxx1
1195 319 1226 352 in
1246 317 1328 352 dicta
1346 318 1431 352 Urbe
1458 320 1613 352 celebrati
1640 330 1777 353 consen-

1035 383 1082 412 su,
1107 372 1146 405 ab
1172 372 1375 415 infrascripta
1393 372 1650 415 Congregatione
1676 374 1778 406 ‹sardi-

1035 426 1159 458 nalium
1185 431 1393 468 augmentum
1419 426 1647 468 magistrorum
1674 426 1705 458 iu
1733 429 1779 460 ea·

1037 479 1108 511 dem
1139 481 1228 511 sacra
1255 479 1423 521 theologia
1460 479 1556 511 etiam
1593 489 1651 522 pro
1687 479 1778 511 verbi

1035 531 1091 564 Dei
1125 532 1424 574 praedicatoribus,
1455 532 1507 575 qui
1546 531 1576 563 in
1614 530 1779 574 praedicta

1035 584 1205 628 provincia
1230 585 1342 618 decem
1373 585 1531 617 continuo
1564 585 1707 617 existant
1738 584 1781 617 la-

1035 638 1217 682 borumque
1243 649 1376 672 suorum
1403 649 1533 671 cursum
1558 643 1777 682 peregerunt,

1036 691 1219 731 obtineret;
1240 691 1380 734 ideoque
1400 692 1476 733 illis,
1494 702 1534 724 ne
1560 691 1705 734 praemio
1725 691 1779 724 de-

1036 745 1136 779 stituti
1174 750 1374 785 remaneant,
1407 750 1590 788 opportune
1625 744 1656 777 in
1685 754 1779 788 prae-

1036 799 1144 832 missis
1177 809 1193 831 a
1229 798 1324 831 nobis
1362 797 1523 841 provideri
1560 803 1591 831 et
1627 803 1661 830 ut
1697 798 1780 830 infra

1035 852 1207 895 indulgere
1226 861 1431 894 summopere
1450 851 1646 891 desiderent,
1667 861 1781 894 quem-

1036 905 1211 940 admodum
1237 905 1340 938 tribus
1367 904 1437 937 aliis
1454 904 1630 946 Peruanae,
1648 904 1781 937 Mexica-

1037 970 1097 993 nae
1123 965 1154 992 et
1180 958 1415 992 Meehoacanae
1442 958 1622 1001 respective
1653 958 1781 1000 provin-

1036 1013 1092 1046 ciis
1109 1013 1149 1045 ab
1167 1013 1228 1045 hac
1242 1011 1356 1045 San‘cta
1370 1011 1451 1044 Sede
1471 1021 1662 1044 concessum
1680 1010 1778 1043 fuisse

1036 1071 1238 1099 memoratur
1253 1077 1259 1098 :

1081 1120 1096 1162 ξ
1112 1118 1141 1152 ⁶2.
1160 1119 1232 1159 Nos,
1254 1118 1342 1162 ipsos
1361 1123 1561 1162 exponentes
1578 1117 1777 1162 specialibus
1850 1124 1974 1171 'Qec-<³¹0

1036 1173 1199 1206 favoribus
1225 1177 1257 1205 et
1282 1171 1393 1214 gratiis
1430 1170 1587 1215 prosequi
1619 1172 1775 1212 volentes,
1798 1157 1968 1203 υᾞῖῗέῑιῖτῗοᾞῗι

1789 1208 1872 1232 praeter
1895 1204 1975 1225 dnode-

1037 1232 1069 1260 et
1094 1237 1207 1260 eorum
1226 1225 1407 1268 singulares
1427 1235 1584 1268 personas
1610 1235 1627 1257 a
1644 1224 1883 1280 q¹¹ib1¹³·ss}g¹u.¹'s⁰
1909 1232 1976 1252 lecto-

1036 1280 1080 1312 vis
1106 1277 1464 1316 excommunicationis,
1490 1277 1714 1320 suspensionis
1749 1283 1780 1311 et
1838 1275 1854 1279 “

1037 1331 1208 1371 interdicti,
1237 1331 1373 1374 aliisque
1399 1330 1626 1363 ecclesiasticis
1652 1336 1779 1363 senten-

1037 1386 1100 1427 tiis,
1137 1385 1284 1418 censuris
1311 1390 1339 1418 et
1366 1384 1493 1427 poenis,
1518 1395 1534 1416 a
1561 1384 1628 1417 iure
1654 1385 1702 1417 vel
1740 1385 1779 1417 ab

1038 1438 1185 1478 homine,
1213 1437 1323 1481 quavis
1350 1437 1520 1470 occasione
1546 1438 1595 1470 vel
1621 1439 1716 1470 causa
1739 1439 1781 1470 la-

1040 1493 1090 1532 us,
1116 1491 1140 1524 si
1167 1491 1284 1534 quibus
1320 1489 1568 1533 quomodolibet
1605 1490 1779 1523 innodatae

1039 1544 1192 1584 existunt,
1211 1544 1250 1577 ad
1272 1542 1422 1576 effectum
1441 1543 1662 1586 praesentium
1690 1543 1782 1575 dum-

1038 1603 1123 1631 taxat
1148 1596 1426 1640 consequendum,
1459 1597 1573 1628 harum
1611 1591 1782 1629 serie'ab-

1038 1651 1203 1684 solventes
1229 1655 1262 1683 et
1291 1650 1453 1683 absolutas
1491 1649 1559 1682 sore
1594 1654 1778 1689 censentes,

1037 1703 1332 1747 supplicationibus
1370 1713 1480 1736 eorum
1518 1702 1649 1735 nomine
1687 1702 1781 1735 nobis

1037 1767 1135 1800 super
1159 1757 1223 1789 hoc
1248 1755 1416 1789 humiliter
1440 1755 1599 1799 porrectis
1619 1755 1778 1795 inclinati,

1039 1809 1077 1842 de
1124 1809 1359 1842 venerabilium
1409 1809 1541 1841 fratrum
1588 1814 1778 1841 nostrorum

1038 1861 1068 1894 S.
1089 1861 1125 1894 R.
1147 1861 1180 1894 E.
1206 1860 1418 1894 cardinalium
1446 1860 1584 1903 negotiis
1604 1865 1634 1892 et
1653 1861 1782 1893 consul-

1039 1914 1214 1948 talionibus
1252 1914 1480 1957 episcoporum
1517 1920 1548 1947 et
1583 1913 1781 1956 regularium

1038 1968 1310 2012 praepositorum,
1337 1967 1391 2011 qui
1429 1967 1624 2000 dilectorum
1660 1966 1782 2010 pariter

1038 2021 1179 2055 filiorum
1212 2021 1443 2054 modernorum
1468 2020 1587 2063 prioris
1618 2020 1780 2062 generalis

1038 2081 1069 2108 et
1094 2075 1315 2118 procuratoris
1334 2073 1496 2116 generalis
1514 2073 1642 2106 Ordinis
1668 2073 1782 2106 huius-

1038 2128 1125 2161 modi
1145 2127 1320 2159 relationes
1337 2136 1434 2168 super
1451 2125 1637 2168 praemissis
1657 2125 1781 2158 eisdem

1038 2179 1257 2214 cardinalibus
1294 2179 1393 2212 factas
1427 2179 1596 2217 viderunt,
1622 2178 1780 2218 consilio,

1037 2233 1127 2272 utin
1152 2232 1320 2277 praedicta
1355 2231 1525 2275 provincia
1549 2231 1693 2265 Chilensi
1727 2242 1781 2264 sex

1038 2285 1226 2328 magisteria
1264 2295 1324 2328 pro
1364 2285 1551 2317 memoratis
1597 2285 1686 2317 verbi
1725 2284 1781 2317 Dei

1038 2337 1318 2382 praedicatoribus
1344 2338 1382 2370 ad
1411 2337 1544 2370 sormam
1579 2337 1784 2370 constitutio-

1038 2402 1114 2424 num
1139 2390 1298 2434 praedicti
1323 2390 1452 2423 Ordinis
1486 2390 1676 2423 auetoritate
1707 2400 1782 2433 apo-

1039 2444 1153 2477 stolica
1178 2443 1455 2483 confirmatarum,
1493 2443 1576 2475 ultra
1612 2443 1782 2475 duodecim

1039 2507 1098 2540 pro
1123 2496 1300 2530 lectoribus
1327 2500 1453 2535 statuta,
1481 2495 1719 2528 constituantur
1751 2499 1783 2527 et

1040 2555 1230 2592 augeantur,
1250 2548 1440 2582 auctoritate
1462 2547 1650 2591 apostolica,
1670 2552 1783 2580 tenore

1041 2602 1272 2645 praesentium,
1288 2601 1492 2635 concedimus
1512 2605 1542 2632 ct
1561 2600 1779 2641 indulgemusz
