2269 3203
88 229 137 256 An.
154 228 181 256 C.
205 229 272 256 ¹7¹6

113 1084 188 1104 Annuit
217 1083 269 1104 Pon-

86 1112 144 1131 litu.

906 228 1046 252 oteness
1073 228 1103 251 xr
1129 228 1179 251 1³1¹.
1703 220 1760 253 711

281 288 334 311 sae
353 277 520 322 capitulari
537 279 639 312 dictae
658 277 849 320 collegiatae
864 276 1020 310 ecclesiae
1042 283 1044 324 ζ
1064 276 1253 309 auctoritate
1280 276 1400 317 collati,
1421 282 1543 316 vacent,
1563 277 1687 309 etiarnsi
1715 283 1801 310 tanto

281 331 471 364 auctoritate
505 333 614 364 nostra
647 329 823 375 apostolica
860 335 1019 373 perpetuo
1041 332 1043 368 l
1065 335 1211 373 tempore
1239 330 1431 370 vacaverint,
1451 330 1539 373 quod
1565 341 1675 363 earum
1703 331 1800 364 colla-

280 383 457 423 unirentrw,
486 396 521 417 ex
548 385 610 417 lroc
636 384 782 426 profecto
815 383 927 416 decori
958 382 1043 415 rna-''

450 436 618 480 splendori
656 436 821 478 praefatae
862 435 1043 481 ecclcsiae&

280 437 408 480 iurique

280 489 468 532 collegiatae
497 495 528 522 et
561 489 661 521 divini
699 489 801 521 cultus
833 488 865 520 in
899 490 935 520 ea
967 499 1019 520 au-

280 548 412 582 gmento
438 543 683 575 consuleretur:
710 552 810 584 quare
841 552 900 584 pro
927 546 1017 584 parte

281 595 356 627 dicti
383 594 510 628 loannis
537 594 629 637 regis,
652 600 690 633 et,
710 595 780 627 eius
806 594 948 635 nomine,
975 594 1019 626 di-

281 647 353 680 lecti
391 647 445 680 tilii
481 647 598 680 nobilis
639 648 697 680 viri
724 648 872 681 Roderici
912 648 1019 680 Aunes

281 701 320 733 de
346 701 405 733 Saa
430 701 576 733 Almeida
594 705 625 733 et
642 701 799 740 Menezes,
818 700 1018 733 marchionis

281 755 320 787 «le
347 754 477 794 Fontes,
505 754 640 797 praefati
666 754 795 787 loannis
821 754 907 797 regis
933 754 1018 797 apud

279 818 339 840 nos
375 807 514 840 oratoris
556 807 814 848 extraordinarii,
842 808 937 840 nobis
963 807 1020 841 ruit

280 859 449 893 humiliter
475 860 707 903 supplicatum,
742 866 900 904 quatenus
925 861 1019 894 colle·
1040 871 1042 880 ¹

279 913 382 955 giatae
414 913 571 947 ecclesiae
606 913 769 956 praefatae
796 913 955 946 venustati
988 919 1042 955 eti

1041 969 1134 998 'esse
1159 966 1331 1005 desinant,
1357 972 1387 999 et
1418 966 1462 998 uti
1497 967 1578 999 tales
1611 965 1643 998 in
1673 965 1802 998 titulum

280 966 389 1000 decori
414 967 447 999 in
480 967 668 1010 praemissis
702 967 872 1010 providere
899 967 938 999 de
965 968 1019 1000 bc-

280 1020 438 1063 nignitate
463 1020 642 1063 apostolica
667 1021 887 1063 dignaremur.

324 1073 339 1116 g
362 1073 394 1107 3.
421 1072 483 1106 Nos
500 1073 608 1116 igitur,
629 1073 682 1117 qui
701 1074 947 1116 collegiatarum
973 1085 1020 1107 ec-

281 1126 449 1160 clesiarum
467 1127 694 1169 quarumlibet,
713 1126 903 1170 praesertim
923 1127 953 1159 in
976 1137 1019 1159 re-

281 1178 341 1221 giis
358 1179 485 1222 palatiis
505 1185 694 1219 erectarum,
710 1178 827 1212 statum
848 1180 973 1212 felicem
990 1185 1019 1212 et

280 1232 557 1265 manutentionem
576 1233 711 1265 sinceris
725 1243 917 1275 promovere
937 1233 1020 1265 desi—

281 1284 432 1318 deramus
456 1284 640 1325 affectibus,
667 1285 840 1328 ipsumque
866 1286 1018 1318 loannem

280 1347 391 1380 regern
410 1337 561 1380 specialis
582 1338 705 1380 gratiae
732 1338 839 1371 favore
863 1339 1019 1382 prosequi

282 1391 436 1430 volentes,
451 1401 626 1434 verumque
645 1397 675 1424 et
694 1391 839 1424 ultimum
862 1391 1020 1424 dictarum
1041 1413 1043 1440 j

281 1443 492 1477 ecclesiarum
521 1444 695 1477 vacationis
724 1445 868 1485 modum,
894 1444 1019 1477 etiamsi

281 1509 317 1531 cx
355 1497 411 1531 illo
449 1498 578 1542 quaevis
615 1498 778 1541 generalis
815 1498 1019 1532 reservatio¹

282 1550 376 1584 ctiam
402 1550 434 1583 in
460 1562 598 1595 corpore
625 1552 704 1584 iuris
730 1553 839 1585 clausa
864 1553 1019 1591 resultet,

281 1604 510 1647 praesentibus
525 1615 582 1648 pro
601 1616 754 1648 expresso
770 1605 942 1646 habentes,
963 1605 1021 1637 hu-

282 1657 419 1691 iusmodi
446 1658 743 1701 supplicationibus
767 1658 930 1698 inclinati,
955 1659 1021 1691 dis-

281 1711 416 1744 cretioni
444 1717 567 1743 vestrae
602 1722 662 1754 per
686 1713 868 1754 apostolica
899 1711 1021 1755 scripta

282 1764 492 1803 mandamus,
519 1769 677 1806 quatenus
694 1791 701 1804 ,
727 1764 847 1797 vocatis
872 1765 1020 1797 omnibus

282 1817 335 1860 qui
357 1817 478 1850 suerint
503 1817 670 1856 evocandi,
690 1817 894 1860 parochiales
919 1819 1021 1850 eccle-

281 1870 342 1902 sias
369 1870 526 1913 praefatas
548 1870 629 1912 (sive
655 1870 843 1913 praemisso,
866 1870 930 1902 sive
956 1870 1019 1903 alio

281 1922 392 1966 quovis
417 1923 535 1963 modo,
563 1928 617 1955 aut
641 1934 676 1956 ex
703 1924 841 1956 aliorum
867 1934 1020 1967 quorum-

281 1986 420 2019 cumque
450 1975 622 2020 personis,
650 1986 704 2008 seu
737 1986 794 2019 per
819 1976 936 2009 liberas
962 1987 1016 2009 re-

281 2082 387 2125 quoad
421 2082 640 2115 tertiodictam
669 2082 891 2125 parochialem
917 2084 1019 2116 eccle-

281 2134 369 2175 siam,
395 2135 483 2169 illius
510 2135 614 2168 ultimi
639 2136 849 2178 possessoris,
870 2137 918 2169 vel
941 2147 1019 2180 quo-

281 2188 398 2221 r·urnvis
424 2188 559 2222 aliorum
593 2189 632 2222 de
666 2189 729 2222 illis
754 2189 787 2221 in
813 2189 897 2222 dicta
925 2189 1042 2230 Curia¹

281 2242 329 2274 vel
354 2247 443 2274 extra
461 2251 544 2281 eam,
561 2242 657 2274 etiam
683 2252 792 2275 coram
813 2241 941 2275 notario
962 2253 1020 2285 pu-

1066 382 1116 422 tio,
1144 382 1230 416 iuxta
1257 383 1482 416 Latcranensis
1508 387 1624 415 statuta
1649 383 1800 424 Coucilii,

1064 436 1101 468 ad
1127 435 1241 468 Sedcm
1269 446 1317 479 ρι’.
1309 436 1402 469 ιιΓιῑ
1406 447 1445 468 ιιι]
1471 437 1520 478 leg
1514 436 1570 467 iux
1575 446 1614 468 nc
1641 436 1802 476 devoluta,

1041 489 1234 532 dictaeque
1268 489 1473 532 parochiales
1505 489 1632 522 ccclesr
1635 500 1661 521 re
1695 489 1802 532 dispo-

1041 545 1042 558 ³
1063 540 1172 574 sitioni
1192 542 1352 585 apostolic
1356 554 1392 574 ae
1417 541 1601 585 specialiter
1618 547 1802 574 reservatio

1040 595 1209 635 ,existant
1236 601 1268 627 et
1293 605 1391 638 super
1417 595 1462 627 eis
1487 595 1572 627 inter
1596 595 1722 637 aliquos
1750 595 1799 633 lis,

1063 647 1153 679 cuius
1179 652 1297 680 statum
1323 647 1548 691 praesentibus
1574 647 1687 680 haberi
1714 649 1802 680 volu-

1041 724 1042 735 ι
1063 711 1131 732 mus
1148 710 1207 743 pro
1227 711 1391 743 expresso,
1407 699 1439 743 ⁴),
1459 701 1653 744 illarumque
1673 700 1801 733 titulum

1040 768 1042 790 2
1063 753 1270 793 collativnur,
1296 758 1410 786 statum
1437 758 1468 786 et
1493 753 1667 786 essentiam
1693 759 1724 786 et
1747 753 1802 786 de-

1063 806 1332 846 nominationem,
1347 807 1458 840 cadem
1478 806 1666 839 auctoritate
1682 809 1801 847 nostra,

1064 860 1160 893 ctiam
1185 866 1344 904 perpetuo
1363 859 1570 904 supprimatis
1589 865 1619 893 et
1641 859 1802 902 extingua-

1063 913 1103 945 tis
1133 913 1196 955 (ita
1221 913 1309 956 quod
1343 913 1417 946 illae
1451 924 1487 946 ex
1520 923 1607 946 nunc
1632 912 1801 945 collativae

1064 1019 1250 1052 collativum
1269 1019 1380 1062 quavis
1405 1019 1594 1052 anctoritate
1613 1018 1751 1051 conferri
1771 1023 1804 1051 et

1041 1072 1103 1108 ¹de
1137 1072 1199 1105 illis
1225 1072 1354 1115 disponi
1384 1072 1499 1115 quovis
1533 1072 1629 1105 modo
1662 1071 1801 1115 amplius

1041 1160 1042 1163 Ἰ
1064 1131 1238 1168 nequeant,
1257 1131 1299 1165 ct,
1317 1126 1340 1158 si
1364 1126 1435 1158 illas
1462 1125 1615 1168 deinceps
1641 1124 1801 1162 conferri,

1064 1183 1117 1209 aut
1142 1177 1321 1220 impetrari,
1340 1183 1395 1210 aut
1415 1177 1493 1210 alias
1519 1178 1558 1210 de
1582 1177 1645 1210 illis
1671 1177 1802 1221 disponi

1064 1230 1257 1272 contigerit,
1290 1231 1500 1269 collationes,
1539 1230 1742 1273 provisiones
1772 1236 1803 1262 et

1065 1284 1194 1327 quaevis
1219 1284 1300 1317 aliae
1327 1284 1556 1327 dispositioncs
1582 1284 1621 1316 de
1646 1283 1708 1316 illis
1727 1294 1803 1327 quo-

1063 1337 1110 1369 vis
1134 1337 1231 1370 modo
1259 1338 1436 1377 faciendae,
1457 1339 1564 1371 nullae
1590 1342 1620 1370 et
1645 1337 1802 1370 invalidae

1065 1390 1214 1430 existant,
1233 1391 1379 1433 nullique
1406 1390 1632 1433 suffragentur,
1651 1400 1710 1423 nec
1736 1389 1802 1422 cui-

1064 1455 1158 1487 quam
1178 1445 1359 1477 coloratum
1387 1443 1514 1477 titulum
1541 1443 1729 1487 possidendi
1750 1443 1804 1476 tri-

1064 1498 1176 1540 buat),
1205 1508 1334 1531 necnon
1369 1497 1526 1531 dictarum
1562 1496 1804 1541 parochialium

1041 1553 1043 1559 ’
1064 1551 1274 1585 ecclesiarum
1308 1552 1485 1594 respective
1520 1551 1645 1596 fructus
1663 1577 1670 1591 ‚
1696 1550 1804 1583 reddi-

1066 1610 1113 1636 tus
1148 1609 1180 1637 et
1214 1609 1416 1647 proventus,
1444 1603 1537 1642 iura,
1569 1603 1804 1644 obventiones,

1064 1658 1162 1697 bona,
1186 1657 1414 1700 proprietates,
1433 1657 1561 1700 aliaque
1583 1657 1804 1691 emolumenta

1064 1720 1301 1754 quaecumque,
1321 1710 1354 1742 in
1384 1710 1582 1753 quibuslibet
1606 1710 1702 1743 rebus
1728 1721 1804 1743 con—

1064 1763 1209 1796 sistentia
1236 1768 1266 1795 et
1297 1763 1524 1806 undecumque
1554 1763 1802 1806 provenientia,

1064 1827 1135 1848 cum
1161 1815 1376 1859 infrascriptis
1402 1821 1510 1848 tamen
1536 1816 1662 1858 legibus
1681 1822 1713 1849 et
1729 1827 1804 1850 con-

1064 1868 1251 1908 ditionibus,
1270 1879 1401 1901 mensae
1420 1869 1592 1912 capitulari
1618 1869 1721 1902 dictae
1740 1871 1803 1903 col-

1064 1921 1201 1964 legiatae
1228 1921 1384 1954 ecclesiae
1410 1932 1469 1965 pro
1488 1921 1664 1955 decanatus
1682 1928 1713 1955 et
1731 1923 1804 1955 alia-

1041 1985 1134 2007 >rum
1173 1975 1366 2017 dignitatum
1404 1985 1440 2007 ac
1476 1975 1726 2009 canonicatuum
1772 1982 1803 2010 et

280 2028 480 2071 signationes
516 2029 673 2062 dictorum
710 2029 960 2069 defunctorum,
988 2034 1042 2079 et}

1063 2027 1325 2070 praebendarum
1346 2038 1474 2061 necnon
1493 2028 1729 2062 beneficiorum
1749 2029 1804 2062 hu-

1063 2080 1200 2113 iusmodi
1228 2081 1310 2113 dotis
1342 2086 1373 2114 et
1402 2081 1666 2115 distributionum
1691 2083 1801 2125 quoti*-

1064 2133 1231 2166 dianarum
1255 2138 1429 2177 augmento
1448 2135 1505 2177 <ita
1529 2135 1616 2178 quod
1642 2135 1736 2169 liceat
1755 2136 1805 2169 de·

1063 2197 1145 2220 cano
1170 2187 1306 2230 aliisque
1332 2187 1544 2230 dignitatibus
1570 2194 1601 2221 et
1626 2188 1802 2229 canonicis,

1063 2250 1192 2273 necnon
1226 2239 1428 2274 beneficiatis
1464 2241 1662 2284 praedictis,
1689 2252 1804 2275 eorum

281 2293 367 2326 blico
386 2300 418 2326 et
443 2295 578 2327 testibus
604 2300 720 2338 sponte
746 2296 853 2334 factas,
874 2300 926 2328 aut
943 2305 1020 2327 con-
1040 2282 1099 2343 {ae
1124 2293 1226 2326 dictae
1257 2303 1388 2326 mensae
1422 2294 1609 2337 capitularis
1648 2296 1801 2334 nomine,

283 2345 483 2380 stitutionem
509 2347 611 2381 felicis
634 2348 871 2381 recordationis
889 2347 1042 2381 Ioannis
1040 2365 1043 2396 Ι
1063 2348 1277 2391 corporalem,
1300 2348 1422 2380 realem
1441 2353 1472 2380 et
1489 2349 1647 2382 actualem
1673 2360 1804 2393 posses-

284 2396 387 2440 Papae
412 2398 491 2432 xxti
516 2401 779 2443 praedecessoris
812 2400 916 2433 nostri
937 2411 1020 2444 quae
1040 2399 1042 2420 ³
1063 2401 1188 2434 sionem
1214 2401 1376 2435 bonorum
1391 2428 1398 2441 ‚

283 2449 395 2492 incipit
419 2450 629 2494 Eccecrabilis,
649 2455 697 2487 vel
718 2453 957 2486 assecutionem
977 2454 1021 2486 ι-ιΙ

285 2503 384 2535 terius
420 2502 567 2536 beneficii
608 2506 819 2539 ecclesiastici
856 2507 1043 2540 ordinaria

283 2620 322 2654 (¹¹-
345 2618 394 2652 T-·)

1432 2401 1550 2434 iurium
1579 2407 1610 2434 et
1635 2402 1805 2445 pertinen·

1065 2455 1181 2488 tiarum
1219 2460 1250 2487 et
1283 2464 1481 2487 annexorum
1525 2465 1803 2498 quorumcumque

1042 2508 1103 2563 ad
1129 2507 1335 2551 parochiales
1365 2507 1519 2540 ecclesias
1546 2508 1705 2551 praefatas
1731 2518 1804 2551 spe-

317 2573 331 2599 1
350 2571 416 2600 Male
430 2573 495 2600 edit
514 2573 593 2601 Main.
611 2575 675 2610 legit
693 2577 852 2611 yeneralis,
868 2578 1021 2606 rweservatis
1064 2560 1217 2593 U‘lfflfflm
1244 2566 1275 2593 et
1298 2560 1531 2603 Pfflunemluffl
1558 2561 1661 2593 llbele
1687 2570 1803 2604 appsss‘

1101 2624 1110 2649 1
1136 2621 1235 2649 Desunt
1257 2621 1337 2649 rerba
1353 2622 1480 2657 pendeat
1499 2623 1628 2650 indecisa
1648 2623 1687 2657 (a.
1699 2629 1748 2657 Τ)

1812 228 1860 254 Αιι,
1879 228 1907 254 (Ἰ.
1931 228 1997 255 1716
