2269 3203
257 225 308 255 tin.
331 227 359 254 C.
378 224 445 254 4712

310 2096 394 2117 Poenae
421 2095 441 2115 in

257 2125 382 2143 executores
406 2121 442 2142 de-

256 2150 308 2169 cretl
324 2151 344 2170 ot
354 2153 442 2169 concor-

257 2175 314 2197 diae.

491 218 556 251 540

449 278 548 321 plene
575 283 606 310 et
630 277 831 311 sufficienter
856 277 1029 320 expressis,
1055 288 1090 310 ac
1116 287 1187 309 exa-

451 331 594 364 ctissime
621 336 650 365 et
669 331 909 364 accuratissime
925 330 1118 374 specificatis
1136 330 1189 363 ha-

450 384 577 424 bentes,
596 390 685 418 motu
712 385 857 428 proprio,
878 390 960 417 etex
980 386 1065 417 certa
1084 383 1188 416 scien-

449 437 493 470 tia
518 443 549 471 et
575 441 699 470 matura
725 437 989 477 deliberatione,
1018 437 1123 480 deque
1150 448 1185 469 a-

449 490 630 533 postolicae
664 491 831 534 potestatis
866 490 1096 533 plenitudine,
1124 494 1187 522 tam

450 543 640 587 rescriptum
666 554 722 576 seu
750 544 914 577 decretum
940 554 957 575 a
993 542 1098 575 laicali
1135 553 1188 586 po-

451 601 565 629 testate
591 596 712 629 editum
733 623 740 637 ,
768 607 864 639 quam
890 595 1138 629 conventionem
1172 607 1188 628 a

449 648 544 681 dictis
571 648 798 682 ecelesiasticis
825 660 896 682 cum
924 651 1131 692 praenarrata
1156 660 1189 682 0-

449 701 628 744 bligatione
654 702 766 734 initam
788 701 808 743 ⁴,
835 708 871 734 ut,
894 702 1085 746 praefertur,
1116 713 1188 734 cum

450 755 600 787 omnibus
625 760 652 787 et
679 754 817 797 singulis
843 755 875 787 in
902 754 947 787 eis
973 755 1132 787 contentis
1154 764 1189 787 ac

450 807 524 839 inde
550 807 668 840 secutis
694 813 724 839 et
756 807 1031 850 quandocumque
1064 812 1189 840 secutu-

448 859 493 892 ris
515 888 521 900 ,
549 860 677 903 penitus
703 865 735 893 et
760 860 893 893 omnino
920 861 1022 900 nulla,
1050 860 1189 893 invalida

450 919 481 946 et
504 913 609 954 irrita,
631 913 817 957 nulliusque
837 913 965 946 roboris
984 919 1013 946 et
1031 914 1187 946 momenti

449 966 498 998 vel
524 966 686 999 efficaciae
721 976 791 998 esse
826 971 856 998 et
890 965 929 997 ab
961 965 1053 998 initio
1091 966 1188 998 fuisse

450 1026 481 1052 et
505 1024 666 1062 perpetuo
693 1020 785 1057 sore,
820 1025 932 1051 tenore
969 1019 1188 1062 praesentium

451 1072 658 1105 decernimus
685 1077 715 1104 et
748 1072 962 1105 declaramus.
998 1071 1035 1104 Et
1068 1071 1189 1104 nihilo-

449 1126 564 1164 minus,
581 1125 619 1158 ad
635 1125 790 1158 maiorem
809 1125 968 1157 cautelam
987 1131 1018 1157 et
1031 1130 1189 1168 quatenus

450 1189 531 1222 opus
558 1178 607 1218 sit,
625 1179 679 1211 illa
698 1178 808 1211 omnia
822 1184 853 1211 et
867 1178 1006 1221 singula,
1031 1184 1189 1221 quatenus

451 1232 489 1265 de
516 1224 599 1265 facto
626 1237 869 1275 processerunt,
887 1237 987 1272 motu,
1004 1232 1138 1265 scientia
1159 1237 1191 1264 et

449 1286 622 1330 potestatis
659 1286 864 1329 plenitudine
901 1285 1047 1328 paribus,
1075 1285 1189 1318 harum

450 1340 532 1373 serie
559 1340 671 1372 itidem
698 1345 856 1382 perpetuo
883 1350 1095 1379 revocamus,
1123 1335 1212 1384 αις-ζ

450 1403 557 1425 samus
578 1420 585 1433 ‚
613 1392 778 1424 irritamus
805 1398 835 1425 et
861 1393 1090 1432 annullamus,
1116 1392 1212 1424 viri-¹

448 1447 574 1490 busque
600 1450 630 1478 et
655 1445 780 1485 effectu,
809 1445 887 1478 itaut
905 1446 1029 1478 nullum
1047 1455 1189 1488 unquam
1211 1472 1213 1486 ,

450 1499 683 1542 praeiudicium
710 1499 806 1531 etiam
833 1499 1002 1531 minimum
1029 1498 1120 1531 dictis
1140 1489 1213 1531 (30-Ε

451 1551 640 1585 clesiasticis
678 1558 733 1585 aut
762 1552 903 1585 libertati
936 1557 967 1585 et
997 1552 1213 1584 immunitati*

451 1605 688 1638 ecclesiasticae
726 1606 845 1639 inferre
884 1606 932 1638 vel
959 1605 1036 1638 alias
1074 1616 1190 1638 nocere

451 1668 507 1691 seu
533 1658 680 1692 intulisse
704 1660 754 1692 vel
773 1659 924 1692 nocuisse
941 1669 1072 1702 quoquo
1094 1659 1191 1692 modo

452 1712 538 1753 dici,
571 1713 724 1752 censeri,
764 1713 932 1756 praetendi
965 1714 1013 1746 vel
1051 1713 1190 1756 intelligi

450 1767 601 1810 possint,
626 1767 756 1810 penitus
782 1772 813 1800 et
839 1767 972 1800 omnino
998 1777 1190 1809 vacuamus,

451 1821 483 1853 in
510 1820 660 1854 omnibus
681 1826 712 1854 et
737 1830 795 1863 per
819 1821 935 1861 omnia,
955 1820 1091 1864 perinde
1113 1832 1147 1853 ae
1166 1821 1190 1853 si

451 1884 616 1918 nunquam
644 1874 724 1907 sacta
750 1874 896 1913 fuissent,
918 1884 977 1907 nec
997 1873 1191 1911 evenissent,

451 1938 557 1971 neque
583 1938 726 1971 unquam
763 1927 879 1960 tierent
914 1927 961 1960 vel
998 1927 1190 1966 evenirent,

450 1980 571 2024 illaque
608 1979 793 2013 earumdem
825 1985 938 2014 tenore
969 1979 1192 2023 praesentium

452 2033 642 2067 damnamus
669 2039 700 2066 et
723 2033 947 2077 reprobamus.

496 2087 510 2130 ἓ
535 2086 566 2120 3.
595 2087 757 2121 Quocirca
783 2087 886 2120 dictae
923 2087 1127 2120 universitati
1160 2087 1194 2119 il-

453 2139 579 2182 liusque
597 2139 738 2183 syndieis
756 2139 933 2183 praedictis
951 2150 986 2172 ac
1001 2139 1192 2172 officialibus

453 2198 484 2224 et
500 2192 570 2225 aliis
585 2192 742 2225 ministris
761 2192 1030 2236 quibuscumque,
1046 2192 1105 2225 sub
1120 2203 1193 2225 cen-

452 2256 600 2278 surarum
625 2252 656 2278 et
680 2245 751 2279 aliis
775 2256 834 2289 per
859 2256 968 2278 sacros
994 2256 1134 2279 canones
1163 2251 1193 2278 et

453 2299 703 2332 constitutiones
728 2299 925 2342 apostolicas
944 2299 1073 2331 inflictis
1089 2300 1193 2331 eccle-

453 2351 591 2385 siasticis
617 2351 758 2395 poenis,
786 2351 937 2384 omnibus
963 2362 1040 2384 vero
1067 2357 1098 2384 et
1130 2351 1193 2384 sin-

453 2405 536 2448 gulis
563 2404 790 2438 ecclesiasticis
817 2404 993 2447 praedictis
1018 2403 1049 2435 in
1076 2404 1191 2435 virtute

453 2464 582 2491 sanctae
601 2457 818 2496 obedientiae,
837 2468 873 2490 ac
891 2457 949 2489 sub
967 2456 1191 2499 suspensionis

454 2516 485 2543 et
510 2509 855 2543 excommnuicationis
881 2509 950 2552 ipso
976 2508 1057 2541 sacto
1087 2508 1215 2553 incur-3

453 2563 563 2597 rendis
587 2562 717 2606 poenis,
746 2560 888 2595 districte
920 2560 1132 2604 prohibemus
1162 2555 1214 2594 et'

486 2629 496 2654 1
510 2627 581 2654 Male
591 2626 635 2653 ed.
648 2625 724 2653 ttain.
734 2624 799 2660 legit
808 2625 928 2654 irritam
940 2632 988 2661 pro
997 2624 1192 2660 inflammas).

1023 227 1204 253 mittantmt
1227 227 1382 253 Romanum

1231 277 1463 317 interdicimus,
1491 288 1542 318 ne,
1570 277 1733 310 irritorum
1759 281 1790 310 et
1814 276 1965 310 invalido-

1231 340 1301 363 rum
1339 331 1486 376 rescripti
1524 341 1578 364 seu
1610 329 1730 364 decreti
1764 340 1799 363 ac
1828 340 1966 363 conven-

1233 383 1328 416 tionis
1347 384 1603 427 etobligationis
1628 383 1816 417 huiusmodi
1846 383 1968 426 vigore,

1232 436 1306 469 dicti
1333 437 1464 480 quidem
1491 437 1681 470 universitas
1719 442 1750 469 et
1785 436 1909 480 syndici
1940 447 1970 469 a·

1231 489 1329 532 liique
1365 489 1519 523 officiales
1557 495 1589 523 et
1621 489 1758 522 ministri
1793 489 1897 522 tallias
1938 494 1968 522 et

1232 552 1330 575 onera
1370 542 1495 576 laicalia
1536 543 1701 586 praedicta
1741 553 1758 575 a
1794 542 1969 586 praedictis

1232 595 1462 629 ecclesiasticis
1488 596 1617 639 exigere
1637 624 1644 637 ‚
1678 596 1737 640 ipsi
1763 606 1839 629 vero
1866 596 1970 629 eccle-

1232 648 1351 681 siastici
1377 649 1432 682 illa
1452 650 1500 682 vel
1519 650 1613 682 aliam
1633 659 1870 692 quamcumque
1887 659 1971 681 sum-

1232 712 1316 735 mam
1352 702 1409 734 sub
1447 703 1559 746 quovis
1590 703 1683 735 titulo
1714 708 1769 735 aut
1798 706 1971 746 praetextu

1231 756 1365 795 solvere,
1393 755 1514 798 absque
1539 761 1654 789 nostro
1681 761 1711 788 et
1726 755 1822 788 liuius
1836 755 1969 788 Sanctae

1231 807 1321 841 Sedis
1338 808 1556 851 beneplacito,
1571 808 1711 841 audeant
1726 807 1972 852 quomodolibet

1231 871 1286 894 seu
1312 867 1541 904 praesumant·,
1569 862 1665 894 salvis
1692 868 1798 894 tamen
1818 872 1854 895 ac
1872 860 1971 894 firmis

1231 913 1477 947 remanentibus
1503 914 1573 946 aliis
1604 914 1862 957 quibuscumque
1898 925 1972 947 cen-

1210 988 1211 997 i
1232 968 1317 999 suris
1337 973 1367 999 et
1388 966 1501 1010 poenis
1520 967 1761 1007 ecclesiasticis,
1783 978 1861 1011 quas
1882 978 1973 1011 prae-

1233 1020 1299 1060 sati,
1327 1026 1358 1053 et
1383 1020 1436 1053 alii
1463 1030 1577 1053 omnes
1603 1020 1635 1053 in
1661 1020 1859 1063 praemissis,
1891 1031 1971 1064 quae

1233 1074 1392 1107 hactenus
1418 1079 1488 1107 acta
1513 1075 1654 1115 fuerunt,
1681 1074 1879 1117 culpabiles,
1898 1084 1973 1117 pro-

1233 1132 1306 1170 pter
1327 1127 1439 1160 eadem
1466 1127 1646 1170 praemissa
1672 1127 1784 1170 quovis
1809 1127 1906 1159 modo
1926 1125 1974 1158 in-

1233 1185 1420 1220 currerunt;
1440 1190 1457 1212 a
1483 1179 1601 1223 quibus
1628 1179 1759 1212 nonnisi
1778 1190 1794 1212 a
1813 1178 1906 1212 nobis
1920 1183 1974 1211 aut

1233 1232 1378 1266 Romano
1394 1232 1547 1266 pontifice
1563 1243 1622 1276 pro
1642 1238 1786 1276 tempore
1800 1233 1971 1272 existente,

1233 1291 1305 1329 post
1331 1285 1472 1318 debitam
1498 1285 1660 1318 Ecclesiae
1679 1285 1865 1328 praestitam
1883 1285 1974 1318 satis-

1235 1339 1407 1372 factionem
1434 1339 1687 1381 <practerquam
1714 1338 1746 1371 in
1778 1339 1888 1372 mortis
1925 1349 1973 1371 ar-

1235 1392 1364 1433 ticulo,
1403 1398 1434 1424 et
1469 1397 1544 1424 tune
1582 1402 1652 1424 cum
1689 1391 1903 1425 reincidentia
1941 1392 1974 1424 in

1235 1445 1365 1478 easdem
1394 1455 1611 1485 censuras,e0
1638 1445 1709 1488 ipso
1735 1456 1800 1488 quo
1826 1446 1975 1479 convale-

1235 1499 1353 1542 scant)
1379 1498 1501 1531 absolvi
1528 1503 1560 1531 et
1583 1498 1715 1531 liberari
1739 1500 1879 1531 valeant.

1279 1552 1293 1595 g
1318 1552 1348 1584 4.
1376 1552 1593 1585 Decernentes
1614 1551 1721 1592 etiam,
1738 1552 1867 1585 easdem
1881 1562 1974 1595 prac-

1235 1611 1343 1638 sentes
1369 1606 1492 1638 litteras
1518 1605 1600 1638 etin
1622 1605 1667 1638 eis
1697 1611 1851 1638 contenta
1877 1616 1974 1649 quae-

1236 1668 1383 1702 cumque,
1410 1658 1506 1691 etiam
1532 1669 1568 1691 ex
1596 1669 1633 1691 eo
1659 1658 1744 1701 quod
1771 1658 1925 1702 praedicti
1944 1665 1975 1693 et

1212 1711 1289 1751 salii
1316 1712 1511 1755 quicumque
1539 1712 1569 1744 in
1603 1711 1790 1755 praemissis
1816 1712 1974 1745 interesse

1212 1754 1214 1788 i
1236 1765 1394 1798 habentes
1413 1776 1469 1798 seu
1487 1765 1607 1798 habere
1626 1765 1975 1809 quomodolibetprae-

1237 1818 1419 1860 tendentes,
1438 1818 1577 1851 cuiusvis
1598 1823 1711 1858 status,
1736 1818 1866 1861 gradus,
1887 1818 1976 1851 ordi-

1236 1872 1298 1913 nis,
1314 1871 1591 1915 praeeminentiae
1608 1877 1639 1904 et
1651 1871 1816 1914 dignitatis
1828 1871 1975 1912 existant,

1214 1927 1215 1968 l
1237 1932 1267 1958 et
1292 1926 1352 1958 atta
1389 1924 1538 1968 specifica
1563 1930 1594 1958 et
1618 1924 1783 1958 individua
1807 1924 1974 1957 mentione

1237 1984 1269 2011 et
1293 1979 1501 2022 expressione
1528 1977 1640 2020 digni,
1663 1977 1726 2011 illis
1752 1988 1816 2011 non
1842 1987 1976 2011 consen-

1236 2032 1347 2073 serint,
1373 2042 1432 2064 nec
1457 2031 1495 2064 ad
1521 2042 1558 2064 ea
1583 2031 1698 2072 vocati,
1715 2031 1802 2064 citati
1820 2031 1974 2073 etauditi,

1236 2096 1342 2128 neque
1366 2096 1495 2125 causae,
1517 2089 1653 2128 propter
1681 2095 1760 2128 quas
1784 2089 1975 2128 praesentes

1237 2138 1441 2177 emanarint,
1468 2137 1668 2170 sufficienter
1693 2137 1860 2177 adductae,
1893 2136 1976 2169 veri-

1237 2190 1349 2224 ficatae
1368 2196 1399 2224 et
1416 2190 1605 2224 iustificatae
1625 2190 1761 2230 suerint,
1780 2194 1833 2222 aut
1850 2199 1886 2222 ex
1915 2189 1976 2222 alia

1238 2253 1441 2287 quacumque
1467 2242 1669 2287 quantumvis
1696 2241 1832 2274 iuridica
1856 2246 1888 2274 et
1910 2240 1977 2284 pri-

1237 2297 1388 2339 vilegiata
1412 2299 1517 2335 causa,
1545 2298 1668 2336 colore,
1687 2300 1856 2338 praetextu
1875 2300 1906 2327 et
1925 2304 1978 2327 ea-

1237 2350 1313 2392 pite,
1333 2350 1428 2382 etiam
1446 2350 1477 2381 in
1494 2359 1631 2392 corpore
1649 2349 1726 2381 iuris
1741 2348 1860 2388 clauso,
1878 2347 1977 2381 etiam

1237 2402 1379 2435 enormis
1398 2429 1405 2442 ,
1433 2401 1674 2435 enormissimae
1700 2406 1729 2434 et
1767 2401 1873 2434 totalis
1910 2401 1978 2433 lae-

1239 2454 1350 2493 sionis,
1379 2454 1468 2487 nullo
1493 2464 1634 2497 unquam
1667 2461 1813 2498 tempore
1839 2454 1878 2487 de
1905 2453 1978 2487 sub-

1236 2508 1392 2550 reptionis
1425 2509 1475 2540 vel
1501 2507 1702 2551 obreptionis
1735 2513 1790 2540 aut
1820 2507 1977 2541 nullitatis

1235 2561 1328 2601 vitio,
1355 2571 1411 2593 seu
1436 2560 1629 2593 intentionis
1664 2566 1795 2594 nostrae
1811 2587 1818 2601 ,
1847 2570 1904 2594 seu
1928 2560 1977 2592 in-

1235 2620 1358 2648 teresse
1374 2614 1561 2648 habentium
1573 2616 1761 2656 consensus,
1777 2614 1880 2648 aliove
1900 2622 1976 2658 quo·

1977 227 2025 254 An.
2041 227 2072 255 C.
2092 228 2160 256 ¹7¹2

2011 1559 2135 1584 clausulae.

2250 3152 2260 3203 a«.
2258 3127 2260 3139 s.

2258 1904 2269 1978 ean-29·
2258 1835 2269 1890 &A
2260 1798 2269 1826 :A-
2268 1780 2269 1790 μ
2268 1756 2269 1770 ⁴„
2268 1744 2269 1748 „
2268 1723 2269 1731 ⁴

2259 1990 2269 2010 z„

2253 2288 2265 2301 ι
2252 2178 2269 2277 ..ν-ἐισι

2251 2399 2258 2422 4
2251 2343 2263 2373 μ.
