2269 3203
70 172 119 201 An.
140 173 169 202 C.
187 173 256 202 ¹716

881 174 1023 199 CLEMENS
1048 173 1082 198 XI
1107 174 1155 198 1³1³.

263 222 464 266 intelligatur
484 223 530 257 illi
551 223 813 268 archiepiscopo,
833 224 886 266 qui
910 223 1003 256 iuris·
1023 226 1026 246 ἱ
1048 224 1176 256 solvere
1190 223 1320 256 faciant.
1341 234 1385 257 xi.
1405 223 1483 262 Quia
1498 224 1528 257 in
1544 225 1680 268 utraque
1699 232 1790 268 parte

264 275 440 309 dictionem
459 276 611 310 habuerit
628 278 677 310 vel
692 287 788 320 supra
813 286 1001 320 personam,

264 328 289 360 si
312 329 449 361 materia
467 329 509 361 sit
526 328 723 372 personalis,
744 329 794 361 vel
813 339 910 372 supra
924 339 1002 369 rem,

264 382 289 414 si
306 382 415 416 realis.
436 393 478 416 1x.
501 383 619 416 Omnes
641 388 673 416 ct
689 393 915 426 quaecumque
929 393 1003 415 cau-

263 445 316 468 sae
353 442 382 468 et
419 436 524 469 litium
562 436 803 470 controversiae
823 463 829 475 ,
857 446 937 479 quae
963 436 1003 468 ad

263 499 415 531 praesens
441 490 644 523 introductae
664 495 693 522 et
719 489 884 522 indecisae
910 500 1004 533 repe·
1025 481 1027 503 ⁴¹

263 542 397 584 riantur,
417 543 600 576 continuari
623 548 654 576 et
676 543 840 586 terminari
864 544 1004 576 debeant
1025 562 1027 570 x

263 605 365 638 nsque
392 597 431 629 ad
457 596 650 629 sententiam
670 596 866 629 definitivam
893 607 1003 629 coram
1025 625 1027 630 Α

262 649 385 682 eisdem
411 649 603 682 officialibus
622 660 677 682 scu
703 649 875 690 iudicibus,
896 660 1003 683 coram
1025 673 1027 695 Α,

262 701 379 744 quibus
405 702 606 735 introductae
632 702 778 743 fuerunt;
806 702 1003 746 exequutio-

261 764 319 787 nes
343 765 420 788 vero
446 755 614 788 faciendae
636 761 733 788 erunt
757 756 796 788 ab
819 755 947 788 officiali
969 756 1005 789 il-

261 808 322 840 lius
347 808 598 852 archiepiscopi,
620 810 669 842 cui
691 809 780 842 iuxta
804 809 1003 853 praedictam

261 861 452 895 divisionem
478 863 685 905 spectabunt,
711 863 932 896 mediantibus
958 868 1004 896 ta-

260 924 336 947 men
354 915 456 948 solitis
476 914 592 948 litteris
615 916 803 949 hortatoriis
829 915 918 949 iuxta
939 922 1004 959 sty-

261 968 328 1000 lum
353 968 447 1011 regni
472 969 710 1012 Portugalliae;
731 970 805 1003 illae
830 980 906 1003 vcro
927 970 1002 1003 lites

262 1025 294 1052 et
318 1022 574 1061 controversiae,
593 1032 675 1064 quae
695 1023 733 1055 de
759 1033 845 1055 novo
871 1033 1004 1056 moven-

261 1074 319 1107 dae
347 1080 378 1107 et
403 1075 658 1109 introducendae
685 1082 789 1117 erunt,
816 1076 949 1108 iudicari
971 1082 1004 1109 et
1025 1100 1026 1104 ,

261 1127 388 1160 definiri
414 1129 582 1162 debebunt
613 1130 653 1162 ab
679 1129 807 1163 officiali
833 1129 920 1163 illius
946 1140 999 1162 ar-

261 1180 462 1225 chiepiscopi
482 1181 760 1226 Ulyssiponensis‚
782 1189 838 1216 aut
858 1183 1003 1216 orienta-

260 1234 299 1266 lis
320 1244 377 1267 seu
404 1234 624 1275 occidentalis,
644 1235 697 1279 qui
719 1236 853 1268 debebit
874 1236 913 1269 de
932 1236 1001 1269 iure

260 1297 315 1320 eas
341 1298 540 1330 cognoscere
577 1294 608 1321 et
643 1299 740 1332 super
766 1289 812 1322 eis
838 1289 998 1329 iudicari,

258 1341 307 1373 vel
341 1341 466 1374 ratione
492 1352 654 1385 personae
680 1342 707 1375 ei
735 1342 924 1382 subiectae,
951 1343 1001 1376 vel

258 1394 385 1427 ratione
408 1394 453 1428 rei
479 1395 512 1427 in
532 1406 590 1428 suo
612 1395 898 1439 archiepiscopatu
918 1401 950 1429 et
968 1396 1001 1429 in

260 1450 317 1480 sua
335 1447 479 1481 dioecesi
501 1448 684 1482 existentis.
700 1460 730 1483 x.
747 1448 853 1482 Novus
880 1449 1002 1483 archie-
1021 1452 1023 1458 ¹

260 1501 415 1545 piscopus
435 1502 697 1546 Ulyssiponensis
711 1503 923 1537 occidentalis
943 1514 1002 1547 po-

261 1555 461 1589 teritcreare
484 1562 515 1589 et
535 1557 657 1599 eligere
672 1567 785 1590 omnes
806 1562 838 1590 et
855 1557 1000 1600 singulos

260 1609 427 1650 officiales,
455 1611 507 1653 qui
534 1610 656 1644 ibidem
678 1611 783 1644 creari
808 1612 925 1651 solent,
946 1617 1002 1644 aut

260 1663 454 1697 confirmare
480 1669 511 1697 et
535 1664 717 1707 approbare
735 1665 798 1697 iam
825 1670 952 1698 creatos
969 1671 1002 1698 et

260 1718 393 1757 electos
415 1727 487 1750 eum
504 1717 626 1750 eisdem
646 1717 871 1751 iurisdictione
891 1723 922 1751 et
943 1728 1001 1761 po-

260 1774 375 1803 testate
400 1770 472 1803 aliis
498 1770 689 1803 officialibus
716 1770 747 1803 in
773 1775 866 1814 parte
892 1770 1023 1803 civita-i

260 1822 299 1855 tis
324 1828 356 1856 et
381 1822 538 1856 dioecesis
575 1823 637 1856 sibi
672 1823 834 1865 assignata
864 1833 1002 1866 compe-

260 1875 420 1915 tentibus3
446 1886 506 1909 nec
530 1886 588 1919 per
614 1876 678 1909 hoc
696 1876 851 1909 officiales
877 1876 1000 1920 antiqui
1022 1894 1023 1898 =

260 1929 558 1973 archiepiscopatus
576 1929 839 1973 Ulyssiponensis
858 1929 1000 1973 aliquam

259 1983 491 2016 relevationem
516 1983 731 2026 praetendere
754 1983 889 2026 possint,
907 1993 1001 2026 prae-

259 2042 407 2080 terquam
445 2036 478 2069 in
514 2047 589 2070 casu
628 2047 692 2080 quo
730 2036 837 2070 officia
873 2036 912 2069 ab
954 2037 1000 2069 eis

260 2094 367 2133 empta
393 2090 540 2130 fuissent,
555 2090 720 2133 quiatunc
746 2100 849 2123 novus
876 2090 1001 2123 archie-

259 2142 418 2186 piscopus.
434 2142 699 2187 Ulyssiponensis
715 2143 928 2176 occidentalis
948 2143 1002 2176 de-

260 2206 394 2229 cernere
420 2196 555 2229 debebit
587 2196 674 2239 quod
706 2196 862 2229 officiales
894 2196 933 2228 ab
963 2206 1000 2229 eo

261 2249 388 2282 noviter
412 2248 509 2282 electi
536 2249 684 2282 reficiant
710 2249 826 2282 damna
851 2259 934 2292 quae
959 2242 1022 2281 of-'

261 2300 380 2334 ticiales
406 2302 529 2345 antiqui
555 2302 857 2345 archiepiscopatus
883 2301 1002 2345 Ulyssi-

262 2356 417 2397 ponensis
443 2367 479 2389 ex
506 2357 567 2389 hac
591 2356 863 2389 nova'erectione
882 2361 914 2389 et
935 2357 1000 2389 ele-

262 2399 369 2441 ctiorie
394 2409 581 2443 officialium
598 2410 666 2453 pati
684 2415 830 2453 possent,
850 2414 882 2442 et
905 2409 999 2442 infra-

262 2461 375 2504 scripti
401 2461 523 2495 iudices
549 2469 768 2506 exequutores
793 2463 971 2496 summarie
989 2490 996 2503 ,

263 2519 295 2547 et
318 2515 387 2547 sota
413 2514 486 2547 facti
510 2515 644 2549 veritate
669 2517 828 2560 inspecta,
857 2516 998 2560 pretium

262 2568 383 2604 eisdem
401 2568 541 2613 antiquis
557 2569 749 2603 officialibus
765 2570 910 2605 debitum
928 2580 998 2613 per-

1048 276 1184 309 civitatis
1211 282 1241 310 ct
1259 276 1418 310 dioecesis
1440 277 1703 321 L'lyssiponensis
1725 284 1788 311 tam

1049 329 1216 363 orientalis
1231 340 1325 374 qnam
1345 330 1557 363 occidentalis
1579 331 1790 373 reperiuntur

1049 382 1231 425 dignitates,
1248 385 1458 416 canonicatus
1477 388 1508 415 ct
1522 382 1690 422 beneficia,
1707 393 1788 426 quac

1048 437 1255 478 personalem
1281 436 1493 469 residentiam
1519 435 1713 479 requirunt,
1740 446 1788 475 ne,

1049 489 1090 521 ob
1104 489 1304 532 praedictam
1325 489 1461 522 civitatis
1481 495 1510 522 ct
1530 489 1690 522 dioecesis
1706 488 1790 531 Ulys-

1048 542 1233 584 siponensis
1255 542 1457 582 divisionem,
1484 542 1670 585 dignitates,
1697 552 1791 574 cano·

1048 595 1172 627 nicatus
1191 600 1221 627 et
1238 595 1395 628 beneficia
1422 595 1611 628 huiusmodi
1632 605 1692 638 pro
1711 600 1790 627 tem-

1047 659 1128 691 pore
1154 648 1341 681 obtinentes
1368 648 1400 681 in
1426 649 1535 692 aliquo
1561 648 1789 692 praeiudicen-

1049 708 1110 741 tur,
1137 702 1287 734 volumus
1314 703 1409 745 quod,
1436 702 1461 735 si
1488 700 1714 745 professores¹
1741 701 1790 734 di-

1048 754 1221 798 gnitatnm,
1237 755 1486 788 canonicatuum
1506 761 1537 788 et
1554 754 1789 788 beneficiorum

1048 808 1080 840 in
1105 810 1169 840 una
1194 814 1286 851 parte
1312 808 1450 842 civitatis
1475 819 1529 841 seu
1557 808 1716 841 dioecesis
1735 808 1790 840 hu-

1047 861 1190 894 iusmodi
1215 861 1459 902 habitaverint,
1487 862 1703 895 nihilominus
1733 862 1789 894 lia-

1025 909 1027 920 *
1047 915 1189 948 beantur
1215 920 1247 949 et
1264 916 1409 959 reputari
1436 917 1577 950 debeant
1601 921 1789 959 praesentes

1048 968 1079 1000 in
1099 969 1170 1002 loco
1192 969 1396 1011 dignitatum,
1415 970 1662 1003 canonicatuum
1681 975 1713 1003 et
1732 969 1788 1002 he-

1048 1021 1238 1054 neficiorum
1265 1023 1474 1063 huiusmodi3
1502 1023 1564 1066 ipsi
1599 1033 1696 1063 vero,
1722 1032 1788 1055 non

1048 1080 1153 1108 tamen
1173 1086 1286 1109 corum
1308 1076 1449 1109 familiae
1466 1082 1497 1109 et
1513 1077 1694 1116 familiares,
1714 1077 1789 1108 sub-

1048 1128 1104 1160 diti
1131 1128 1219 1161 illius
1244 1129 1482 1173 archiepiscopi
1508 1129 1656 1169 existant,
1675 1129 1708 1162 in
1735 1139 1790 1162 cu-

1046 1182 1095 1214 ius
1120 1183 1247 1216 civitate
1272 1194 1328 1217 seu
1356 1184 1500 1217 dioecesi
1533 1183 1707 1226 dignitates
1733 1188 1789 1216 aut

1047 1235 1260 1268 canonicatus
1302 1246 1357 1269 seu
1398 1235 1556 1269 beneficia
1597 1235 1787 1268 huiusmodi

1046 1288 1226 1321 extiterint.
1247 1299 1301 1322 xn.
1330 1289 1419 1327 Quod
1446 1299 1558 1322 omnes
1584 1294 1615 1322 et
1639 1289 1787 1332 singulae

1046 1342 1310 1382 controversiae,
1338 1353 1419 1386 quae
1444 1342 1475 1375 in
1501 1348 1669 1386 posterum
1695 1352 1788 1376 occa-

1045 1395 1135 1428 sione
1166 1395 1351 1429 hniusmodi
1382 1395 1549 1429 divisionis
1575 1407 1612 1429 ac
1636 1396 1710 1429 novi
1736 1407 1786 1429 ar-

1044 1448 1309 1493 chiepiscopatus
1328 1449 1503 1483 erectionis
1523 1449 1599 1482 oriri
1621 1455 1785 1493 poterunt,

1044 1502 1219 1535 summarie
1245 1502 1368 1546 absque
1395 1503 1533 1546 strepitu
1559 1508 1591 1536 et
1617 1503 1718 1546 figura
1744 1502 1786 1535 iu-

1044 1555 1132 1595 dicii,
1157 1566 1194 1588 ac
1219 1556 1287 1589 sola
1309 1556 1383 1589 facti
1408 1556 1542 1590 veritate
1569 1556 1724 1600 inspecta,
1746 1556 1785 1588 ab

1046 1610 1168 1642 eisdem
1186 1609 1403 1653 infrascriptis
1424 1609 1587 1643 iudicibus
1608 1616 1785 1653 exequuto-

1045 1662 1131 1695 ribus
1157 1662 1284 1695 definiri
1311 1669 1342 1695 et
1367 1662 1502 1695 iudicari
1529 1663 1679 1696 debeant.
1700 1664 1786 1696 Insu-

1045 1726 1102 1759 per
1128 1716 1216 1760 quod
1241 1727 1278 1749 ex
1304 1716 1455 1750 omnibus
1489 1717 1683 1760 supradictis
1713 1718 1785 1750 nul—

1045 1770 1110 1802 lum
1147 1770 1385 1813 praeiudicium
1422 1769 1601 1811 inferatur,
1628 1781 1687 1803 nec
1717 1772 1784 1804 ullo

1044 1834 1185 1867 unquam
1204 1829 1351 1868 tempore
1370 1824 1400 1856 in
1428 1824 1567 1857 futurum
1587 1825 1697 1858 inferri
1713 1835 1786 1868 pos-

1045 1877 1096 1917 sit,
1122 1877 1342 1910 iurisdictioni
1370 1877 1431 1910 iam
1469 1878 1672 1921 competenti
1698 1887 1784 1911 novo

1045 1929 1295 1973 archiepiscopo
1317 1929 1562 1974 Ulyssiponensi
1589 1931 1784 1964 occidentali

1021 1977 1090 2014 ‘uti
1134 1983 1299 2016 sacellano
1335 1983 1448 2016 maiori
1492 1984 1638 2027 capellae
1675 1984 1783 2026 regiae

1044 2035 1315 2080 Ulyssiponensis,
1335 2047 1416 2079 quae
1441 2037 1624 2070 iurisdictio
1651 2048 1784 2082 semper

1045 2094 1075 2122 ct,
1101 2089 1185 2122 omni
1213 2094 1358 2133 tempore
1380 2089 1532 2123 immunis
1552 2095 1583 2123 et
1601 2091 1715 2124 illaesa
1734 2101 1784 2124 re-

1044 2148 1172 2176 maneat
1208 2142 1240 2175 in
1271 2154 1330 2176 suo
1360 2143 1524 2186 primaevo
1550 2148 1658 2184 statu,
1686 2154 1780 2178 exer-

1044 2197 1147 2230 cenda
1165 2202 1274 2230 tamen
1293 2208 1309 2228 a
1328 2196 1414 2230 dicto
1432 2207 1515 2230 novo
1534 2197 1782 2241 archiepiscopo

1044 2250 1292 2294 Ulyssiponensi
1327 2250 1523 2283 occidentali
1553 2250 1597 2283 uti
1630 2252 1783 2294 praesule

1043 2301 1147 2335 dictae
1174 2302 1319 2345 capellae
1346 2310 1445 2345 super
1469 2301 1590 2343 familia
1614 2302 1713 2344 regia,
1735 2304 1783 2334 ea·

1043 2356 1182 2399 demque
1208 2356 1333 2399 capella
1369 2361 1401 2388 et
1436 2355 1505 2388 eius
1531 2354 1722 2388 officialibus
1747 2365 1783 2387 ac

1043 2408 1261 2441 familiaribus
1297 2407 1398 2451 ipsius
1434 2407 1565 2441 Ioannis
1601 2408 1711 2450 regis,
1743 2408 1782 2440 ad

1043 2462 1177 2495 formam
1218 2461 1417 2494 indultorum
1460 2467 1492 2494 et
1534 2461 1782 2504 privilegiorum

1042 2515 1293 2558 apostolicorum
1315 2525 1418 2559 usque
1439 2525 1525 2548 nunc
1548 2524 1780 2548 concessorum

1078 2579 1088 2604 1
1110 2577 1220 2607 Videtur
1239 2577 1386 2612 legendum
1405 2585 1577 2612 possessores
1591 2577 1630 2612 (a.
1647 2576 1694 2611 τ.).

1683 166 1746 201 733
1793 175 1843 203 An.
1865 174 1980 203 017¹ss
