2269 3203
268 235 305 261 An
336 234 451 262 &1715
497 224 561 258 650

460 288 573 326 gentes
588 288 620 316 et
638 283 856 325 recogitantes
872 282 1010 316 liberum
1025 281 1117 314 nobis
1133 291 1199 314 non

461 346 531 369 esse
553 336 586 368 in
608 341 669 369 tam
688 337 799 379 aperta
824 346 860 368 ac
886 334 1067 368 detestabili
1088 333 1199 366 utriusv

464 398 526 432 que
553 388 795 431 oppugnatione
808 388 916 427 silere,
932 398 967 419 ac
987 386 1120 429 insuper
1137 396 1201 418 am-

461 442 576 475 barum
602 441 829 480 indemnitati,
860 449 1017 483 quantum
1043 439 1138 472 nobis
1163 449 1200 471 ex

463 496 528 528 alto
555 494 764 534 conceditur,
789 498 975 537 opportune
1001 492 1175 526 consulere
1192 518 1199 532 ,

463 558 523 581 nec
543 548 582 580 iis
604 552 725 580 tantum
745 556 827 589 quae
846 546 1003 579 hactenus
1021 550 1110 587 gesta
1129 548 1203 576 sunt

465 610 645 643 congruum
672 599 829 632 adbibere
859 598 1042 631 remedium
1058 623 1065 636 ,
1090 607 1202 629 verum

465 654 560 686 etiam
576 652 657 691 aliis,
673 663 755 695 quae
773 652 831 684 sub
849 651 962 684 iisdem
982 649 1136 690 erroneis,
1151 650 1204 681 sal-

467 706 510 738 sis
530 705 754 747 damnatisque
776 703 957 747 principiis,
979 708 1040 735 tam
1058 703 1098 735 ab
1113 707 1203 734 ante-

466 759 552 791 dicta
577 757 839 800 congregatione,
868 757 978 789 iuncta
1007 756 1202 798 nuncupata,

469 822 563 854 quam
578 811 617 843 ab
639 810 709 843 aliis
724 810 980 853 quibuscumque
998 809 1153 842 ministris
1168 818 1203 840 ac

468 863 646 905 delegatis,
670 863 733 895 sive
769 862 917 895 eiusdem
943 861 1116 894 saecularis
1146 871 1204 904 po-

467 917 603 956 testatis,
622 915 688 947 sive
719 915 814 948 etiam
845 913 1013 957 praetensi
1035 913 1204 946 tribunalis

465 968 676 1001 monarchiae
712 967 837 1000 Siculae
867 967 1021 1009 deinceps
1053 966 1204 998 attentari

465 1026 609 1065 possent,
625 1020 815 1063 tempestive
834 1029 1002 1052 occurrere
1021 1018 1202 1061 cupientes,

466 1073 675 1115 omniumque
693 1072 815 1104 idcirco
837 1076 869 1104 et
889 1071 1106 1113 singulorum,
1123 1080 1204 1113 quae

466 1126 497 1158 in
525 1124 722 1168 praemissis,
745 1124 794 1156 vel
827 1124 913 1156 circa
939 1133 986 1163 ea,
1015 1129 1077 1155 tam
1103 1124 1141 1155 ab
1168 1123 1205 1156 iis

466 1178 518 1221 qui
532 1177 768 1221 praeinsertum
784 1176 926 1209 edictum
940 1186 997 1208 seu
1014 1175 1206 1208 bannimen-

466 1236 532 1262 tum
557 1231 818 1273 promulgarunt,
844 1239 939 1272 quain
970 1229 1010 1261 ab
1039 1228 1108 1261 aliis
1135 1228 1206 1271 qui-

464 1284 680 1326 buscumque,
708 1282 774 1315 sive
810 1282 841 1314 in
867 1282 1032 1325 sequelam
1058 1281 1204 1313 eiusdem

467 1337 561 1369 edicti
581 1337 628 1368 vel
647 1334 860 1374 bannimenti,
876 1335 942 1367 sive
957 1334 1047 1374 alias,
1064 1334 1101 1366 ad
1121 1344 1206 1366 eum-

466 1389 539 1421 dem
566 1387 663 1420 finem
687 1387 885 1430 impediendi
905 1388 937 1419 in
955 1397 1056 1429 regno
1080 1386 1206 1430 praedi-

466 1447 518 1474 cto
537 1442 762 1474 executionem
785 1450 1063 1484 quarumcumque
1084 1439 1206 1472 littera-

466 1506 548 1535 rum,
567 1495 794 1527 mandatorum
812 1493 1015 1536 aliorumque
1035 1492 1206 1535 rescripto·

466 1558 536 1580 rum
556 1547 816 1590 apostolicorum,
831 1546 1051 1589 quovismodo
1067 1545 1204 1586 decreta,

466 1602 561 1640 iussa,
593 1600 764 1638 ordinata,
791 1604 861 1631 acta
887 1604 917 1631 et
941 1604 1030 1641 gesta
1055 1599 1205 1638 suerunt,

467 1654 596 1693 seriem,
620 1663 731 1685 causas
753 1658 785 1685 ct
798 1652 1071 1691 circumstantias,
1088 1663 1125 1684 ac
1143 1656 1206 1684 tam

466 1706 653 1749 praedictae
680 1715 776 1748 quam
808 1704 940 1737 alterius
966 1704 1105 1737 cuiusvis
1131 1714 1207 1737 con·

468 1759 683 1801 gregationis,
705 1768 762 1790 seu
788 1757 934 1797 Iunctae,
961 1762 1072 1790 coetus
1098 1761 1130 1790 et
1155 1757 1207 1788 tri-

467 1811 595 1844 bunalis
609 1810 756 1843 eiusdem
778 1809 882 1853 regni,
905 1820 1033 1843 necnon
1055 1819 1207 1852 quorum-

467 1874 604 1907 cumque
637 1863 807 1903 iudicum,
833 1862 1056 1895 ministrorum
1076 1888 1083 1902 ‚
1109 1862 1207 1894 etiam

467 1916 708 1960 principalium,
736 1926 791 1949 seu
817 1925 1058 1959 supremorum,
1089 1915 1207 1948 officia-

466 1970 555 2009 lium,
582 1969 805 2010 notariorum,
832 1969 1011 2001 scribarum
1037 1973 1068 2001 et
1092 1978 1208 2011 perso-

418 2049 419 2053 ,
468 2033 584 2054 narum
610 2022 828 2065 quarum-»libet
848 2022 881 2054 in
907 2021 1029 2054 eisdem
1055 2020 1208 2064 praemis-

468 2075 510 2107 sis
525 2075 734 2118 culpabilium
760 2075 940 2117 qualitates,
957 2073 1139 2117 dignitates,
1156 2084 1208 2106 no·

469 2128 557 2160 mina
578 2133 610 2160 et
630 2127 834 2169 cognomina,
853 2127 953 2160 aliave
971 2136 1208 2170 quaecmnque,

470 2180 565 2212 etiam
588 2180 770 2223 specificam
792 2184 822 2213 et
848 2180 1044 2213 individuam
1069 2178 1207 2212 mentio-

469 2243 543 2264 nem
566 2238 597 2264 et
622 2232 863 2275 expressionem
884 2231 1095 2275 requirentia,
1114 2241 1209 2274 prae-

470 2284 615 2316 sentibus
641 2295 699 2327 pro
732 2285 831 2327 plene
864 2289 896 2317 et
921 2283 1123 2316 sufficienter
1148 2293 1203 2315 ex-

470 2336 589 2380 pressis
606 2342 637 2369 et
659 2336 848 2379 singillatim
869 2335 1063 2379 specificatis
1086 2336 1208 2368 liaben-

471 2394 518 2422 tes
534 2416 541 2430 ,
567 2394 653 2421 motu
680 2389 822 2431 proprio,
845 2393 875 2421 et
900 2399 936 2421 ex
962 2390 1050 2421 certa
1074 2387 1206 2420 scientia

471 2453 507 2474 ae
532 2443 653 2473 matura
679 2441 914 2474 deliberatione
939 2440 1074 2479 nostris,
1102 2440 1207 2482 deque

471 2494 667 2537 apostolicae
694 2492 863 2535 potestatis
893 2492 1118 2535 plenitudine,
1145 2491 1209 2524 edi-

471 2551 555 2578 ctum
582 2556 637 2577 seu
669 2545 913 2577 banniinentum
946 2545 1204 2587 praeinsertum,

473 2609 508 2633 ac
533 2608 755 2644 quaecumque
782 2597 813 2631 in
835 2607 872 2633 eo
898 2602 1058 2640 contenta,
1080 2597 1207 2642 aliaque

1036 233 1216 257 ssuLLAmUM
1241 232 1397 256 ROMANUM
1983 231 2033 259 An.
2054 232 2085 259 c.
2105 231 2175 259 ¹715

1243 280 1359 322 onmia,
1385 281 1452 314 sive
1478 281 1509 314 in
1535 280 1621 314 illius
1643 281 1819 324 sequelam,
1842 280 1907 313 sive
1930 291 1982 313 eo-

1243 335 1317 367 dem
1343 334 1496 374 consilio,
1524 338 1585 366 tani
1610 333 1649 366 ab
1681 333 1820 377 ipsamet
1845 343 1982 375 congre-

1243 387 1382 428 gatione,
1400 397 1456 420 seu
1477 387 1595 426 Iuncta,
1623 396 1703 429 quae
1730 386 1815 419 idem
1841 385 1981 419 edictum

1245 440 1294 471 vel
1318 439 1564 471 hannimentum
1582 438 1808 481 promulgavit,
1830 448 1924 480 quam
1944 438 1983 470 ab

1245 491 1315 524 aliis
1351 492 1610 534 quibuscumque
1646 490 1982 534 congregationibus,

1245 544 1400 583 coetibus
1427 544 1655 583 tribunalibus,
1682 543 1864 583 iudicibus,
1891 543 1985 575 mini-

1245 597 1327 635 stris,
1344 596 1535 629 ossicialibus
1554 601 1585 629 et
1609 596 1756 639 personis
1783 595 1917 638 praefati
1936 605 1985 628 re-

1246 650 1300 692 gni
1325 649 1452 682 Siciliae
1478 650 1582 682 forsan
1608 654 1692 689 acta,
1719 654 1811 691 gesta
1835 653 1867 681 et
1892 647 1982 681 ordi-

1246 707 1330 742 nata,
1353 713 1424 735 cum
1450 702 1600 735 omnibus
1626 707 1657 735 et
1677 701 1812 744 singulis
1839 701 1915 733 inde
1937 711 1985 734 se-

1247 755 1326 788 cutis
1360 759 1391 787 et
1426 755 1696 797 quandocumque
1721 754 1879 788 secuturis
1898 781 1906 794 ,
1932 765 1986 797 pe-

1246 808 1334 840 nitus
1366 813 1397 840 et
1422 807 1555 841 omnino
1581 808 1671 839 nulla
1697 806 1796 847 irrita,
1824 806 1984 846 invalida,

1247 861 1373 901 iniusta,
1400 860 1585 903 reprobata,
1608 860 1766 899 damnata,
1795 859 1913 899 inania,
1940 864 1984 892 te-

1248 913 1403 953 meraria,
1434 918 1466 945 et
1490 924 1507 945 a
1532 923 1597 945 non
1623 912 1820 945 habentibus
1844 917 1986 955 potesta-

1250 971 1310 998 tem
1338 965 1569 998 damnabiliter
1593 970 1758 1004 attentata,
1777 975 1812 998 ac
1838 966 1877 998 de
1902 966 1985 998 sacto

1247 1023 1463 1062 praesumpta,
1484 1017 1672 1061 nulliusque
1699 1017 1833 1051 omnino
1859 1019 1987 1051 roboris

1248 1077 1279 1104 ct
1310 1071 1468 1104 momenti
1498 1072 1547 1104 vel
1577 1070 1738 1103 efficaciae
1773 1080 1865 1111 esse,
1892 1075 1922 1103 et
1946 1071 1985 1103 ab

1248 1124 1339 1157 initio
1366 1124 1482 1164 fuisse,
1509 1134 1545 1156 ac
1569 1129 1731 1167 perpetuo
1756 1124 1848 1164 sore,
1878 1134 1986 1166 neque

1248 1177 1302 1210 illa
1321 1188 1337 1209 a
1356 1187 1517 1220 quoquam
1543 1176 1712 1210 observari
1737 1185 1837 1219 posse
1860 1177 1910 1210 vel
1930 1187 1987 1219 po-

1249 1230 1358 1269 tuisse,
1379 1230 1526 1272 adeoque
1548 1239 1607 1261 nec
1623 1229 1724 1261 ullum
1750 1232 1868 1261 statum
1882 1228 1987 1261 facere

1248 1282 1295 1315 vel
1322 1282 1446 1322 secisse,
1468 1282 1535 1322 sed,
1551 1281 1687 1324 perinde
1712 1291 1747 1313 ac
1772 1281 1796 1313 si
1823 1291 1985 1324 nunquam

1248 1341 1452 1368 emanassent
1472 1345 1531 1367 nec
1557 1335 1639 1367 sacta
1664 1334 1812 1374 fuissent,
1829 1345 1890 1378 pro
1919 1344 1987 1367 non

1249 1387 1430 1419 extantibus
1466 1392 1497 1419 ct
1528 1397 1594 1419 non
1631 1387 1721 1420 sactis
1753 1392 1912 1430 perpetuo
1938 1387 1988 1418 iti-

1249 1439 1320 1472 dem
1347 1439 1459 1472 liaberi
1485 1439 1617 1479 debere,
1638 1444 1749 1472 tenore
1767 1439 1987 1482 praesentium

1249 1493 1462 1525 declaramus.
1480 1492 1517 1524 Et
1530 1491 1757 1533 nihilominus,
1776 1492 1815 1524 ad
1830 1491 1987 1525 maiorem

1250 1550 1280 1578 ct
1314 1545 1581 1577 abundantiorem
1618 1545 1797 1584 cautelam,
1820 1551 1852 1577 et
1876 1551 1988 1588 quate-

1249 1609 1309 1631 nus
1336 1608 1415 1641 opus
1443 1598 1493 1636 sit,
1514 1598 1570 1630 illa
1595 1598 1703 1630 omnia
1730 1603 1760 1631 et
1784 1598 1921 1640 singula,
1952 1608 1988 1631 ac

1249 1650 1274 1683 si
1302 1661 1384 1693 quae
1419 1650 1553 1693 insuper
1586 1660 1603 1682 a
1636 1650 1810 1692 praedictis
1835 1660 1891 1683 seu
1917 1651 1988 1684 aliis

1248 1703 1501 1746 praemissorum
1527 1703 1717 1742 occasione,
1748 1702 1813 1736 sive
1839 1702 1877 1735 ad
1903 1713 1989 1736 eum-

1250 1755 1321 1788 dem
1372 1756 1469 1788 finem
1514 1755 1745 1798 quoquomodo
1785 1755 1985 1798 impediendi

1250 1809 1472 1842 executionem
1497 1809 1691 1847 litterarum,
1711 1808 1937 1841 mandatorum
1958 1812 1989 1841 et

1250 1862 1456 1894 decretorum
1482 1861 1733 1904 apostolicorum
1751 1861 1783 1893 in
1802 1860 1917 1894 eodem
1935 1871 1988 1894 re-

1250 1924 1324 1956 gno,
1340 1915 1612 1957 quandocumque
1630 1919 1661 1946 et
1677 1912 1986 1957 quomodocumque

1250 1967 1350 2010 (quod
1376 1967 1458 1999 Deus
1484 1967 1618 2009 avertat)
1641 1966 1679 1999 de
1705 1970 1815 1999 cetero
1840 1965 1988 1999 similiter

1250 2020 1313 2063 agi,
1342 2020 1409 2062 geri
1436 2025 1467 2052 et
1491 2019 1635 2059 ordinari
1661 2018 1845 2061 contigerit,
1872 2019 1988 2052 harum

1250 2073 1335 2106 serie
1369 2074 1579 2112 damnamus,
1604 2072 1817 2115 reprobamus
1849 2083 1985 2105 revoca-

1250 2137 1328 2165 mus,
1355 2135 1531 2165 cassamus,
1558 2125 1730 2164 irritamus,
1758 2125 1984 2165 annullamus,

1249 2179 1426 2217 abolemus,
1448 2178 1633 2220 viribusque
1659 2182 1690 2210 et
1714 2176 1829 2210 effectu
1857 2177 1987 2220 penitus

1251 2236 1282 2263 et
1308 2231 1437 2264 omnino
1463 2240 1644 2270 vacuamus,
1671 2240 1707 2262 ac
1732 2239 1792 2272 pro
1815 2229 1985 2270 damnatis,

1250 2284 1455 2327 reprobatis,
1483 2282 1660 2322 revocatis,
1685 2281 1833 2321 cassatis,
1859 2281 1960 2314 irritis
1977 2308 1985 2323 ,

1249 2335 1368 2375 nullis,
1395 2335 1543 2368 invalidis
1568 2339 1598 2368 et
1622 2334 1773 2375 abolitis,
1799 2333 1986 2377 viribusque

1250 2393 1280 2420 et
1312 2386 1425 2420 effectu
1461 2387 1590 2430 penitus
1621 2391 1653 2419 et
1687 2386 1819 2419 omnino
1855 2386 1983 2427 vacuis,

1250 2449 1378 2481 semper
1403 2439 1516 2471 haberi
1550 2439 1696 2471 volumus
1726 2443 1757 2471 et
1780 2438 1983 2471 mandamuS.

1293 2491 1307 2533 ἓ
1333 2491 1364 2523 4.
1391 2490 1500 2524 Sciant
1523 2496 1696 2534 propterea
1731 2490 1871 2524 universi
1898 2490 1985 2523 chri·
2009 2495 2180 2520 obimatiochri-

1250 2542 1407 2576 stisideles
1426 2543 1570 2576 eiusdem
1589 2543 1691 2586 regni,
1710 2547 1897 2583 memorato,
1919 2543 1983 2576 sive
1995 2522 2181 2577 glesiildpina'iiossiiii'·

1994 2580 2025 2595 cis
2040 2575 2142 2598 decretis,
2159 2578 2180 2595 οι

1251 2595 1314 2629 alio
1339 2595 1452 2640 quovis
1478 2596 1606 2638 edicto,
1632 2596 1783 2630 mandato
1809 2606 1866 2630 seu
1891 2601 2110 2642 prae-reserum0
2131 2606 2179 2624 ceu·
