2269 3203
247 177 298 207 An.
318 176 346 204 e.
369 176 438 205 1704
482 168 524 203 98

284 877 405 899 clausulae.

294 1676 449 1700 Contrnriwrnm

268 1708 300 1727 dei
307 1707 385 1731 ugano.

442 232 541 261 untur
566 233 598 262 et
621 230 786 273 gaudent,
814 241 851 265 ac
873 232 935 273 uti,
962 232 1023 266 frui
1051 239 1082 267 et
1107 245 1184 277 gau-

443 281 522 314 dere
548 287 684 325 possunt
710 290 739 317 et
765 291 917 327 poterunt
943 286 974 319 in
1010 287 1180 327 futurum,

443 335 515 378 pari
540 337 638 368 modo
664 342 695 369 et
719 337 841 382 absque
867 340 934 372 ulla
957 350 1089 382 prorsus
1125 340 1185 372 dit-

445 388 582 422 serentia
606 390 651 422 uti
671 417 678 430 ,
705 391 764 423 srui
791 398 821 424 et
847 393 988 435 gaudere
1013 393 1116 426 libere
1154 399 1185 426 et

448 441 538 475 licite
563 443 689 486 possint
714 450 745 477 et
768 446 906 486 valeant,
923 445 955 478 in
981 446 1131 479 omnibus
1154 450 1186 478 et

445 504 506 538 per
531 496 648 536 omnia,
674 497 810 540 perinde
836 508 872 530 ac
889 498 915 530 si
933 498 1185 541 provincialatus

445 558 580 582 munere
604 550 767 592 perfuncti
794 551 947 591 fuissent,
975 551 1017 583 ita
1043 556 1077 583 ut
1100 551 1186 584 inter

446 600 536 644 ipsos
562 601 677 635 fratres
702 603 923 637 missionarios
948 614 984 636 ac
1015 604 1186 647 exprovin-

448 654 545 687 ciales
571 661 715 689 servetur
739 658 929 700 aequalitas,
955 662 987 690 et
1012 657 1118 700 quoad
1137 668 1187 690 or-

449 707 559 741 dinem
584 711 831 753 praecedentiae
856 712 923 744 sola
944 710 1098 754 prioritas
1120 710 1187 743 sive

449 761 621 795 antianitas
641 764 846 807 paternitatis
860 765 1056 805 attendatur,
1073 770 1187 797 tenore

451 816 674 858 praesentium
700 818 908 850 concedimus
924 818 1186 862 etindulgemus.

497 869 511 911 g
536 869 567 902 2.
595 870 819 909 Decernentes,
840 872 972 904 easdem
998 878 1188 914 praesentes

453 921 579 955 litteras
605 933 733 966 semper
758 924 879 964 firmas,
906 925 1028 958 validas
1059 930 1090 958 et
1123 926 1190 958 effi-

453 985 546 1007 caces
573 975 708 1009 existere
734 982 765 1010 et
791 978 879 1019 sore,
913 990 1052 1023 suosque
1078 981 1191 1023 plena-

454 1028 519 1060 rios
545 1033 577 1061 et
601 1029 745 1071 integros
770 1030 899 1065 effectus
924 1033 1029 1066 sortiri
1067 1038 1099 1066 et
1135 1033 1192 1066 ob-

454 1081 573 1122 tinere,
600 1093 636 1116 ac
661 1083 735 1123 illis,
760 1085 798 1117 ad
824 1096 906 1129 quos
930 1091 1056 1130 spectat
1082 1091 1113 1120 et
1133 1097 1191 1130 pro

455 1139 600 1178 tempore
630 1138 903 1182 quandocumque
939 1141 1123 1184 spectabit,
1160 1141 1192 1174 in

456 1188 606 1222 omnibus
632 1196 661 1222 et
686 1201 745 1233 per
770 1193 879 1225 omnia
903 1194 1093 1236 plenissime
1130 1196 1194 1228 sus-

456 1241 586 1283 sragari‚
611 1243 723 1286 sicque
749 1250 780 1277 et
811 1256 875 1279 non
908 1247 1001 1280 aliter
1033 1248 1066 1280 in
1101 1259 1195 1292 prae-

455 1293 560 1327 missis
584 1306 644 1339 per
669 1308 892 1342 quoscumque
918 1301 1040 1335 iudices
1064 1303 1196 1336 ordina-

456 1347 524 1380 rios
550 1354 581 1381 et
606 1349 793 1392 delegatos,
820 1353 916 1387 etiam
942 1365 1110 1389 causarum
1142 1367 1197 1400 pa-

457 1401 524 1433 latii
551 1404 722 1445 apostolici
748 1406 925 1448 auditores,
944 1408 1077 1442 iudicari
1096 1415 1126 1443 et
1146 1411 1197 1443 de-

459 1454 544 1488 finiri
573 1457 720 1499 debere3
748 1470 785 1492 ac
815 1460 943 1495 irritum
975 1468 1006 1496 et
1041 1463 1138 1497 inane
1171 1464 1196 1497 si

459 1517 554 1541 secus
579 1520 677 1554 super
701 1512 752 1545 his
777 1524 794 1546 a
821 1525 986 1558 quoquam
1011 1544 1018 1557 ,
1053 1518 1198 1560 quamvis

459 1562 676 1605 auctoritate,
716 1566 858 1601 scienter
893 1570 944 1602 vel
981 1570 1195 1614 ignoranter,

460 1617 634 1657 contigerit
659 1621 823 1654 attentari.

504 1669 518 1712 ἓ
542 1669 573 1703 3.
600 1670 669 1704 Non
692 1674 897 1710 obstantibus
915 1679 1199 1714 constitutionibus

462 1727 494 1754 et
517 1724 779 1761 ordinationibus
804 1732 1015 1773 apostolicis,
1054 1744 1089 1766 ac
1125 1735 1198 1767 dicti

463 1774 590 1809 Ordinis
629 1779 762 1824 eiusque
798 1785 1067 1828 provinciarum,
1104 1789 1199 1822 etiam

462 1828 644 1866 iuramento
664 1861 671 1874 ,
711 1835 958 1872 confirmatione
995 1842 1199 1884 apostolica,

462 1885 511 1916 vel
537 1887 648 1928 quavis
674 1887 825 1924 firmitate
851 1892 912 1924 alia
938 1893 1112 1936 roboratis,
1139 1900 1200 1929 sta-

462 1937 539 1970 tutis
557 1944 586 1971 et
603 1943 906 1986 consuetudinibus,
925 1948 1105 1992 privilegiis
1122 1961 1202 1994 quo-

464 2001 544 2033 que,
571 1992 703 2027 indultis
729 2001 760 2029 et
793 1998 908 2032 litteris
946 2003 1133 2044 apostolicis
1169 2005 1202 2037 in

464 2046 663 2080 contrarium
684 2051 933 2092 praemissorum
955 2057 1203 2098 quomodolibet

467 2100 642 2142 concessis,
668 2103 872 2146 confirmatis,
893 2113 923 2139 et
941 2107 1118 2151 innovatis;
1134 2111 1204 2154 qui-

466 2151 527 2184 hus
542 2155 691 2189 omnibus
709 2163 740 2189 et
757 2158 906 2202 singulis,
924 2162 1053 2196 illorum
1072 2171 1203 2198 tenores

467 2208 693 2247 praesentibus
718 2222 776 2254 pro
806 2214 902 2255 plene
940 2221 970 2248 et
1007 2218 1205 2253 sufficienter

469 2261 632 2302 expressis
658 2268 690 2295 et
712 2265 749 2297 ad
776 2267 910 2301 verbum
936 2269 1064 2304 insertis
1082 2273 1206 2306 liaben-

470 2317 537 2353 tes,
563 2314 626 2348 illis
652 2318 728 2351 alias
754 2319 785 2352 in
812 2332 868 2354 suo
906 2324 1024 2358 robore
1054 2336 1206 2368 perman-

471 2366 554 2399 suris
570 2393 577 2406 ,
604 2369 643 2401 ad
668 2373 920 2413 praemissorum
947 2377 1093 2411 effectum
1112 2407 1119 2420 ‚
1147 2381 1207 2414 hac

471 2417 539 2451 vice
564 2420 750 2464 dumtaxat,
777 2428 962 2469 specialiter
991 2436 1022 2463 et
1054 2442 1206 2475 expresse

473 2473 693 2517 derogamus;
727 2480 910 2525 ceterisque
943 2485 1111 2517 contrariis
1137 2486 1208 2529 qui-

472 2526 683 2571 buscumque.

511 2589 624 2624 Datum
642 2588 774 2631 Romae,
802 2591 889 2636 apud
910 2590 941 2626 S.
966 2592 1098 2628 Petrum
1116 2619 1124 2635 ,
1149 2593 1208 2627 sub

1031 185 1209 210 BULLARIUM
1234 186 1387 212 ROMANUM

1228 237 1350 269 annulo
1368 236 1552 278 piscatoris,
1567 237 1619 271 die
1632 247 1663 271 XI
1678 237 1815 272 ianuarii
1833 248 1967 282 MDCCW,

1228 289 1437 332 pontificatus
1455 290 1561 323 nostri
1589 301 1674 324 anno
1693 302 1735 325 iv,

1265 351 1322 377 Dat.
1342 351 1384 378 die
1406 352 1429 377 tt
1450 351 1565 378 ianuarii
1584 352 1661 385 1704,
1679 353 1774 388 pontif.
1792 363 1862 382 anno
1878 362 1916 383 tv.

1571 495 1630 527 LV.

1229 573 1440 614 Damnum,
1467 579 1494 607 ει
1529 575 1721 617 prohibetur
1753 576 1884 610 libellus
1913 578 1972 610 sub
1995 575 2001 581 '

1276 627 1372 660 titulo
1398 627 1560 661 Veritable
1587 629 1740 662 tradition
1767 630 1805 662 de
1838 624 1972 673 l'Eglise

1275 691 1330 713 sur
1355 681 1384 713 la
1409 681 1670 724 predestination
1696 683 1770 716 etla
1785 685 1892 725 grace,
1908 689 1970 717 etc.

1277 733 1338 766 Par
1362 734 1400 766 M.
1430 734 1469 768 de
1494 735 1650 778 Launoy,
1676 739 1736 768 etc.
1765 735 1785 769 ¹.

1446 815 1582 842 Clemens
1603 816 1684 849 Papa
1699 816 1736 843 XI
1750 837 1755 847 ‚

1348 859 1384 885 ad
1408 863 1587 894 perpetuam
1609 861 1656 887 rei
1676 862 1860 888 memoriam.

1279 932 1320 975 §l
1332 958 1338 965 .
1352 932 1439 972 Cum,
1455 931 1538 965 sicut
1552 932 1646 965 nobis
1660 933 1810 974 innotuit,
1824 933 1855 966 in
1870 934 1975 967 lucem

1236 985 1397 1028 prodierit
1428 986 1558 1019 libellus
1591 986 1742 1029 quidam,
1777 987 1828 1019 cui
1864 987 1974 1021 titulus

1242 1038 1401 1072 Veritctble
1439 1039 1597 1072 tradition
1628 1039 1666 1072 cle
1695 1032 1830 1083 [Egytae'se
1861 1051 1918 1072 sur
1943 1040 1976 1073 la

1235 1092 1494 1136 predestination
1519 1096 1547 1125 et
1572 1092 1605 1125 la
1628 1093 1736 1136 quiae,
1763 1097 1820 1126 etc.
1840 1094 1909 1127 Pur
1929 1094 1973 1127 M.

1237 1145 1274 1178 cle
1298 1145 1434 1188 Lavmoy
1460 1145 1591 1178 doclcur
1615 1156 1652 1179 en
1679 1146 1860 1190 ιΙιέοῐορίε,
1885 1147 1921 1180 dc
1947 1148 1978 1180 lu

1238 1199 1365 1231 maison
1390 1203 1418 1231 el
1442 1199 1554 1231 socielc'
1578 1198 1616 1231 sle
1640 1198 1798 1233 Navarre.
1817 1200 1844 1233 A
1873 1200 1978 1243 Lie‘ye,

1238 1252 1311 1284 chez
1338 1252 1469 1285 Nicolas
1507 1252 1534 1285 le
1558 1252 1719 1294 Franeois
1737 1280 1744 1293 ‚
1780 1253 1900 1296 proclte
1936 1254 1980 1286 les

1241 1306 1370 1340 Carmes
1395 1316 1433 1339 en
1458 1306 1533 1347 Iste,
1554 1307 1572 1339 ἁ
1593 1307 1624 1340 la
1648 1307 1827 1347 Pruclence,
1848 1317 1978 1349 nocem

1240 1360 1424 1402 nuperrime
1451 1371 1526 1393 vero
1552 1360 1754 1394 venerabiles
1780 1361 1898 1394 fratres
1924 1372 1981 1394 no-

1241 1414 1298 1447 stri
1324 1414 1356 1448 S.
1384 1414 1421 1447 R.
1448 1414 1483 1447 E.
1512 1414 1695 1448 cardinales
1720 1415 1752 1447 in
1787 1416 1853 1448 tota
1884 1425 1981 1459 repu-

1242 1468 1324 1502 blica
1350 1468 1525 1501 christiana
1552 1474 1663 1502 contra
1685 1468 1882 1502 haereticam
1908 1479 1982 1512 pra-

1243 1523 1370 1555 vitatem
1397 1523 1566 1564 generales
1599 1522 1811 1566 inquisitores
1849 1533 1865 1555 a
1898 1521 1982 1555 Sede

1243 1576 1432 1620 Apostolica
1456 1576 1641 1619 specialiter
1672 1576 1842 1619 deputati,
1875 1575 1984 1608 audit-a

1243 1632 1344 1665 libelli
1372 1630 1559 1663 huiusmodi
1587 1632 1733 1668 censura,
1760 1630 1851 1662 illum
1870 1629 1909 1662 ad
1926 1629 1985 1662 mi-

1244 1695 1302 1717 nus
1338 1688 1498 1725 tamquam
1532 1681 1693 1725 impium,
1727 1681 1956 1724 blasphemum
1976 1707 1983 1721 ,

1245 1747 1371 1770 necnon
1386 1735 1598 1778 fulgidissimo
1615 1734 1801 1768 Catholicae
1819 1733 1984 1767 Ecclesiae

1245 1790 1382 1831 lumini,
1410 1789 1614 1832 maximoque
1639 1787 1766 1821 doctori
1793 1793 1903 1820 sancto
1921 1788 1986 1820 Au-

1246 1844 1391 1887 gustino,
1417 1841 1562 1885 quinimo
1588 1841 1719 1884 ipsimet
1742 1840 1903 1874 Ecclesiae
1941 1845 1986 1873 at-

1247 1908 1309 1941 quc
1346 1895 1551 1940 Apostolicae
1577 1894 1650 1928 Sedi
1683 1894 1897 1934 iniuriosum,
1932 1894 1986 1927 da-

1247 1951 1423 1984 mnandum
1463 1954 1494 1982 et
1528 1948 1771 1992 prohibendum
1809 1958 1880 1981 esse
1910 1958 1987 1981 cen-

1248 2005 1392 2037 suerint:
1427 2003 1502 2035 hinc
1536 2007 1584 2034 est
1608 2001 1694 2044 quod
1720 2011 1788 2041 nos,
1814 2011 1872 2044 pro
1898 2011 1986 2033 com-

1250 2058 1343 2090 missa
1377 2055 1471 2089 nobis
1507 2054 1659 2087 divinitus
1697 2054 1805 2096 gregis
1832 2053 1986 2087 dominici

1249 2113 1333 2151 cura,
1359 2110 1538 2143 animarum
1575 2108 1730 2151 periculis
1757 2113 1853 2151 atque
1887 2107 1987 2140 detri-

1250 2165 1378 2203 monus,
1404 2174 1484 2208 quae
1511 2174 1545 2195 ex
1569 2162 1706 2205 praefati
1724 2161 1827 2194 libelli
1845 2161 1988 2194 lectione

1251 2224 1282 2252 et
1307 2230 1362 2251 usu
1388 2216 1561 2261 provenire
1588 2220 1731 2259 possent,
1750 2215 1905 2258 pastorali
1930 2215 1989 2247 sol·

1251 2271 1430 2310 licitudine,
1468 2275 1622 2312 (plantum
1660 2279 1731 2302 cum
1756 2267 1891 2301 Domino
1916 2277 1990 2311 pos-

1251 2335 1381 2364 sumus,
1421 2333 1593 2356 occurrere
1632 2323 1821 2366 cupiente5‚
1862 2331 1990 2355 necnon

1253 2380 1473 2413 Romanorum
1491 2376 1681 2409 Pontificum
1701 2376 1990 2419 praedecessorum

1290 2468 1299 2493 1
1328 2465 1442 2492 Constit.
1474 2464 1546 2491 edita
1575 2470 1691 2495 nocem,
1717 2462 1760 2489 die
1787 2462 1817 2488 12
1849 2461 1990 2494 februarii,

1254 2511 1347 2547 pontis.
1364 2517 1410 2543 111,
1440 2510 1566 2536 damnata
1593 2509 1669 2535 fuere
1692 2507 1757 2534 folia
1775 2528 1781 2539 ,
1809 2507 1862 2534 Cas
1878 2507 1911 2533 de
1927 2514 1992 2533 con-

1252 2557 1372 2589 science,
1389 2558 1452 2588 eccs,
1465 2558 1491 2582 et
1506 2557 1590 2582 const.
1607 2552 1730 2589 sequenti
1746 2552 1908 2580 damnantur
1917 2551 1989 2585 folia,

1253 2601 1320 2629 Acce
1340 2600 1461 2636 d'ctppcl,
1482 2602 1533 2628 etc.

2061 213 2068 222 .
2089 193 2157 223 1704

2009 945 2107 965 nest-rtur
2117 944 2171 964 liber

1987 977 2075 997 exn-que
2085 971 2171 991 damua-

1987 999 2050 1018 tit-uis
2065 1003 2152 1018 causae.

2025 2005 2142 2026 [munatio.
