2269 3203
286 242 336 269 An.
359 242 386 269 c.
409 242 478 270 17¹5
522 233 586 266 696

480 290 627 332 nuncios,
647 291 785 324 iudicari
807 296 839 325 et
863 291 991 325 definiri
1024 291 1158 330 debere,
1185 301 1221 323 ac

480 344 610 377 irritum
635 349 666 377 et
689 344 787 378 inane
815 345 840 377 si
865 355 959 377 secus
996 354 1096 387 super
1128 344 1179 376 his
1204 354 1221 375 a

481 407 645 440 quoquam
664 423 671 437 ‚
696 397 808 440 quavis
841 396 1050 436 auctoritate,
1077 396 1222 429 scienter

482 451 530 483 vel
559 450 776 492 ignoranter,
806 449 982 491 contigerit
1008 449 1174 482 attentari.

527 502 541 545 ἓ
566 502 598 534 4.
626 502 696 535 Non
727 502 931 535 obstantibus
956 502 1161 544 praemissis,
1187 512 1222 534 ac

482 554 768 588 constitutionibus
793 559 825 587 et
849 553 1108 587 ordinationibus
1144 564 1222 596 apo-

482 606 614 646 stolicis,
638 616 776 646 necnon,
795 611 954 650 quatenus
980 616 1061 649 opus
1079 606 1130 646 sit,
1147 607 1221 639 Con-

482 660 682 702 gregationis
708 659 868 692 Fuliensis
898 664 930 692 et
961 659 1091 692 Ordinis
1128 670 1222 702 prae-

482 713 653 753 dictorum,
679 712 790 745 aliisve
816 712 993 756 quibusvis,
1019 711 1114 744 etiam
1139 712 1223 744 iura-

481 771 609 805 mento,
651 765 900 798 confirmatione
941 765 1130 808 apostolica,
1170 765 1220 797 vel

482 818 592 861 quavis
618 818 769 852 firmitate
793 819 856 852 alia
880 818 1043 852 roboratis
1061 844 1069 858 ,
1094 817 1220 850 statutis

481 876 513 905 et
536 871 840 912 consuetudinibus,
865 871 1044 914 privilegiis
1078 880 1219 914 quoque,

480 924 616 957 indultis
643 930 674 957 et
697 924 814 957 litteris
832 923 1022 968 apostolicis
1042 924 1075 956 in
1093 928 1222 956 contra-

480 977 564 1009 rium
590 976 846 1020 praemissorum
872 976 1121 1020 quomodolibet
1145 986 1222 1009 con-

480 1029 589 1069 cessis,
615 1029 817 1063 confirmatis
844 1035 876 1062 et
901 1029 1083 1069 innovatis,
1104 1028 1222 1072 quibus

481 1082 629 1115 omnibus
643 1082 830 1125 etsingulis,
842 1082 975 1115 illorum
994 1087 1124 1115 tenores
1134 1092 1222 1125 prac-

481 1135 626 1168 sentibus
651 1146 711 1178 pro
736 1136 833 1178 plene
865 1140 897 1168 et
933 1135 1131 1167 sufficienter
1163 1145 1219 1167 ex-

480 1189 603 1231 pressis
629 1199 665 1221 ac
690 1189 729 1221 ad
750 1189 882 1221 verbum
902 1188 1034 1221 insertis
1054 1188 1220 1227 habentes,

481 1241 545 1274 illis
567 1242 646 1274 alias
664 1242 696 1274 in
715 1252 772 1275 suo
791 1242 911 1275 robore
929 1240 1164 1285 permansuris,
1183 1240 1222 1273 ad

482 1293 734 1336 praemissorum
755 1293 918 1334 effectum,
938 1295 998 1326 hac
1014 1295 1079 1326 vice
1098 1294 1223 1327 dumta-

483 1352 546 1386 xat,
569 1347 759 1390 specialiter
779 1353 811 1380 et
833 1358 987 1391 expresse
1008 1347 1220 1390 derogamus;

484 1400 666 1443 ceterisque
687 1400 868 1440 contrariis,
893 1401 1165 1443 quibuscumque.

529 1453 543 1495 ᾖ
577 1451 608 1485 5.
636 1452 789 1486 Volumus
824 1458 930 1485 autem
966 1458 1001 1485 ut
1037 1453 1222 1486 earumdem

484 1505 706 1548 praesentium
725 1506 905 1539 litterarum
925 1506 1147 1549 transumptis,
1167 1516 1222 1539 seu

486 1557 654 1600 exemplis,
682 1558 779 1591 etiam
804 1558 982 1601 impressis,
1008 1569 1103 1591 manu
1124 1559 1223 1591 alicu-

485 1610 534 1643 ius
560 1610 680 1643 notarii
702 1610 826 1653 publici
847 1611 1051 1654 subscriptis,
1068 1616 1099 1644 et
1116 1611 1224 1654 sigillo

485 1673 647 1705 personae
674 1663 706 1695 iu
732 1663 948 1697 ecclesiastica
973 1664 1130 1706 dignitate
1149 1674 1225 1697 con-

485 1716 617 1749 stitutae
643 1716 798 1757 munitis,
832 1717 946 1750 eadem
979 1727 1111 1760 prorsus
1146 1716 1224 1750 fides

485 1769 604 1813 ubique
629 1771 777 1803 locorum
812 1775 875 1803 tam
908 1771 940 1803 in
969 1770 1090 1804 iudicio
1130 1781 1224 1814 quam

485 1827 574 1855 extra
588 1822 669 1855 illud
687 1823 855 1863 habeatur,
874 1834 955 1866 quae
976 1823 1053 1867 ipsis
1072 1834 1225 1866 praesen-

486 1874 571 1907 tibus
589 1875 764 1908 haberetur
796 1876 822 1908 si
856 1876 962 1909 forent
987 1876 1150 1909 exhibitae
1176 1877 1224 1909 vel

485 1932 647 1961 ostensae.

527 1980 641 2014 Datum
666 1980 802 2022 Romae,
830 1981 915 2025 apud
934 1981 965 2015 S.
985 1981 1116 2014 Mariam
1132 1981 1227 2015 Maio-

484 2043 561 2072 rem,
586 2033 645 2066 sub
666 2035 788 2067 annulo
818 2034 1000 2074 Piscatoris,
1027 2035 1079 2068 die
1115 2045 1153 2069 xv
1177 2035 1226 2068 iu-

484 2086 527 2118 nii
546 2096 685 2127 MDccxv,
707 2086 916 2131 pontificatus
937 2088 1043 2121 nostri
1062 2098 1147 2122 anno
1176 2099 1222 2122 xv.

520 2148 579 2176 Dat.
601 2149 645 2177 die
668 2149 698 2177 13
719 2149 785 2177 iunii
808 2149 886 2182 1715,
907 2150 1004 2185 pontif.
1025 2158 1096 2178 anno
1116 2157 1162 2178 xv.

313 514 470 534 Criiutrariorum

287 540 406 566 rit-rugant„

324 1462 472 1487 'transumpto-

290 1495 333 1509 rum
349 1489 409 1509 tides.

772 2318 912 2352 CCXXII.

488 2406 732 2448 Confirmantur
755 2406 999 2446 declarationes,
1023 2406 1222 2451 provisiones

530 2464 559 2493 ec
583 2459 707 2492 decreta
735 2470 832 2503 super
861 2459 1027 2502 sportulis,
1052 2470 1130 2503 quae
1164 2460 1221 2493 tri-

530 2512 705 2546 bunalibus
728 2511 869 2555 persolvi
893 2511 1036 2545 debene¹.

523 2585 533 2610 1
556 2582 611 2610 Hac
626 2582 659 2610 de
674 2590 702 2610 re
718 2582 777 2610 vide
797 2582 868 2610 iufra
887 2582 1018 2618 allegata;
1039 2583 1065 2610 in
1081 2583 1222 2611 Benedicti

488 2635 550 2656 vero
569 2626 627 2655 XIII
647 2627 754 2656 constit.
776 2626 848 2656 edita
863 2633 1004 2661 ›mccxxvn
1024 2627 1066 2656 dle
1086 2628 1101 2656 3
1118 2627 1222 2657 februa-

1063 243 1244 267 BULLARIUM
1271 243 1379 267 ROMA&
1385 244 1426 267 ΠΜ

2011 241 2058 268 An.
2080 241 2109 268 C.
2127 242 2195 270 1715

1479 290 1613 318 clemens
1635 291 1713 325 Papa
1733 291 1785 323 XI,

1386 335 1422 362 ad
1443 336 1622 370 perpetuam
1642 334 1686 362 rei
1705 334 1887 362 memoriam.

1307 397 1321 439 ξ
1343 397 1370 429 1.
1389 397 1465 430 Cum
1489 397 1528 430 ad
1550 407 1644 429 aures
1665 397 1859 429 sanctissimi
1877 396 1999 429 domini
2022 407 2194 443 ‘emineamu-

1264 450 1365 482 nostri
1391 450 1547 492 plurimae
1572 449 1781 493 pervenerint
1802 434 2195 492 litigantium13¹.¹‚¹„“¹0¹,k⁰,?5r¹‘1”3533

1264 503 1416 544 querelae
1446 512 1544 546 super
1573 501 1815 535 inobservantia
1845 486 2085 535 reforma—¹⁸⁰⁰*

1266 554 1360 586 tionis
1386 554 1592 587 tribunalium
1619 554 1711 586 Urbis
1730 564 1753 586 a·
1768 554 1871 587 felicis
1895 564 2001 587 recor-

1265 606 1404 639 dationis
1436 607 1535 640 Paulo
1560 607 1645 650 Papa
1670 607 1692 638 V
1725 606 1842 646 editae,
1874 616 2000 640 necnon

1264 658 1443 691 litterarum
1462 659 1713 702 apostolicarum
1727 659 1922 692 recolendae
1940 669 2002 692 me-

1264 711 1384 744 moriae
1408 717 1472 744 tum
1504 713 1684 746 innocentii
1713 713 1816 755 Papae
1843 712 1881 744 XI
1915 722 2000 745 anno

1264 762 1498 797 incarnationis
1525 765 1706 798 dominicae
1735 774 1913 798 MDCLxxXIX
1930 791 1937 804 ,
1970 775 2001 797 ιν

1265 816 1420 849 kalendas
1444 817 1526 858 iulii,
1547 823 1612 850 tum
1630 817 1812 852 innocentii
1830 818 1933 861 Papae
1948 817 2000 850 ΧΠ

1265 869 1368 912 pridie
1400 879 1502 902 nonas
1542 870 1722 903 decembris
1753 880 1838 903 anno
1874 870 2001 913 praefa-

1267 926 1316 953 tae
1342 921 1574 955 lncarnationis
1599 931 1744 956 »mcxcui
1765 914 2000 965 expeditarum,

1266 973 1297 1005 in
1331 975 1367 1006 ea
1396 974 1585 1016 praesertim
1622 979 1714 1017 parte
1750 975 1784 1007 in
1820 985 1883 1017 qua
1919 974 2001 1007 iudi-

1266 1025 1355 1059 cibus
1395 1027 1622 1060 commissariis
1658 1027 1760 1061 Rotae
1784 1032 1815 1061 et
1851 1027 1922 1060 aliis
1948 1027 1999 1060 tri-

1265 1079 1437 1113 bunalibus
1458 1080 1601 1114 eiusdem
1622 1080 1715 1113 Urbis
1745 1085 1893 1113 taxantur
1917 1091 2002 1124 spor-

1267 1133 1368 1173 tulae,
1395 1132 1556 1177 simulque
1582 1134 1724 1167 delatum
1748 1133 1868 1173 fuerit,
1892 1134 1999 1176 quod,

1266 1186 1303 1218 ea
1322 1186 1361 1218 de
1382 1188 1485 1225 causa,
1512 1197 1702 1228 germanum
1720 1187 1935 1230 praefatarum
1953 1197 2001 1219 re-

1266 1238 1469 1271 formationis
1495 1245 1525 1272 et
1550 1239 1731 1272 litterarum
1749 1240 2000 1282 apostolicarum

1266 1292 1467 1325 intellectum
1486 1298 1518 1325 et
1543 1293 1662 1326 claram
1684 1293 1904 1326 Romanorum
1922 1293 2002 1326 Pon-

1268 1344 1386 1377 tificum
1422 1350 1563 1378 mentem
1598 1346 1766 1378 fallacibus
1800 1345 2000 1388 argumentis

1266 1401 1296 1429 et
1321 1397 1426 1429 minus
1448 1398 1529 1430 veris
1554 1398 1878 1441 interpretationibus
1896 1399 2001 1432 vanis-

1266 1461 1327 1492 que
1354 1451 1565 1494 subterfugiis
1599 1462 1634 1484 ac
1666 1452 1907 1494 praetextibus,
1937 1462 2001 1485 non

1265 1503 1334 1537 sine
1373 1504 1511 1538 maximo
1548 1505 1694 1547 ipsorum
1735 1504 1935 1547 litigantium
1972 1511 2003 1538 et

1265 1558 1457 1601 praesertim
1483 1569 1660 1602 pauperum
1682 1558 1866 1601 dispendio,
1892 1559 2002 1599 everti,

1267 1611 1354 1644 eludi
1387 1617 1417 1645 et
1452 1611 1609 1645 retardari
1648 1612 1830 1654 contingit·‚
1862 1622 2001 1655 cumque

1266 1664 1423 1697 Sanctitas
1439 1663 1513 1705 Sua,
1530 1666 1579 1705 ea,
1599 1674 1661 1708 qua
1678 1665 1796 1698 ceteris
1821 1664 2003 1698 indesinen-

1268 1722 1315 1749 ter
1341 1722 1483 1760 praeest,
1511 1717 1658 1761 pervigili
1684 1719 1782 1758 cura,
1809 1723 1839 1751 et
1865 1717 2000 1758 eximia,

1268 1781 1329 1813 qua
1363 1780 1522 1813 pauperes
1563 1771 1787 1814 prosequitur,
1814 1770 1973 1803 charitate
1993 1797 2000 1810 ‚

1267 1822 1559 1865 Congregationem
1595 1823 1821 1866 particularem
1857 1822 2002 1866 plurium

1267 1877 1485 1919 praelatorum
1504 1886 1540 1909 ex
1559 1876 1741 1909 senioribus
1766 1876 1929 1908 Romanae
1947 1874 2004 1908 Cu-

1267 1929 1354 1969 riae,
1382 1939 1509 1962 necnon
1543 1928 1581 1961 de
1607 1929 1688 1973 stylo
1720 1939 1777 1962 seu
1802 1928 1890 1972 praxi
1917 1927 2002 1961 eius-

1268 1982 1341 2015 dem
1358 1981 1471 2016 Curiae
1492 1982 1639 2025 apprime
1664 1982 1909 2023 instructorum,
1928 1991 2002 2025 spe-

1267 2035 1411 2076 cialiter,
1437 2040 1472 2067 ut
1504 2034 1607 2075 infra,
1641 2035 1679 2068 ad
1712 2034 1744 2068 id
1777 2033 2000 2078 deputaverit,

1267 2087 1419 2121 attributa
1455 2088 1501 2121 eis
1536 2088 1704 2128 facultate,
1742 2087 2000 2131 quibuscumque

1266 2142 1371 2174 mitius
1394 2141 1477 2174 veris
1509 2140 1831 2185 interpretationibus
1861 2138 2001 2172 insubsi-

1266 2194 1422 2227 stentibus
1449 2193 1547 2226 titulis
1572 2199 1604 2227 et
1627 2192 1846 2238 praetextibus
1871 2193 2001 2237 penitus

1265 2248 1398 2282 sublatis
1424 2253 1454 2281 et
1479 2247 1621 2287 reiectis,
1647 2246 1868 2290 praefatorum
1893 2246 2003 2281 Ponti-

1265 2300 1359 2334 ficum
1391 2301 1514 2334 litteras
1548 2301 1635 2333 iuxta
1660 2309 1771 2332 eorum
1804 2306 1945 2334 mentem
1970 2307 2002 2335 et

1265 2364 1395 2387 sensum
1417 2353 1612 2393 declarandi,
1632 2353 1878 2396 interpretandi,
1899 2359 1931 2388 et
1949 2354 2002 2388 de-

1264 2407 1359 2446 bitae,
1386 2411 1483 2449 prout
1505 2416 1565 2449 par
1583 2411 1642 2446 est,
1661 2406 1843 2440 executioni
1869 2407 2001 2441 deman-

1265 2459 1385 2499 dandi,
1413 2460 1572 2492 reservata
1609 2464 1716 2492 tamen
1752 2459 1813 2492 sibi
1849 2459 1999 2494 facultate

1265 2512 1395 2546 easdem
1434 2512 1690 2554 declarati0nes,
1726 2512 1928 2557 provisiones
1969 2518 2001 2547 et

1263 2583 1305 2617 rii,
1322 2582 1416 2618 pontif.
1431 2589 1462 2624 n,
1479 2585 1551 2609 extat
1565 2582 1697 2618 quaedam
1713 2583 1844 2612 ordinatio
1864 2591 1911 2619 pro
1926 2584 2000 2611 recta

1262 2627 1378 2657 iustitiae
1398 2625 1640 2656 admiiiistratione.
