<?xml version="1.0" encoding="UTF-8"?>
<!DOCTYPE html PUBLIC "-//W3C//DTD XHTML 1.0 Transitional//EN"
    "http://www.w3.org/TR/xhtml1/DTD/xhtml1-transitional.dtd">
<html xmlns="http://www.w3.org/1999/xhtml" xml:lang="en" lang="en">
 <head>
  <title>
</title>
<meta http-equiv="Content-Type" content="text/html;charset=utf-8" />
  <meta name='ocr-system' content='tesseract 3.04.00' />
  <meta name='ocr-capabilities' content='ocr_page ocr_carea ocr_par ocr_line ocrx_word'/>
</head>
<body>
  <div class='ocr_page' id='page_1' title='image "./bullarumdiplomat21cath_1161.png"; bbox 0 0 2269 3203; ppageno 0'>
   <div class='ocr_carea' id='block_1_1' title="bbox 900 246 994 269">
    <p class='ocr_par' dir='ltr' id='par_1_1' title="bbox 900 246 994 269">
     <span class='ocr_line' id='line_1_1' title="bbox 900 246 994 269; baseline -0.011 0"><span class='ocrx_word' id='word_1_1' title='bbox 900 246 994 269; x_wconf 72' lang='lat' dir='ltr'>INDEX</span> 
     </span>
    </p>
   </div>
   <div class='ocr_carea' id='block_1_2' title="bbox 286 300 1036 817">
    <p class='ocr_par' dir='ltr' id='par_1_2' title="bbox 378 300 1036 398">
     <span class='ocr_line' id='line_1_2' title="bbox 379 300 1036 342; baseline -0.008 -6"><span class='ocrx_word' id='word_1_2' title='bbox 379 305 468 336; x_wconf 78' lang='lat' dir='ltr'>viana</span> <span class='ocrx_word' id='word_1_3' title='bbox 492 303 619 336; x_wconf 78' lang='lat' dir='ltr'>Ordinis</span> <span class='ocrx_word' id='word_1_4' title='bbox 644 302 849 335; x_wconf 84' lang='lat' dir='ltr'>cremitarum</span> <span class='ocrx_word' id='word_1_5' title='bbox 874 300 904 333; x_wconf 87' lang='lat' dir='ltr'>S.</span> <span class='ocrx_word' id='word_1_6' title='bbox 926 301 1036 342; x_wconf 82' lang='lat' dir='ltr'>Augu-</span> 
     </span>
     <span class='ocr_line' id='line_1_3' title="bbox 378 355 566 398; baseline -0.011 -8"><span class='ocrx_word' id='word_1_7' title='bbox 378 357 462 398; x_wconf 93' lang='lat' dir='ltr'>stini‚</span> <span class='ocrx_word' id='word_1_8' title='bbox 490 355 566 389; x_wconf 77' lang='lat'>848.</span> 
     </span>
    </p>

    <p class='ocr_par' dir='ltr' id='par_1_3' title="bbox 288 405 1036 556">
     <span class='ocr_line' id='line_1_4' title="bbox 288 405 1036 449; baseline -0.011 -4"><span class='ocrx_word' id='word_1_9' title='bbox 288 411 448 445; x_wconf 75' lang='lat' dir='ltr'>CCLxxx.</span> <span class='ocrx_word' id='word_1_10' title='bbox 469 409 663 443; x_wconf 81' lang='lat' dir='ltr'>Contirnatur</span> <span class='ocrx_word' id='word_1_11' title='bbox 683 406 854 440; x_wconf 89' lang='lat' dir='ltr'>concordia</span> <span class='ocrx_word' id='word_1_12' title='bbox 872 415 969 449; x_wconf 87' lang='lat' dir='ltr'>super</span> <span class='ocrx_word' id='word_1_13' title='bbox 992 405 1036 437; x_wconf 90' lang='lat' dir='ltr'>di-</span> 
     </span>
     <span class='ocr_line' id='line_1_5' title="bbox 379 457 1036 505; baseline -0.009 -10"><span class='ocrx_word' id='word_1_14' title='bbox 379 463 499 495; x_wconf 80' lang='lat' dir='ltr'>visione</span> <span class='ocrx_word' id='word_1_15' title='bbox 524 460 710 505; x_wconf 75' lang='lat' dir='ltr'>provinciae</span> <span class='ocrx_word' id='word_1_16' title='bbox 743 459 915 492; x_wconf 87' lang='lat' dir='ltr'>Insulensis</span> <span class='ocrx_word' id='word_1_17' title='bbox 944 457 1036 491; x_wconf 85' lang='lat' dir='ltr'>Ordi-</span> 
     </span>
     <span class='ocr_line' id='line_1_6' title="bbox 376 510 983 556; baseline -0.007 -9"><span class='ocrx_word' id='word_1_18' title='bbox 376 515 426 547; x_wconf 84' lang='lat' dir='ltr'>nis</span> <span class='ocrx_word' id='word_1_19' title='bbox 451 515 583 546; x_wconf 81' lang='lat' dir='ltr'>fratrum</span> <span class='ocrx_word' id='word_1_20' title='bbox 609 512 881 556; x_wconf 72' lang='lat' dir='ltr'>capuccinorum,</span> <span class='ocrx_word' id='word_1_21' title='bbox 909 510 983 544; x_wconf 77' lang='lat'>849.</span> 
     </span>
    </p>

    <p class='ocr_par' dir='ltr' id='par_1_4' title="bbox 286 563 1036 817">
     <span class='ocr_line' id='line_1_7' title="bbox 286 563 1036 607; baseline -0.004 -8"><span class='ocrx_word' id='word_1_22' title='bbox 286 566 466 599; x_wconf 76' lang='lat' dir='ltr'>CCLXXXI.</span> <span class='ocrx_word' id='word_1_23' title='bbox 491 566 726 600; x_wconf 84' lang='lat' dir='ltr'>Confirmantur</span> <span class='ocrx_word' id='word_1_24' title='bbox 745 564 913 607; x_wconf 78' lang='lat' dir='ltr'>privilegia</span> <span class='ocrx_word' id='word_1_25' title='bbox 941 570 971 597; x_wconf 85' lang='lat' dir='ltr'>et</span> <span class='ocrx_word' id='word_1_26' title='bbox 992 563 1036 596; x_wconf 91' lang='lat' dir='ltr'>in-</span> 
     </span>
     <span class='ocr_line' id='line_1_8' title="bbox 378 617 1036 651; baseline -0.003 0"><span class='ocrx_word' id='word_1_27' title='bbox 378 619 465 651; x_wconf 89' lang='lat' dir='ltr'>dulta</span> <span class='ocrx_word' id='word_1_28' title='bbox 481 629 498 651; x_wconf 88' lang='lat' dir='ltr'>a</span> <span class='ocrx_word' id='word_1_29' title='bbox 517 618 666 651; x_wconf 83' lang='lat' dir='ltr'>Romanis</span> <span class='ocrx_word' id='word_1_30' title='bbox 688 617 895 650; x_wconf 77' lang='lat' dir='ltr'>Pontificibus</span> <span class='ocrx_word' id='word_1_31' title='bbox 912 617 1036 649; x_wconf 83' lang='lat' dir='ltr'>univer-</span> 
     </span>
     <span class='ocr_line' id='line_1_9' title="bbox 379 670 1036 714; baseline -0.005 -9"><span class='ocrx_word' id='word_1_32' title='bbox 379 673 463 705; x_wconf 88' lang='lat' dir='ltr'>sitati</span> <span class='ocrx_word' id='word_1_33' title='bbox 489 672 583 705; x_wconf 90' lang='lat' dir='ltr'>studii</span> <span class='ocrx_word' id='word_1_34' title='bbox 602 671 760 714; x_wconf 82' lang='lat' dir='ltr'>generalis</span> <span class='ocrx_word' id='word_1_35' title='bbox 777 676 807 703; x_wconf 85' lang='lat' dir='ltr'>et</span> <span class='ocrx_word' id='word_1_36' title='bbox 828 670 962 712; x_wconf 78' lang='lat' dir='ltr'>collegio</span> <span class='ocrx_word' id='word_1_37' title='bbox 980 670 1036 703; x_wconf 88' lang='lat' dir='ltr'>do-</span> 
     </span>
     <span class='ocr_line' id='line_1_10' title="bbox 378 724 1032 764; baseline -0.005 -7"><span class='ocrx_word' id='word_1_38' title='bbox 378 731 501 758; x_wconf 86' lang='lat' dir='ltr'>ctorum</span> <span class='ocrx_word' id='word_1_39' title='bbox 529 724 641 757; x_wconf 90' lang='lat' dir='ltr'>Urbini</span> <span class='ocrx_word' id='word_1_40' title='bbox 667 734 826 764; x_wconf 85' lang='lat' dir='ltr'>concessa,</span> <span class='ocrx_word' id='word_1_41' title='bbox 852 733 923 756; x_wconf 86' lang='lat' dir='ltr'>cnm</span> <span class='ocrx_word' id='word_1_42' title='bbox 949 732 1032 755; x_wconf 92' lang='lat' dir='ltr'>non-</span> 
     </span>
     <span class='ocr_line' id='line_1_11' title="bbox 377 774 1034 817; baseline -0.003 -8"><span class='ocrx_word' id='word_1_43' title='bbox 377 777 472 810; x_wconf 81' lang='lat' dir='ltr'>nullis</span> <span class='ocrx_word' id='word_1_44' title='bbox 498 777 625 809; x_wconf 90' lang='lat' dir='ltr'>illorum</span> <span class='ocrx_word' id='word_1_45' title='bbox 653 775 933 817; x_wconf 65' lang='lat' dir='ltr'>declarationibus,</span> <span class='ocrx_word' id='word_1_46' title='bbox 960 774 1034 808; x_wconf 82' lang='lat'>850.</span> 
     </span>
    </p>
   </div>
   <div class='ocr_carea' id='block_1_3' title="bbox 481 881 841 915">
    <p class='ocr_par' dir='ltr' id='par_1_5' title="bbox 481 881 841 915">
     <span class='ocr_line' id='line_1_12' title="bbox 481 881 841 915; baseline -0.006 0"><span class='ocrx_word' id='word_1_47' title='bbox 481 882 738 915; x_wconf 74' lang='lat' dir='ltr'>INNOCENTIUS</span> <span class='ocrx_word' id='word_1_48' title='bbox 762 881 841 914; x_wconf 85' lang='lat' dir='ltr'>XIII.</span> 
     </span>
    </p>
   </div>
   <div class='ocr_carea' id='block_1_4' title="bbox 274 985 1063 2620">
    <p class='ocr_par' dir='ltr' id='par_1_6' title="bbox 289 985 1063 1244">
     <span class='ocr_line' id='line_1_13' title="bbox 289 985 1035 1022; baseline -0.005 0"><span class='ocrx_word' id='word_1_49' title='bbox 289 989 313 1022; x_wconf 88' lang='lat'>1.</span> <span class='ocrx_word' id='word_1_50' title='bbox 343 988 558 1022; x_wconf 86' lang='lat' dir='ltr'>Contirrnatur</span> <span class='ocrx_word' id='word_1_51' title='bbox 589 986 773 1020; x_wconf 86' lang='lat' dir='ltr'>constitutio</span> <span class='ocrx_word' id='word_1_52' title='bbox 802 985 971 1020; x_wconf 86' lang='lat' dir='ltr'>Clementis</span> <span class='ocrx_word' id='word_1_53' title='bbox 995 986 1035 1018; x_wconf 78' lang='lat' dir='ltr'>xl</span> 
     </span>
     <span class='ocr_line' id='line_1_14' title="bbox 378 1039 1036 1084; baseline -0.002 -11"><span class='ocrx_word' id='word_1_54' title='bbox 378 1041 416 1074; x_wconf 87' lang='lat' dir='ltr'>de</span> <span class='ocrx_word' id='word_1_55' title='bbox 441 1040 616 1084; x_wconf 73' lang='lat' dir='ltr'>privilegiis</span> <span class='ocrx_word' id='word_1_56' title='bbox 642 1040 856 1072; x_wconf 76' lang='lat' dir='ltr'>universitatis</span> <span class='ocrx_word' id='word_1_57' title='bbox 875 1039 968 1071; x_wconf 86' lang='lat' dir='ltr'>studii</span> <span class='ocrx_word' id='word_1_58' title='bbox 986 1050 1036 1082; x_wconf 78' lang='lat' dir='ltr'>ge-</span> 
     </span>
     <span class='ocr_line' id='line_1_15' title="bbox 378 1092 1035 1135; baseline -0.003 -8"><span class='ocrx_word' id='word_1_59' title='bbox 378 1094 496 1127; x_wconf 83' lang='lat' dir='ltr'>neralis</span> <span class='ocrx_word' id='word_1_60' title='bbox 521 1099 550 1126; x_wconf 88' lang='lat' dir='ltr'>ct</span> <span class='ocrx_word' id='word_1_61' title='bbox 571 1092 876 1135; x_wconf 80' lang='lat' dir='ltr'>collegiidoctorum</span> <span class='ocrx_word' id='word_1_62' title='bbox 900 1092 1035 1125; x_wconf 83' lang='lat' dir='ltr'>civitati&#39;s</span> 
     </span>
     <span class='ocr_line' id='line_1_16' title="bbox 380 1145 1036 1186; baseline -0.003 -7"><span class='ocrx_word' id='word_1_63' title='bbox 380 1146 509 1186; x_wconf 88' lang='lat' dir='ltr'>Urbini,</span> <span class='ocrx_word' id='word_1_64' title='bbox 534 1156 604 1178; x_wconf 90' lang='lat' dir='ltr'>cum</span> <span class='ocrx_word' id='word_1_65' title='bbox 637 1147 718 1178; x_wconf 77' lang='lat' dir='ltr'>nova</span> <span class='ocrx_word' id='word_1_66' title='bbox 751 1145 936 1178; x_wconf 89' lang='lat' dir='ltr'>eorumdem</span> <span class='ocrx_word' id='word_1_67' title='bbox 963 1155 1036 1178; x_wconf 92' lang='lat' dir='ltr'>con-</span> 
     </span>
     <span class='ocr_line' id='line_1_17' title="bbox 379 1198 1063 1244; baseline -0.001 -12"><span class='ocrx_word' id='word_1_68' title='bbox 379 1199 532 1238; x_wconf 74' lang='lat' dir='ltr'>cessione,</span> <span class='ocrx_word' id='word_1_69' title='bbox 558 1198 632 1231; x_wconf 71' lang='lat'>867.</span> <span class='ocrx_word' id='word_1_70' title='bbox 1061 1227 1063 1244; x_wconf 34' lang='grc' dir='ltr'><strong><em>ἶ</em></strong></span> 
     </span>
    </p>

    <p class='ocr_par' dir='ltr' id='par_1_7' title="bbox 289 1248 1063 1295">
     <span class='ocr_line' id='line_1_18' title="bbox 289 1248 1063 1295; baseline -0.004 -9"><span class='ocrx_word' id='word_1_71' title='bbox 289 1253 326 1286; x_wconf 93' lang='lat' dir='ltr'>Il.</span> <span class='ocrx_word' id='word_1_72' title='bbox 348 1252 573 1287; x_wconf 83' lang='lat' dir='ltr'>Conceduntur</span> <span class='ocrx_word' id='word_1_73' title='bbox 590 1251 754 1295; x_wconf 74' lang='lat' dir='ltr'>privilegia</span> <span class='ocrx_word' id='word_1_74' title='bbox 773 1257 803 1283; x_wconf 89' lang='lat' dir='ltr'>et</span> <span class='ocrx_word' id='word_1_75' title='bbox 824 1251 944 1294; x_wconf 78' lang='lat' dir='ltr'>gratiae</span> <span class='ocrx_word' id='word_1_76' title='bbox 961 1262 1037 1284; x_wconf 90' lang='lat' dir='ltr'>con-</span> <span class='ocrx_word' id='word_1_77' title='bbox 1061 1248 1063 1283; x_wconf 74' lang='lat' dir='ltr'>l</span> 
     </span>
    </p>

    <p class='ocr_par' dir='ltr' id='par_1_8' title="bbox 274 1297 991 1348">
     <span class='ocr_line' id='line_1_19' title="bbox 274 1297 991 1348; baseline -0.003 -10"><span class='ocrx_word' id='word_1_78' title='bbox 274 1297 279 1308; x_wconf 57' lang='lat'>⁸</span> <span class='ocrx_word' id='word_1_79' title='bbox 378 1305 518 1338; x_wconf 65' lang='lat' dir='ltr'>clavistis</span> <span class='ocrx_word' id='word_1_80' title='bbox 542 1305 695 1348; x_wconf 74' lang='lat' dir='ltr'>postremi</span> <span class='ocrx_word' id='word_1_81' title='bbox 721 1305 890 1345; x_wconf 73' lang='lat' dir='ltr'>conclavis,</span> <span class='ocrx_word' id='word_1_82' title='bbox 916 1304 991 1337; x_wconf 79' lang='lat'>869.</span> 
     </span>
    </p>

    <p class='ocr_par' dir='ltr' id='par_1_9' title="bbox 289 1357 1063 1454">
     <span class='ocr_line' id='line_1_20' title="bbox 289 1357 1063 1401; baseline -0.004 -9"><span class='ocrx_word' id='word_1_83' title='bbox 289 1359 338 1392; x_wconf 88' lang='lat' dir='ltr'>Ill.</span> <span class='ocrx_word' id='word_1_84' title='bbox 365 1358 586 1392; x_wconf 87' lang='lat' dir='ltr'>Conceduntur</span> <span class='ocrx_word' id='word_1_85' title='bbox 610 1358 777 1401; x_wconf 73' lang='lat' dir='ltr'>privilegia</span> <span class='ocrx_word' id='word_1_86' title='bbox 802 1363 832 1390; x_wconf 86' lang='lat' dir='ltr'>et</span> <span class='ocrx_word' id='word_1_87' title='bbox 849 1357 970 1390; x_wconf 89' lang='lat' dir='ltr'>indulta</span> <span class='ocrx_word' id='word_1_88' title='bbox 986 1357 1036 1390; x_wconf 89' lang='lat' dir='ltr'>da·</span> <span class='ocrx_word' id='word_1_89' title='bbox 1062 1388 1063 1394; x_wconf 67' lang='grc'>,</span> 
     </span>
     <span class='ocr_line' id='line_1_21' title="bbox 378 1409 967 1454; baseline -0.002 -11"><span class='ocrx_word' id='word_1_90' title='bbox 378 1411 487 1454; x_wconf 85' lang='lat' dir='ltr'>piferis</span> <span class='ocrx_word' id='word_1_91' title='bbox 513 1411 666 1454; x_wconf 74' lang='lat' dir='ltr'>postremi</span> <span class='ocrx_word' id='word_1_92' title='bbox 694 1410 866 1450; x_wconf 78' lang='lat' dir='ltr'>conclavis,</span> <span class='ocrx_word' id='word_1_93' title='bbox 892 1409 967 1443; x_wconf 81' lang='lat'>873.</span> 
     </span>
    </p>

    <p class='ocr_par' dir='ltr' id='par_1_10' title="bbox 290 1463 1035 1556">
     <span class='ocr_line' id='line_1_22' title="bbox 290 1463 1035 1506; baseline -0.001 -9"><span class='ocrx_word' id='word_1_94' title='bbox 290 1464 338 1497; x_wconf 78' lang='lat' dir='ltr'>lv.</span> <span class='ocrx_word' id='word_1_95' title='bbox 369 1463 595 1497; x_wconf 87' lang='lat' dir='ltr'>Conceduntur</span> <span class='ocrx_word' id='word_1_96' title='bbox 627 1463 794 1506; x_wconf 68' lang='lat' dir='ltr'>privilegia</span> <span class='ocrx_word' id='word_1_97' title='bbox 825 1463 1035 1496; x_wconf 80' lang='lat' dir='ltr'>familiaribus</span> 
     </span>
     <span class='ocr_line' id='line_1_23' title="bbox 378 1516 777 1556; baseline -0.005 -7"><span class='ocrx_word' id='word_1_98' title='bbox 378 1516 558 1549; x_wconf 75' lang='lat' dir='ltr'>sanctitatis</span> <span class='ocrx_word' id='word_1_99' title='bbox 583 1516 672 1556; x_wconf 88' lang='lat' dir='ltr'>Suae,</span> <span class='ocrx_word' id='word_1_100' title='bbox 703 1516 777 1549; x_wconf 71' lang='lat'>875.</span> 
     </span>
    </p>

    <p class='ocr_par' dir='ltr' id='par_1_11' title="bbox 290 1569 1035 1664">
     <span class='ocr_line' id='line_1_24' title="bbox 290 1569 1035 1603; baseline 0 -2"><span class='ocrx_word' id='word_1_101' title='bbox 290 1570 322 1602; x_wconf 73' lang='lat' dir='ltr'>V.</span> <span class='ocrx_word' id='word_1_102' title='bbox 356 1569 509 1603; x_wconf 87' lang='lat' dir='ltr'>Indicitur</span> <span class='ocrx_word' id='word_1_103' title='bbox 539 1569 709 1601; x_wconf 81' lang='lat' dir='ltr'>iubilaeuni</span> <span class='ocrx_word' id='word_1_104' title='bbox 736 1569 913 1601; x_wconf 74' lang='lat' dir='ltr'>universale</span> <span class='ocrx_word' id='word_1_105' title='bbox 945 1569 1035 1601; x_wconf 89' lang='lat' dir='ltr'>initio</span> 
     </span>
     <span class='ocr_line' id='line_1_25' title="bbox 378 1621 1000 1664; baseline 0.002 -11"><span class='ocrx_word' id='word_1_106' title='bbox 378 1622 583 1664; x_wconf 79' lang='lat' dir='ltr'>pontificatus</span> <span class='ocrx_word' id='word_1_107' title='bbox 608 1621 786 1654; x_wconf 82' lang='lat' dir='ltr'>Sanctitatis</span> <span class='ocrx_word' id='word_1_108' title='bbox 811 1622 900 1662; x_wconf 84' lang='lat' dir='ltr'>Suae,</span> <span class='ocrx_word' id='word_1_109' title='bbox 927 1621 1000 1654; x_wconf 76' lang='lat'>875.</span> 
     </span>
    </p>

    <p class='ocr_par' dir='ltr' id='par_1_12' title="bbox 291 1675 1037 1819">
     <span class='ocr_line' id='line_1_26' title="bbox 291 1675 1036 1718; baseline 0 -10"><span class='ocrx_word' id='word_1_110' title='bbox 291 1675 339 1708; x_wconf 63' lang='lat' dir='ltr'>VI.</span> <span class='ocrx_word' id='word_1_111' title='bbox 357 1675 520 1708; x_wconf 83' lang='lat' dir='ltr'>Mandatur</span> <span class='ocrx_word' id='word_1_112' title='bbox 538 1676 733 1708; x_wconf 83' lang='lat' dir='ltr'>continuatio</span> <span class='ocrx_word' id='word_1_113' title='bbox 754 1675 940 1708; x_wconf 70' lang='lat' dir='ltr'>visitationis</span> <span class='ocrx_word' id='word_1_114' title='bbox 961 1685 1036 1718; x_wconf 87' lang='lat' dir='ltr'>apo-</span> 
     </span>
     <span class='ocr_line' id='line_1_27' title="bbox 379 1729 1037 1772; baseline 0 -11"><span class='ocrx_word' id='word_1_115' title='bbox 379 1729 508 1762; x_wconf 88' lang='lat' dir='ltr'>stolicae</span> <span class='ocrx_word' id='word_1_116' title='bbox 534 1729 739 1761; x_wconf 86' lang='lat' dir='ltr'>ecclesiarum</span> <span class='ocrx_word' id='word_1_117' title='bbox 766 1729 953 1761; x_wconf 82' lang='lat' dir='ltr'>etlocorum</span> <span class='ocrx_word' id='word_1_118' title='bbox 971 1729 1037 1772; x_wconf 90' lang='lat' dir='ltr'>pio-</span> 
     </span>
     <span class='ocr_line' id='line_1_28' title="bbox 378 1780 680 1819; baseline -0.003 -5"><span class='ocrx_word' id='word_1_119' title='bbox 378 1792 449 1814; x_wconf 90' lang='lat' dir='ltr'>rum</span> <span class='ocrx_word' id='word_1_120' title='bbox 476 1781 578 1819; x_wconf 55' lang='lat' dir='ltr'>Urbis,</span> <span class='ocrx_word' id='word_1_121' title='bbox 604 1780 680 1813; x_wconf 83' lang='lat'>877.</span> 
     </span>
    </p>

    <p class='ocr_par' dir='ltr' id='par_1_13' title="bbox 289 1834 1034 2139">
     <span class='ocr_line' id='line_1_29' title="bbox 289 1834 1032 1877; baseline 0 -11"><span class='ocrx_word' id='word_1_122' title='bbox 289 1835 349 1868; x_wconf 73' lang='grc' dir='ltr'>ΠΙ.</span> <span class='ocrx_word' id='word_1_123' title='bbox 375 1834 589 1868; x_wconf 83' lang='lat' dir='ltr'>Confirmatur</span> <span class='ocrx_word' id='word_1_124' title='bbox 613 1834 775 1867; x_wconf 85' lang='lat' dir='ltr'>decretum</span> <span class='ocrx_word' id='word_1_125' title='bbox 801 1834 1032 1877; x_wconf 75' lang='lat' dir='ltr'>Congregatio—</span> 
     </span>
     <span class='ocr_line' id='line_1_30' title="bbox 378 1887 1034 1930; baseline -0.002 -11"><span class='ocrx_word' id='word_1_126' title='bbox 378 1887 427 1919; x_wconf 87' lang='lat' dir='ltr'>nis</span> <span class='ocrx_word' id='word_1_127' title='bbox 452 1887 676 1930; x_wconf 79' lang='lat' dir='ltr'>cpiscoporum</span> <span class='ocrx_word' id='word_1_128' title='bbox 714 1892 744 1919; x_wconf 84' lang='lat' dir='ltr'>et</span> <span class='ocrx_word' id='word_1_129' title='bbox 775 1887 970 1929; x_wconf 75' lang='lat' dir='ltr'>regularium</span> <span class='ocrx_word' id='word_1_130' title='bbox 997 1888 1034 1919; x_wconf 81' lang='lat' dir='ltr'>de</span> 
     </span>
     <span class='ocr_line' id='line_1_31' title="bbox 378 1940 1033 1983; baseline 0.003 -12"><span class='ocrx_word' id='word_1_131' title='bbox 378 1940 562 1972; x_wconf 69' lang='lat' dir='ltr'>alternativa</span> <span class='ocrx_word' id='word_1_132' title='bbox 588 1940 767 1972; x_wconf 80' lang='lat' dir='ltr'>officiorum</span> <span class='ocrx_word' id='word_1_133' title='bbox 793 1950 852 1982; x_wconf 89' lang='lat' dir='ltr'>pro</span> <span class='ocrx_word' id='word_1_134' title='bbox 869 1940 1033 1983; x_wconf 78' lang='lat' dir='ltr'>provincia</span> 
     </span>
     <span class='ocr_line' id='line_1_32' title="bbox 377 1993 1034 2025; baseline -0.002 0"><span class='ocrx_word' id='word_1_135' title='bbox 377 1993 408 2025; x_wconf 77' lang='lat' dir='ltr'>S.</span> <span class='ocrx_word' id='word_1_136' title='bbox 437 1993 562 2025; x_wconf 80' lang='lat' dir='ltr'>Antonii</span> <span class='ocrx_word' id='word_1_137' title='bbox 584 1993 615 2024; x_wconf 92' lang='lat' dir='ltr'>in</span> <span class='ocrx_word' id='word_1_138' title='bbox 639 1993 799 2025; x_wconf 80' lang='lat' dir='ltr'>Lusitania</span> <span class='ocrx_word' id='word_1_139' title='bbox 824 1993 957 2024; x_wconf 80' lang='lat' dir='ltr'>fratrum</span> <span class='ocrx_word' id='word_1_140' title='bbox 983 1993 1034 2025; x_wconf 83' lang='lat' dir='ltr'>Mi-</span> 
     </span>
     <span class='ocr_line' id='line_1_33' title="bbox 376 2045 1033 2078; baseline 0.002 -1"><span class='ocrx_word' id='word_1_141' title='bbox 376 2056 491 2078; x_wconf 85' lang='lat' dir='ltr'>norum</span> <span class='ocrx_word' id='word_1_142' title='bbox 524 2046 562 2078; x_wconf 89' lang='lat' dir='ltr'>de</span> <span class='ocrx_word' id='word_1_143' title='bbox 594 2046 800 2078; x_wconf 72' lang='lat' dir='ltr'>Observantia</span> <span class='ocrx_word' id='word_1_144' title='bbox 825 2045 1033 2078; x_wconf 83' lang='lat' dir='ltr'>Discalceato·</span> 
     </span>
     <span class='ocr_line' id='line_1_34' title="bbox 376 2098 558 2139; baseline 0.005 -8"><span class='ocrx_word' id='word_1_145' title='bbox 376 2109 458 2139; x_wconf 87' lang='lat' dir='ltr'>rum,</span> <span class='ocrx_word' id='word_1_146' title='bbox 485 2098 558 2132; x_wconf 83' lang='lat'>878.</span> 
     </span>
    </p>

    <p class='ocr_par' dir='ltr' id='par_1_14' title="bbox 289 2151 1032 2245">
     <span class='ocr_line' id='line_1_35' title="bbox 289 2151 1032 2195; baseline 0.001 -12"><span class='ocrx_word' id='word_1_147' title='bbox 289 2151 363 2184; x_wconf 70' lang='lat' dir='ltr'>wll.</span> <span class='ocrx_word' id='word_1_148' title='bbox 398 2151 622 2184; x_wconf 86' lang='lat' dir='ltr'>Conceduntur</span> <span class='ocrx_word' id='word_1_149' title='bbox 657 2151 824 2195; x_wconf 76' lang='lat' dir='ltr'>privilegia</span> <span class='ocrx_word' id='word_1_150' title='bbox 864 2152 1032 2195; x_wconf 85' lang='lat' dir='ltr'>capellanis</span> 
     </span>
     <span class='ocr_line' id='line_1_36' title="bbox 377 2204 768 2245; baseline 0.003 -9"><span class='ocrx_word' id='word_1_151' title='bbox 377 2204 554 2237; x_wconf 84' lang='lat' dir='ltr'>Sanctitatis</span> <span class='ocrx_word' id='word_1_152' title='bbox 579 2205 669 2245; x_wconf 86' lang='lat' dir='ltr'>Suae,</span> <span class='ocrx_word' id='word_1_153' title='bbox 694 2205 768 2238; x_wconf 84' lang='grc'>881.</span> 
     </span>
    </p>

    <p class='ocr_par' dir='ltr' id='par_1_15' title="bbox 290 2257 1033 2509">
     <span class='ocr_line' id='line_1_37' title="bbox 290 2257 1032 2291; baseline -0.001 0"><span class='ocrx_word' id='word_1_154' title='bbox 290 2258 342 2291; x_wconf 76' lang='lat' dir='ltr'>IX.</span> <span class='ocrx_word' id='word_1_155' title='bbox 369 2257 524 2291; x_wconf 87' lang='lat' dir='ltr'>Statuitur</span> <span class='ocrx_word' id='word_1_156' title='bbox 555 2263 587 2290; x_wconf 88' lang='lat' dir='ltr'>ut</span> <span class='ocrx_word' id='word_1_157' title='bbox 620 2258 733 2290; x_wconf 84' lang='lat' dir='ltr'>fratres</span> <span class='ocrx_word' id='word_1_158' title='bbox 759 2258 830 2291; x_wconf 88' lang='lat' dir='ltr'>laici</span> <span class='ocrx_word' id='word_1_159' title='bbox 856 2258 894 2290; x_wconf 88' lang='lat' dir='ltr'>de</span> <span class='ocrx_word' id='word_1_160' title='bbox 919 2258 1032 2290; x_wconf 86' lang='lat' dir='ltr'>Obser-</span> 
     </span>
     <span class='ocr_line' id='line_1_38' title="bbox 377 2310 1033 2344; baseline 0.002 -2"><span class='ocrx_word' id='word_1_161' title='bbox 377 2310 482 2343; x_wconf 68' lang='lat' dir='ltr'>vantia</span> <span class='ocrx_word' id='word_1_162' title='bbox 508 2310 764 2343; x_wconf 61' lang='lat' dir='ltr'>Itesoi‘matorum</span> <span class='ocrx_word' id='word_1_163' title='bbox 797 2321 833 2343; x_wconf 87' lang='lat' dir='ltr'>ac</span> <span class='ocrx_word' id='word_1_164' title='bbox 857 2311 954 2343; x_wconf 87' lang='lat' dir='ltr'>Tertii</span> <span class='ocrx_word' id='word_1_165' title='bbox 980 2311 1033 2344; x_wconf 88' lang='lat' dir='ltr'>Or-</span> 
     </span>
     <span class='ocr_line' id='line_1_39' title="bbox 377 2363 1032 2407; baseline 0.003 -12"><span class='ocrx_word' id='word_1_166' title='bbox 377 2363 458 2395; x_wconf 85' lang='lat' dir='ltr'>dinis</span> <span class='ocrx_word' id='word_1_167' title='bbox 479 2363 510 2395; x_wconf 91' lang='lat' dir='ltr'>in</span> <span class='ocrx_word' id='word_1_168' title='bbox 537 2374 636 2406; x_wconf 74' lang='lat' dir='ltr'>regno</span> <span class='ocrx_word' id='word_1_169' title='bbox 661 2363 785 2396; x_wconf 78' lang='lat' dir='ltr'>Siciliae</span> <span class='ocrx_word' id='word_1_170' title='bbox 802 2370 963 2407; x_wconf 81' lang='lat' dir='ltr'>praestent</span> <span class='ocrx_word' id='word_1_171' title='bbox 985 2365 1032 2397; x_wconf 92' lang='lat' dir='ltr'>iu-</span> 
     </span>
     <span class='ocr_line' id='line_1_40' title="bbox 377 2417 1030 2460; baseline 0.005 -13"><span class='ocrx_word' id='word_1_172' title='bbox 377 2422 554 2448; x_wconf 84' lang='lat' dir='ltr'>ramentum</span> <span class='ocrx_word' id='word_1_173' title='bbox 599 2417 729 2449; x_wconf 74' lang='lat' dir='ltr'>cedendi</span> <span class='ocrx_word' id='word_1_174' title='bbox 776 2417 1030 2460; x_wconf 77' lang='lat' dir='ltr'>praecedentiam</span> 
     </span>
     <span class='ocr_line' id='line_1_41' title="bbox 378 2469 615 2509; baseline 0.004 -7"><span class='ocrx_word' id='word_1_175' title='bbox 378 2469 515 2509; x_wconf 80' lang='lat' dir='ltr'>clericis,</span> <span class='ocrx_word' id='word_1_176' title='bbox 541 2469 615 2503; x_wconf 84' lang='grc'>881.</span> 
     </span>
    </p>

    <p class='ocr_par' dir='ltr' id='par_1_16' title="bbox 288 2522 1031 2620">
     <span class='ocr_line' id='line_1_42' title="bbox 288 2522 1031 2557; baseline -0.001 0"><span class='ocrx_word' id='word_1_177' title='bbox 288 2525 322 2557; x_wconf 70' lang='lat' dir='ltr'>X.</span> <span class='ocrx_word' id='word_1_178' title='bbox 336 2522 570 2557; x_wconf 84' lang='lat' dir='ltr'>Contirmantur</span> <span class='ocrx_word' id='word_1_179' title='bbox 585 2525 825 2557; x_wconf 81' lang='lat' dir='ltr'>constitutiones</span> <span class='ocrx_word' id='word_1_180' title='bbox 841 2524 1031 2556; x_wconf 71' lang='lat' dir='ltr'>UrbaniVIII</span> 
     </span>
     <span class='ocr_line' id='line_1_43' title="bbox 376 2575 1031 2620; baseline 0 -12"><span class='ocrx_word' id='word_1_181' title='bbox 376 2582 406 2608; x_wconf 86' lang='lat' dir='ltr'>et</span> <span class='ocrx_word' id='word_1_182' title='bbox 431 2575 601 2608; x_wconf 83' lang='lat' dir='ltr'>Alexandri</span> <span class='ocrx_word' id='word_1_183' title='bbox 627 2577 677 2609; x_wconf 81' lang='lat' dir='ltr'>VII</span> <span class='ocrx_word' id='word_1_184' title='bbox 711 2588 805 2620; x_wconf 84' lang='lat' dir='ltr'>super</span> <span class='ocrx_word' id='word_1_185' title='bbox 830 2577 1031 2620; x_wconf 78' lang='lat' dir='ltr'>exemptione</span> 
     </span>
    </p>
   </div>
   <div class='ocr_carea' id='block_1_5' title="bbox 1022 246 1223 269">
    <p class='ocr_par' dir='ltr' id='par_1_17' title="bbox 1022 246 1223 269">
     <span class='ocr_line' id='line_1_44' title="bbox 1022 246 1223 269; baseline -0.005 -1"><span class='ocrx_word' id='word_1_186' title='bbox 1022 246 1152 269; x_wconf 70' lang='lat' dir='ltr'>tttfflthA</span> <span class='ocrx_word' id='word_1_187' title='bbox 1161 246 1223 268; x_wconf 70' lang='lat' dir='ltr'>ttmt</span> 
     </span>
    </p>
   </div>
   <div class='ocr_carea' id='block_1_6' title="bbox 1088 1252 1164 1284">
    <p class='ocr_par' dir='ltr' id='par_1_18' title="bbox 1088 1252 1164 1284">
     <span class='ocr_line' id='line_1_45' title="bbox 1088 1252 1164 1284; baseline 0 0"><span class='ocrx_word' id='word_1_188' title='bbox 1088 1252 1164 1284; x_wconf 74' lang='lat' dir='ltr'>xlv.</span> 
     </span>
    </p>
   </div>
   <div class='ocr_carea' id='block_1_7' title="bbox 1061 1464 1151 1497">
    <p class='ocr_par' dir='ltr' id='par_1_19' title="bbox 1061 1464 1151 1497">
     <span class='ocr_line' id='line_1_46' title="bbox 1061 1464 1151 1497; baseline 0.011 -1"><span class='ocrx_word' id='word_1_189' title='bbox 1061 1472 1063 1481; x_wconf 75' lang='grc'>’</span> <span class='ocrx_word' id='word_1_190' title='bbox 1089 1464 1151 1497; x_wconf 74' lang='lat' dir='ltr'>XV.</span> 
     </span>
    </p>
   </div>
   <div class='ocr_carea' id='block_1_8' title="bbox 1059 841 1065 2664">
    <p class='ocr_par' dir='ltr' id='par_1_20' title="bbox 1059 841 1065 2664">
     <span class='ocr_line' id='line_1_47' title="bbox 1059 841 1065 2664; baseline 0 0"><span class='ocrx_word' id='word_1_191' title='bbox 1059 841 1065 2664; x_wconf 95' lang='lat' dir='ltr'> </span> 
     </span>
    </p>
   </div>
   <div class='ocr_carea' id='block_1_9' title="bbox 378 2628 1032 2719">
    <p class='ocr_par' dir='ltr' id='par_1_21' title="bbox 378 2628 1032 2719">
     <span class='ocr_line' id='line_1_48' title="bbox 378 2628 1032 2672; baseline -0.002 -10"><span class='ocrx_word' id='word_1_192' title='bbox 378 2628 583 2672; x_wconf 77' lang='lat' dir='ltr'>hospitalium</span> <span class='ocrx_word' id='word_1_193' title='bbox 599 2629 732 2662; x_wconf 83' lang='lat' dir='ltr'>fratrum</span> <span class='ocrx_word' id='word_1_194' title='bbox 750 2630 876 2663; x_wconf 88' lang='lat' dir='ltr'>Ordinis</span> <span class='ocrx_word' id='word_1_195' title='bbox 897 2630 926 2663; x_wconf 96' lang='lat' dir='ltr'>S.</span> <span class='ocrx_word' id='word_1_196' title='bbox 945 2630 1032 2662; x_wconf 85' lang='lat' dir='ltr'>Ioan-</span> 
     </span>
     <span class='ocr_line' id='line_1_49' title="bbox 392 2690 973 2719; baseline 0.002 -1"><span class='ocrx_word' id='word_1_197' title='bbox 392 2690 471 2718; x_wconf 69' lang='lat' dir='ltr'>Ball.</span> <span class='ocrx_word' id='word_1_198' title='bbox 494 2690 577 2716; x_wconf 80' lang='lat' dir='ltr'>Rom.</span> <span class='ocrx_word' id='word_1_199' title='bbox 599 2706 630 2709; x_wconf 86' lang='lat'>—</span> <span class='ocrx_word' id='word_1_200' title='bbox 656 2691 714 2718; x_wconf 72' lang='lat' dir='ltr'>Vol.</span> <span class='ocrx_word' id='word_1_201' title='bbox 736 2693 810 2719; x_wconf 74' lang='lat' dir='ltr'>XXI.</span> <span class='ocrx_word' id='word_1_202' title='bbox 924 2691 973 2719; x_wconf 55' lang='lat'>1⁸28</span> 
     </span>
    </p>
   </div>
   <div class='ocr_carea' id='block_1_10' title="bbox 1085 235 1836 2671">
    <p class='ocr_par' dir='ltr' id='par_1_22' title="bbox 1175 235 1834 394">
     <span class='ocr_line' id='line_1_50' title="bbox 1706 235 1786 268; baseline 0.013 -1"><span class='ocrx_word' id='word_1_203' title='bbox 1706 235 1786 268; x_wconf 76' lang='lat' dir='ltr'>tot7</span> 
     </span>
     <span class='ocr_line' id='line_1_51' title="bbox 1175 296 1834 332; baseline 0 -1"><span class='ocrx_word' id='word_1_204' title='bbox 1175 298 1224 331; x_wconf 88' lang='lat' dir='ltr'>nis</span> <span class='ocrx_word' id='word_1_205' title='bbox 1249 297 1303 330; x_wconf 88' lang='lat' dir='ltr'>Dei</span> <span class='ocrx_word' id='word_1_206' title='bbox 1328 298 1366 329; x_wconf 89' lang='lat' dir='ltr'>ab</span> <span class='ocrx_word' id='word_1_207' title='bbox 1383 296 1623 330; x_wconf 81' lang='lat' dir='ltr'>Ordinariorum</span> <span class='ocrx_word' id='word_1_208' title='bbox 1642 298 1834 332; x_wconf 80' lang='lat' dir='ltr'>iurisdictio-</span> 
     </span>
     <span class='ocr_line' id='line_1_52' title="bbox 1177 349 1832 394; baseline 0.002 -11"><span class='ocrx_word' id='word_1_209' title='bbox 1177 360 1217 383; x_wconf 90' lang='lat' dir='ltr'>ne</span> <span class='ocrx_word' id='word_1_210' title='bbox 1255 359 1314 393; x_wconf 85' lang='lat' dir='ltr'>pro</span> <span class='ocrx_word' id='word_1_211' title='bbox 1354 349 1609 392; x_wconf 75' lang='lat' dir='ltr'>congregatione</span> <span class='ocrx_word' id='word_1_212' title='bbox 1643 351 1832 394; x_wconf 83' lang='lat' dir='ltr'>Hispaniae,</span> 
     </span>
    </p>

    <p class='ocr_par' dir='ltr' id='par_1_23' title="bbox 1088 456 1834 500">
     <span class='ocr_line' id='line_1_53' title="bbox 1088 456 1834 500; baseline 0.003 -11"><span class='ocrx_word' id='word_1_213' title='bbox 1088 456 1138 489; x_wconf 77' lang='lat' dir='ltr'>XI.</span> <span class='ocrx_word' id='word_1_214' title='bbox 1172 456 1411 490; x_wconf 71' lang='lat' dir='ltr'>Confirmantur</span> <span class='ocrx_word' id='word_1_215' title='bbox 1443 456 1684 489; x_wconf 85' lang='lat' dir='ltr'>constitutiones</span> <span class='ocrx_word' id='word_1_216' title='bbox 1715 458 1834 500; x_wconf 79' lang='lat' dir='ltr'>Grego-</span> 
     </span>
    </p>

    <p class='ocr_par' dir='ltr' id='par_1_24' title="bbox 1177 509 1832 551">
     <span class='ocr_line' id='line_1_54' title="bbox 1177 509 1832 551; baseline 0.003 -9"><span class='ocrx_word' id='word_1_217' title='bbox 1177 510 1217 542; x_wconf 89' lang='lat' dir='ltr'>rii</span> <span class='ocrx_word' id='word_1_218' title='bbox 1243 510 1309 551; x_wconf 78' lang='lat' dir='ltr'>XV,</span> <span class='ocrx_word' id='word_1_219' title='bbox 1336 509 1454 542; x_wconf 88' lang='lat' dir='ltr'>Urbani</span> <span class='ocrx_word' id='word_1_220' title='bbox 1483 509 1566 549; x_wconf 83' lang='lat' dir='ltr'>VIII,</span> <span class='ocrx_word' id='word_1_221' title='bbox 1591 509 1759 542; x_wconf 87' lang='lat' dir='ltr'>Clementis</span> <span class='ocrx_word' id='word_1_222' title='bbox 1792 511 1832 544; x_wconf 82' lang='lat' dir='ltr'>lx</span> 
     </span>
    </p>

    <p class='ocr_par' dir='ltr' id='par_1_25' title="bbox 1176 562 1835 605">
     <span class='ocr_line' id='line_1_55' title="bbox 1176 562 1835 605; baseline 0.002 -10"><span class='ocrx_word' id='word_1_223' title='bbox 1176 569 1207 595; x_wconf 82' lang='lat' dir='ltr'>ct</span> <span class='ocrx_word' id='word_1_224' title='bbox 1231 563 1268 603; x_wconf 85' lang='lat' dir='ltr'>X,</span> <span class='ocrx_word' id='word_1_225' title='bbox 1294 573 1330 594; x_wconf 87' lang='lat' dir='ltr'>ac</span> <span class='ocrx_word' id='word_1_226' title='bbox 1355 562 1529 595; x_wconf 86' lang='lat' dir='ltr'>Innocentii</span> <span class='ocrx_word' id='word_1_227' title='bbox 1555 562 1606 603; x_wconf 85' lang='lat' dir='ltr'>x1‚</span> <span class='ocrx_word' id='word_1_228' title='bbox 1628 563 1743 605; x_wconf 86' lang='lat' dir='ltr'>quibus</span> <span class='ocrx_word' id='word_1_229' title='bbox 1764 574 1835 596; x_wconf 87' lang='lat' dir='ltr'>con-</span> 
     </span>
    </p>

    <p class='ocr_par' dir='ltr' id='par_1_26' title="bbox 1178 615 1833 659">
     <span class='ocr_line' id='line_1_56' title="bbox 1178 615 1833 659; baseline 0 -11"><span class='ocrx_word' id='word_1_230' title='bbox 1178 626 1266 648; x_wconf 85' lang='lat' dir='ltr'>cessa</span> <span class='ocrx_word' id='word_1_231' title='bbox 1296 620 1325 647; x_wconf 90' lang='lat' dir='ltr'>et</span> <span class='ocrx_word' id='word_1_232' title='bbox 1351 615 1537 648; x_wconf 79' lang='lat' dir='ltr'>confirmata</span> <span class='ocrx_word' id='word_1_233' title='bbox 1568 616 1656 648; x_wconf 85' lang='lat' dir='ltr'>suere</span> <span class='ocrx_word' id='word_1_234' title='bbox 1686 616 1833 659; x_wconf 88' lang='lat' dir='ltr'>hospitali</span> 
     </span>
    </p>

    <p class='ocr_par' dir='ltr' id='par_1_27' title="bbox 1177 668 1835 711">
     <span class='ocr_line' id='line_1_57' title="bbox 1177 668 1835 711; baseline 0.002 -11"><span class='ocrx_word' id='word_1_235' title='bbox 1177 668 1208 700; x_wconf 90' lang='lat' dir='ltr'>B.</span> <span class='ocrx_word' id='word_1_236' title='bbox 1235 669 1272 701; x_wconf 87' lang='lat' dir='ltr'>M.</span> <span class='ocrx_word' id='word_1_237' title='bbox 1293 668 1563 700; x_wconf 82' lang='lat' dir='ltr'>Tlieutonicorum</span> <span class='ocrx_word' id='word_1_238' title='bbox 1591 668 1758 711; x_wconf 79' lang='lat' dir='ltr'>privilegia</span> <span class='ocrx_word' id='word_1_239' title='bbox 1782 669 1835 702; x_wconf 78' lang='lat' dir='ltr'>lio-</span> 
     </span>
    </p>

    <p class='ocr_par' dir='ltr' id='par_1_28' title="bbox 1179 722 1834 766">
     <span class='ocr_line' id='line_1_58' title="bbox 1179 722 1834 766; baseline 0.002 -12"><span class='ocrx_word' id='word_1_240' title='bbox 1179 722 1300 765; x_wconf 89' lang='lat' dir='ltr'>spitalis</span> <span class='ocrx_word' id='word_1_241' title='bbox 1325 722 1356 756; x_wconf 90' lang='lat' dir='ltr'>S.</span> <span class='ocrx_word' id='word_1_242' title='bbox 1382 722 1507 755; x_wconf 89' lang='lat' dir='ltr'>Ioannis</span> <span class='ocrx_word' id='word_1_243' title='bbox 1539 722 1834 766; x_wconf 62' lang='lat' dir='ltr'>Ilierosolymitani,</span> 
     </span>
    </p>

    <p class='ocr_par' dir='ltr' id='par_1_29' title="bbox 1177 774 1252 808">
     <span class='ocr_line' id='line_1_59' title="bbox 1177 774 1252 808; baseline 0.013 -1"><span class='ocrx_word' id='word_1_244' title='bbox 1177 774 1252 808; x_wconf 81' lang='grc'>885.</span> 
     </span>
    </p>

    <p class='ocr_par' dir='ltr' id='par_1_30' title="bbox 1178 827 1835 871">
     <span class='ocr_line' id='line_1_60' title="bbox 1178 827 1835 871; baseline 0.002 -11"><span class='ocrx_word' id='word_1_245' title='bbox 1178 827 1402 861; x_wconf 86' lang='lat' dir='ltr'>Conceduntur</span> <span class='ocrx_word' id='word_1_246' title='bbox 1431 827 1713 871; x_wconf 70' lang='lat' dir='ltr'>exprovincialium</span> <span class='ocrx_word' id='word_1_247' title='bbox 1738 828 1835 871; x_wconf 89' lang='lat' dir='ltr'>privi-</span> 
     </span>
    </p>

    <p class='ocr_par' dir='ltr' id='par_1_31' title="bbox 1177 881 1835 924">
     <span class='ocr_line' id='line_1_61' title="bbox 1177 881 1835 924; baseline 0.003 -11"><span class='ocrx_word' id='word_1_248' title='bbox 1177 881 1259 924; x_wconf 81' lang='lat' dir='ltr'>legia</span> <span class='ocrx_word' id='word_1_249' title='bbox 1280 881 1430 914; x_wconf 82' lang='lat' dir='ltr'>fratribus</span> <span class='ocrx_word' id='word_1_250' title='bbox 1443 881 1481 914; x_wconf 92' lang='lat' dir='ltr'>de</span> <span class='ocrx_word' id='word_1_251' title='bbox 1502 881 1707 914; x_wconf 79' lang='lat' dir='ltr'>Observantia</span> <span class='ocrx_word' id='word_1_252' title='bbox 1726 883 1835 915; x_wconf 81' lang='lat' dir='ltr'>Refor-</span> 
     </span>
    </p>

    <p class='ocr_par' dir='ltr' id='par_1_32' title="bbox 1178 934 1836 1031">
     <span class='ocr_line' id='line_1_62' title="bbox 1178 934 1836 977; baseline 0.003 -11"><span class='ocrx_word' id='word_1_253' title='bbox 1178 934 1270 966; x_wconf 88' lang='lat' dir='ltr'>matis</span> <span class='ocrx_word' id='word_1_254' title='bbox 1294 934 1545 977; x_wconf 86' lang='lat' dir='ltr'>poenitentiariis</span> <span class='ocrx_word' id='word_1_255' title='bbox 1570 935 1745 967; x_wconf 90' lang='lat' dir='ltr'>minoribus</span> <span class='ocrx_word' id='word_1_256' title='bbox 1769 946 1836 968; x_wconf 88' lang='lat' dir='ltr'>san-</span> 
     </span>
     <span class='ocr_line' id='line_1_63' title="bbox 1178 986 1834 1031; baseline 0.003 -12"><span class='ocrx_word' id='word_1_257' title='bbox 1178 986 1218 1019; x_wconf 88' lang='lat' dir='ltr'>cti</span> <span class='ocrx_word' id='word_1_258' title='bbox 1255 987 1379 1019; x_wconf 90' lang='lat' dir='ltr'>loannis</span> <span class='ocrx_word' id='word_1_259' title='bbox 1414 987 1444 1019; x_wconf 91' lang='lat' dir='ltr'>in</span> <span class='ocrx_word' id='word_1_260' title='bbox 1479 986 1632 1020; x_wconf 82' lang='lat' dir='ltr'>Laterano</span> <span class='ocrx_word' id='word_1_261' title='bbox 1663 988 1701 1020; x_wconf 91' lang='lat' dir='ltr'>de</span> <span class='ocrx_word' id='word_1_262' title='bbox 1734 988 1834 1031; x_wconf 83' lang='lat' dir='ltr'>Urbe,</span> 
     </span>
    </p>

    <p class='ocr_par' dir='ltr' id='par_1_33' title="bbox 1178 1039 1253 1073">
     <span class='ocr_line' id='line_1_64' title="bbox 1178 1039 1253 1073; baseline 0.013 -1"><span class='ocrx_word' id='word_1_263' title='bbox 1178 1039 1253 1073; x_wconf 86' lang='grc'>888.</span> 
     </span>
    </p>

    <p class='ocr_par' dir='ltr' id='par_1_34' title="bbox 1088 1092 1835 1136">
     <span class='ocr_line' id='line_1_65' title="bbox 1088 1092 1835 1136; baseline 0.003 -12"><span class='ocrx_word' id='word_1_264' title='bbox 1088 1092 1166 1124; x_wconf 88' lang='lat' dir='ltr'>XIII.</span> <span class='ocrx_word' id='word_1_265' title='bbox 1204 1092 1395 1126; x_wconf 86' lang='lat' dir='ltr'>Conceditur</span> <span class='ocrx_word' id='word_1_266' title='bbox 1435 1093 1556 1126; x_wconf 89' lang='lat' dir='ltr'>custodi</span> <span class='ocrx_word' id='word_1_267' title='bbox 1597 1099 1625 1126; x_wconf 89' lang='lat' dir='ltr'>et</span> <span class='ocrx_word' id='word_1_268' title='bbox 1660 1093 1835 1136; x_wconf 74' lang='lat' dir='ltr'>guardiano</span> 
     </span>
    </p>

    <p class='ocr_par' dir='ltr' id='par_1_35' title="bbox 1178 1145 1832 1188">
     <span class='ocr_line' id='line_1_66' title="bbox 1178 1145 1832 1188; baseline 0.003 -11"><span class='ocrx_word' id='word_1_269' title='bbox 1178 1146 1207 1177; x_wconf 88' lang='lat' dir='ltr'>S.</span> <span class='ocrx_word' id='word_1_270' title='bbox 1233 1145 1397 1188; x_wconf 82' lang='lat' dir='ltr'>Sepulchri</span> <span class='ocrx_word' id='word_1_271' title='bbox 1425 1146 1555 1178; x_wconf 79' lang='lat' dir='ltr'>facultas</span> <span class='ocrx_word' id='word_1_272' title='bbox 1580 1147 1761 1179; x_wconf 75' lang='lat' dir='ltr'>conserendi</span> <span class='ocrx_word' id='word_1_273' title='bbox 1779 1157 1832 1179; x_wconf 85' lang='lat' dir='ltr'>sa-</span> 
     </span>
    </p>

    <p class='ocr_par' dir='ltr' id='par_1_36' title="bbox 1178 1198 1770 1238">
     <span class='ocr_line' id='line_1_67' title="bbox 1178 1198 1770 1238; baseline 0.003 -7"><span class='ocrx_word' id='word_1_274' title='bbox 1178 1205 1373 1231; x_wconf 87' lang='lat' dir='ltr'>cramentum</span> <span class='ocrx_word' id='word_1_275' title='bbox 1401 1198 1668 1238; x_wconf 83' lang='lat' dir='ltr'>Contirinationis,</span> <span class='ocrx_word' id='word_1_276' title='bbox 1695 1199 1770 1233; x_wconf 84' lang='lat'>889.</span> 
     </span>
    </p>

    <p class='ocr_par' dir='ltr' id='par_1_37' title="bbox 1205 1251 1834 1286">
     <span class='ocr_line' id='line_1_68' title="bbox 1205 1251 1834 1286; baseline 0.002 -1"><span class='ocrx_word' id='word_1_277' title='bbox 1205 1251 1418 1285; x_wconf 79' lang='lat' dir='ltr'>Confirmatur</span> <span class='ocrx_word' id='word_1_278' title='bbox 1455 1253 1638 1285; x_wconf 85' lang='lat' dir='ltr'>constitutio</span> <span class='ocrx_word' id='word_1_279' title='bbox 1663 1253 1707 1286; x_wconf 83' lang='lat' dir='ltr'>Pii</span> <span class='ocrx_word' id='word_1_280' title='bbox 1741 1254 1763 1285; x_wconf 77' lang='lat' dir='ltr'>V</span> <span class='ocrx_word' id='word_1_281' title='bbox 1795 1253 1834 1286; x_wconf 87' lang='lat' dir='ltr'>de</span> 
     </span>
    </p>

    <p class='ocr_par' dir='ltr' id='par_1_38' title="bbox 1177 1305 1835 1348">
     <span class='ocr_line' id='line_1_69' title="bbox 1177 1305 1835 1348; baseline 0.003 -12"><span class='ocrx_word' id='word_1_282' title='bbox 1177 1305 1378 1348; x_wconf 83' lang='lat' dir='ltr'>exemptione</span> <span class='ocrx_word' id='word_1_283' title='bbox 1392 1305 1431 1337; x_wconf 91' lang='lat' dir='ltr'>ab</span> <span class='ocrx_word' id='word_1_284' title='bbox 1449 1306 1598 1338; x_wconf 83' lang='lat' dir='ltr'>oneribus</span> <span class='ocrx_word' id='word_1_285' title='bbox 1615 1306 1653 1338; x_wconf 87' lang='lat' dir='ltr'>ad</span> <span class='ocrx_word' id='word_1_286' title='bbox 1672 1307 1768 1338; x_wconf 89' lang='lat' dir='ltr'>instar</span> <span class='ocrx_word' id='word_1_287' title='bbox 1781 1306 1835 1338; x_wconf 91' lang='lat' dir='ltr'>mi—</span> 
     </span>
    </p>

    <p class='ocr_par' dir='ltr' id='par_1_39' title="bbox 1178 1358 1834 1402">
     <span class='ocr_line' id='line_1_70' title="bbox 1178 1358 1834 1402; baseline 0.003 -13"><span class='ocrx_word' id='word_1_288' title='bbox 1178 1358 1267 1390; x_wconf 89' lang='lat' dir='ltr'>litum</span> <span class='ocrx_word' id='word_1_289' title='bbox 1296 1358 1653 1402; x_wconf 63' lang='lat' dir='ltr'>Ilierosolymitanorum</span> <span class='ocrx_word' id='word_1_290' title='bbox 1679 1369 1736 1402; x_wconf 91' lang='lat' dir='ltr'>pro</span> <span class='ocrx_word' id='word_1_291' title='bbox 1756 1359 1834 1391; x_wconf 91' lang='lat' dir='ltr'>mili-</span> 
     </span>
    </p>

    <p class='ocr_par' dir='ltr' id='par_1_40' title="bbox 1178 1412 1597 1451">
     <span class='ocr_line' id='line_1_71' title="bbox 1178 1412 1597 1451; baseline 0.005 -8"><span class='ocrx_word' id='word_1_292' title='bbox 1178 1412 1261 1443; x_wconf 87' lang='lat' dir='ltr'>tibus</span> <span class='ocrx_word' id='word_1_293' title='bbox 1287 1412 1498 1451; x_wconf 85' lang='lat' dir='ltr'>Tlieutonicis‚</span> <span class='ocrx_word' id='word_1_294' title='bbox 1524 1412 1597 1446; x_wconf 79' lang='lat'>899.</span> 
     </span>
    </p>

    <p class='ocr_par' dir='ltr' id='par_1_41' title="bbox 1177 1464 1835 1508">
     <span class='ocr_line' id='line_1_72' title="bbox 1177 1464 1835 1508; baseline 0.002 -11"><span class='ocrx_word' id='word_1_295' title='bbox 1177 1464 1392 1497; x_wconf 86' lang='lat' dir='ltr'>Contirmatur</span> <span class='ocrx_word' id='word_1_296' title='bbox 1417 1465 1577 1497; x_wconf 84' lang='lat' dir='ltr'>decretum</span> <span class='ocrx_word' id='word_1_297' title='bbox 1596 1465 1766 1498; x_wconf 79' lang='lat' dir='ltr'>definitorii</span> <span class='ocrx_word' id='word_1_298' title='bbox 1786 1475 1835 1508; x_wconf 75' lang='lat' dir='ltr'>ge-</span> 
     </span>
    </p>

    <p class='ocr_par' dir='ltr' id='par_1_42' title="bbox 1177 1517 1834 1560">
     <span class='ocr_line' id='line_1_73' title="bbox 1177 1517 1834 1560; baseline 0.002 -11"><span class='ocrx_word' id='word_1_299' title='bbox 1177 1517 1293 1549; x_wconf 83' lang='lat' dir='ltr'>neralis</span> <span class='ocrx_word' id='word_1_300' title='bbox 1319 1518 1523 1550; x_wconf 87' lang='lat' dir='ltr'>eremitarum</span> <span class='ocrx_word' id='word_1_301' title='bbox 1551 1518 1581 1550; x_wconf 89' lang='lat' dir='ltr'>S.</span> <span class='ocrx_word' id='word_1_302' title='bbox 1609 1518 1774 1560; x_wconf 72' lang='lat' dir='ltr'>Augustini</span> <span class='ocrx_word' id='word_1_303' title='bbox 1796 1518 1834 1550; x_wconf 92' lang='lat' dir='ltr'>de</span> 
     </span>
    </p>

    <p class='ocr_par' dir='ltr' id='par_1_43' title="bbox 1177 1570 1834 1613">
     <span class='ocr_line' id='line_1_74' title="bbox 1177 1570 1834 1613; baseline 0.002 -11"><span class='ocrx_word' id='word_1_304' title='bbox 1177 1570 1362 1603; x_wconf 86' lang='lat' dir='ltr'>reductione</span> <span class='ocrx_word' id='word_1_305' title='bbox 1394 1571 1621 1613; x_wconf 81' lang='lat' dir='ltr'>magistrorum</span> <span class='ocrx_word' id='word_1_306' title='bbox 1651 1571 1834 1613; x_wconf 81' lang='lat' dir='ltr'>provinciae</span> 
     </span>
    </p>

    <p class='ocr_par' dir='ltr' id='par_1_44' title="bbox 1178 1622 1686 1662">
     <span class='ocr_line' id='line_1_75' title="bbox 1178 1622 1686 1662; baseline 0.002 -7"><span class='ocrx_word' id='word_1_307' title='bbox 1178 1622 1340 1662; x_wconf 74' lang='lat' dir='ltr'>Castellae,</span> <span class='ocrx_word' id='word_1_308' title='bbox 1366 1622 1441 1655; x_wconf 71' lang='lat'>892.</span> <span class='ocrx_word' id='word_1_309' title='bbox 1682 1645 1686 1648; x_wconf 60' lang='grc'><strong>»</strong></span> 
     </span>
    </p>

    <p class='ocr_par' dir='ltr' id='par_1_45' title="bbox 1089 1676 1833 1823">
     <span class='ocr_line' id='line_1_76' title="bbox 1089 1676 1833 1709; baseline 0.001 -1"><span class='ocrx_word' id='word_1_310' title='bbox 1089 1676 1164 1709; x_wconf 66' lang='grc' dir='ltr'>ΧΠ.</span> <span class='ocrx_word' id='word_1_311' title='bbox 1191 1676 1407 1709; x_wconf 85' lang='lat' dir='ltr'>Consirmatur</span> <span class='ocrx_word' id='word_1_312' title='bbox 1432 1677 1614 1709; x_wconf 86' lang='lat' dir='ltr'>constitutio</span> <span class='ocrx_word' id='word_1_313' title='bbox 1636 1676 1751 1709; x_wconf 76' lang='lat' dir='ltr'>Urbani</span> <span class='ocrx_word' id='word_1_314' title='bbox 1768 1676 1833 1709; x_wconf 69' lang='lat' dir='ltr'>wll</span> 
     </span>
     <span class='ocr_line' id='line_1_77' title="bbox 1177 1729 1831 1772; baseline 0.002 -11"><span class='ocrx_word' id='word_1_315' title='bbox 1177 1740 1239 1772; x_wconf 88' lang='lat' dir='ltr'>pro</span> <span class='ocrx_word' id='word_1_316' title='bbox 1263 1729 1503 1762; x_wconf 81' lang='lat' dir='ltr'>necessitatibus</span> <span class='ocrx_word' id='word_1_317' title='bbox 1527 1730 1670 1762; x_wconf 88' lang='lat' dir='ltr'>locorum</span> <span class='ocrx_word' id='word_1_318' title='bbox 1696 1730 1831 1762; x_wconf 87' lang='lat' dir='ltr'>Terrae-</span> 
     </span>
     <span class='ocr_line' id='line_1_78' title="bbox 1177 1782 1414 1823; baseline 0 -9"><span class='ocrx_word' id='word_1_319' title='bbox 1177 1788 1314 1823; x_wconf 84' lang='lat' dir='ltr'>sanctae,</span> <span class='ocrx_word' id='word_1_320' title='bbox 1341 1782 1414 1815; x_wconf 70' lang='lat'>894.</span> 
     </span>
    </p>

    <p class='ocr_par' dir='ltr' id='par_1_46' title="bbox 1087 1835 1834 1982">
     <span class='ocr_line' id='line_1_79' title="bbox 1087 1835 1834 1879; baseline 0 -11"><span class='ocrx_word' id='word_1_321' title='bbox 1087 1835 1174 1868; x_wconf 66' lang='lat' dir='ltr'>XVII.</span> <span class='ocrx_word' id='word_1_322' title='bbox 1199 1836 1413 1869; x_wconf 81' lang='lat' dir='ltr'>Confirmatur</span> <span class='ocrx_word' id='word_1_323' title='bbox 1437 1836 1608 1879; x_wconf 78' lang='lat' dir='ltr'>assignatio</span> <span class='ocrx_word' id='word_1_324' title='bbox 1634 1836 1694 1869; x_wconf 91' lang='lat' dir='ltr'>loci</span> <span class='ocrx_word' id='word_1_325' title='bbox 1720 1846 1736 1868; x_wconf 89' lang='lat' dir='ltr'>a</span> <span class='ocrx_word' id='word_1_326' title='bbox 1766 1835 1834 1868; x_wconf 87' lang='lat' dir='ltr'>Cle-</span> 
     </span>
     <span class='ocr_line' id='line_1_80' title="bbox 1177 1889 1834 1922; baseline 0.002 -2"><span class='ocrx_word' id='word_1_327' title='bbox 1177 1895 1281 1922; x_wconf 82' lang='lat' dir='ltr'>mente</span> <span class='ocrx_word' id='word_1_328' title='bbox 1306 1890 1344 1922; x_wconf 75' lang='lat' dir='ltr'>xt</span> <span class='ocrx_word' id='word_1_329' title='bbox 1370 1890 1451 1922; x_wconf 84' lang='lat' dir='ltr'>sacta</span> <span class='ocrx_word' id='word_1_330' title='bbox 1476 1890 1506 1922; x_wconf 91' lang='lat' dir='ltr'>in</span> <span class='ocrx_word' id='word_1_331' title='bbox 1531 1890 1610 1922; x_wconf 79' lang='lat' dir='ltr'>Rota</span> <span class='ocrx_word' id='word_1_332' title='bbox 1632 1889 1834 1922; x_wconf 84' lang='lat' dir='ltr'>Maceratensi</span> 
     </span>
     <span class='ocr_line' id='line_1_81' title="bbox 1175 1942 1831 1982; baseline 0.002 -8"><span class='ocrx_word' id='word_1_333' title='bbox 1175 1942 1229 1974; x_wconf 92' lang='lat' dir='ltr'>uni</span> <span class='ocrx_word' id='word_1_334' title='bbox 1255 1952 1291 1975; x_wconf 80' lang='lat' dir='ltr'>ex</span> <span class='ocrx_word' id='word_1_335' title='bbox 1319 1943 1439 1975; x_wconf 82' lang='lat' dir='ltr'>civibus</span> <span class='ocrx_word' id='word_1_336' title='bbox 1461 1943 1595 1975; x_wconf 71' lang='lat' dir='ltr'>civitatis</span> <span class='ocrx_word' id='word_1_337' title='bbox 1612 1943 1735 1982; x_wconf 86' lang='lat' dir='ltr'>Urbini,</span> <span class='ocrx_word' id='word_1_338' title='bbox 1757 1942 1831 1975; x_wconf 74' lang='lat'>894.</span> 
     </span>
    </p>

    <p class='ocr_par' dir='ltr' id='par_1_47' title="bbox 1087 1994 1835 2198">
     <span class='ocr_line' id='line_1_82' title="bbox 1087 1994 1835 2038; baseline 0 -11"><span class='ocrx_word' id='word_1_339' title='bbox 1087 1994 1190 2027; x_wconf 74' lang='lat' dir='ltr'>Xt&#39;llt.</span> <span class='ocrx_word' id='word_1_340' title='bbox 1216 1994 1372 2028; x_wconf 86' lang='lat' dir='ltr'>Creantur</span> <span class='ocrx_word' id='word_1_341' title='bbox 1397 1995 1627 2038; x_wconf 78' lang='lat' dir='ltr'>quinquaginta</span> <span class='ocrx_word' id='word_1_342' title='bbox 1659 1995 1749 2038; x_wconf 85' lang='lat' dir='ltr'>pueri</span> <span class='ocrx_word' id='word_1_343' title='bbox 1781 1995 1835 2027; x_wconf 85' lang='lat' dir='ltr'>ho-</span> 
     </span>
     <span class='ocr_line' id='line_1_83' title="bbox 1174 2048 1834 2091; baseline 0.002 -12"><span class='ocrx_word' id='word_1_344' title='bbox 1174 2048 1292 2080; x_wconf 89' lang='lat' dir='ltr'>norarii</span> <span class='ocrx_word' id='word_1_345' title='bbox 1319 2049 1484 2081; x_wconf 84' lang='lat' dir='ltr'>occasione</span> <span class='ocrx_word' id='word_1_346' title='bbox 1501 2049 1652 2081; x_wconf 85' lang='lat' dir='ltr'>solemnis</span> <span class='ocrx_word' id='word_1_347' title='bbox 1677 2048 1834 2091; x_wconf 84' lang='lat' dir='ltr'>equitatus</span> 
     </span>
     <span class='ocr_line' id='line_1_84' title="bbox 1170 2101 1834 2145; baseline 0 -12"><span class='ocrx_word' id='word_1_348' title='bbox 1170 2101 1201 2133; x_wconf 91' lang='lat' dir='ltr'>in</span> <span class='ocrx_word' id='word_1_349' title='bbox 1227 2101 1358 2133; x_wconf 89' lang='lat' dir='ltr'>comites</span> <span class='ocrx_word' id='word_1_350' title='bbox 1388 2102 1543 2145; x_wconf 84' lang='lat' dir='ltr'>palatinos</span> <span class='ocrx_word' id='word_1_351' title='bbox 1569 2107 1598 2134; x_wconf 87' lang='lat' dir='ltr'>et</span> <span class='ocrx_word' id='word_1_352' title='bbox 1623 2107 1751 2134; x_wconf 89' lang='lat' dir='ltr'>auratae</span> <span class='ocrx_word' id='word_1_353' title='bbox 1778 2101 1834 2133; x_wconf 89' lang='lat' dir='ltr'>mi-</span> 
     </span>
     <span class='ocr_line' id='line_1_85' title="bbox 1174 2154 1519 2198; baseline 0.006 -12"><span class='ocrx_word' id='word_1_354' title='bbox 1174 2154 1259 2186; x_wconf 88' lang='lat' dir='ltr'>litiae</span> <span class='ocrx_word' id='word_1_355' title='bbox 1286 2155 1417 2198; x_wconf 87' lang='lat' dir='ltr'>equites,</span> <span class='ocrx_word' id='word_1_356' title='bbox 1444 2154 1519 2188; x_wconf 84' lang='lat'>897.</span> 
     </span>
    </p>

    <p class='ocr_par' dir='ltr' id='par_1_48' title="bbox 1085 2207 1831 2241">
     <span class='ocr_line' id='line_1_86' title="bbox 1085 2207 1831 2241; baseline -0.001 -1"><span class='ocrx_word' id='word_1_357' title='bbox 1085 2207 1163 2240; x_wconf 74' lang='lat' dir='ltr'>XIX.</span> <span class='ocrx_word' id='word_1_358' title='bbox 1191 2208 1345 2241; x_wconf 89' lang='lat' dir='ltr'>Statuitur</span> <span class='ocrx_word' id='word_1_359' title='bbox 1380 2214 1413 2240; x_wconf 92' lang='lat' dir='ltr'>ut</span> <span class='ocrx_word' id='word_1_360' title='bbox 1445 2209 1557 2240; x_wconf 80' lang='lat' dir='ltr'>festum</span> <span class='ocrx_word' id='word_1_361' title='bbox 1587 2208 1615 2240; x_wconf 92' lang='lat' dir='ltr'>S.</span> <span class='ocrx_word' id='word_1_362' title='bbox 1641 2208 1767 2240; x_wconf 83' lang='lat' dir='ltr'>Antonii</span> <span class='ocrx_word' id='word_1_363' title='bbox 1792 2207 1831 2239; x_wconf 87' lang='lat' dir='ltr'>de</span> 
     </span>
    </p>

    <p class='ocr_par' dir='ltr' id='par_1_49' title="bbox 1174 2260 1831 2304">
     <span class='ocr_line' id='line_1_87' title="bbox 1174 2260 1831 2304; baseline -0.002 -12"><span class='ocrx_word' id='word_1_364' title='bbox 1174 2260 1278 2292; x_wconf 83' lang='lat' dir='ltr'>Padua</span> <span class='ocrx_word' id='word_1_365' title='bbox 1305 2261 1343 2292; x_wconf 87' lang='lat' dir='ltr'>sit</span> <span class='ocrx_word' id='word_1_366' title='bbox 1365 2260 1402 2292; x_wconf 88' lang='lat' dir='ltr'>de</span> <span class='ocrx_word' id='word_1_367' title='bbox 1428 2267 1600 2304; x_wconf 82' lang='lat' dir='ltr'>praecepto</span> <span class='ocrx_word' id='word_1_368' title='bbox 1619 2261 1649 2292; x_wconf 88' lang='lat' dir='ltr'>in</span> <span class='ocrx_word' id='word_1_369' title='bbox 1670 2260 1831 2303; x_wconf 85' lang='lat' dir='ltr'>IIispania-</span> 
     </span>
    </p>

    <p class='ocr_par' dir='ltr' id='par_1_50' title="bbox 1173 2312 1740 2356">
     <span class='ocr_line' id='line_1_88' title="bbox 1173 2312 1740 2356; baseline 0 -11"><span class='ocrx_word' id='word_1_370' title='bbox 1173 2324 1244 2345; x_wconf 89' lang='lat' dir='ltr'>rum</span> <span class='ocrx_word' id='word_1_371' title='bbox 1271 2319 1301 2345; x_wconf 82' lang='lat' dir='ltr'>et</span> <span class='ocrx_word' id='word_1_372' title='bbox 1325 2314 1488 2346; x_wconf 75' lang='lat' dir='ltr'>Ainericac</span> <span class='ocrx_word' id='word_1_373' title='bbox 1513 2314 1637 2356; x_wconf 72' lang='lat' dir='ltr'>regnis,</span> <span class='ocrx_word' id='word_1_374' title='bbox 1666 2312 1740 2345; x_wconf 79' lang='lat'>898.</span> 
     </span>
    </p>

    <p class='ocr_par' dir='ltr' id='par_1_51' title="bbox 1177 2365 1829 2399">
     <span class='ocr_line' id='line_1_89' title="bbox 1177 2365 1829 2399; baseline 0.002 -2"><span class='ocrx_word' id='word_1_375' title='bbox 1177 2365 1363 2398; x_wconf 82' lang='lat' dir='ltr'>Declaratur</span> <span class='ocrx_word' id='word_1_376' title='bbox 1387 2367 1508 2399; x_wconf 90' lang='lat' dir='ltr'>nullum</span> <span class='ocrx_word' id='word_1_377' title='bbox 1536 2367 1672 2399; x_wconf 86' lang='lat' dir='ltr'>edictum</span> <span class='ocrx_word' id='word_1_378' title='bbox 1704 2371 1829 2398; x_wconf 80' lang='lat' dir='ltr'>senatus</span> 
     </span>
    </p>

    <p class='ocr_par' dir='ltr' id='par_1_52' title="bbox 1173 2419 1829 2461">
     <span class='ocr_line' id='line_1_90' title="bbox 1173 2419 1829 2461; baseline 0 -11"><span class='ocrx_word' id='word_1_379' title='bbox 1173 2429 1209 2451; x_wconf 89' lang='lat' dir='ltr'>ac</span> <span class='ocrx_word' id='word_1_380' title='bbox 1234 2419 1437 2461; x_wconf 69' lang='lat' dir='ltr'>magistratus</span> <span class='ocrx_word' id='word_1_381' title='bbox 1461 2419 1621 2452; x_wconf 88' lang='lat' dir='ltr'>Lucernae</span> <span class='ocrx_word' id='word_1_382' title='bbox 1647 2428 1741 2461; x_wconf 86' lang='lat' dir='ltr'>super</span> <span class='ocrx_word' id='word_1_383' title='bbox 1766 2429 1829 2450; x_wconf 90' lang='lat' dir='ltr'>mo-</span> 
     </span>
    </p>

    <p class='ocr_par' dir='ltr' id='par_1_53' title="bbox 1173 2471 1831 2510">
     <span class='ocr_line' id='line_1_91' title="bbox 1173 2471 1831 2510; baseline -0.002 -7"><span class='ocrx_word' id='word_1_384' title='bbox 1173 2471 1335 2504; x_wconf 86' lang='lat' dir='ltr'>deratione</span> <span class='ocrx_word' id='word_1_385' title='bbox 1360 2472 1574 2504; x_wconf 84' lang='lat' dir='ltr'>subsidiorum</span> <span class='ocrx_word' id='word_1_386' title='bbox 1600 2471 1771 2510; x_wconf 83' lang='lat' dir='ltr'>dotalium,</span> <span class='ocrx_word' id='word_1_387' title='bbox 1796 2471 1831 2502; x_wconf 91' lang='lat' dir='ltr'>li-</span> 
     </span>
    </p>

    <p class='ocr_par' dir='ltr' id='par_1_54' title="bbox 1174 2524 1825 2567">
     <span class='ocr_line' id='line_1_92' title="bbox 1174 2524 1825 2567; baseline -0.003 -11"><span class='ocrx_word' id='word_1_388' title='bbox 1174 2524 1348 2564; x_wconf 70' lang='lat' dir='ltr'>vellorum,</span> <span class='ocrx_word' id='word_1_389' title='bbox 1385 2525 1581 2567; x_wconf 84' lang='lat' dir='ltr'>aliarumque</span> <span class='ocrx_word' id='word_1_390' title='bbox 1617 2533 1825 2566; x_wconf 81' lang='lat' dir='ltr'>expensarum</span> 
     </span>
    </p>

    <p class='ocr_par' dir='ltr' id='par_1_55' title="bbox 1174 2575 1826 2617">
     <span class='ocr_line' id='line_1_93' title="bbox 1174 2575 1826 2617; baseline 0 -9"><span class='ocrx_word' id='word_1_391' title='bbox 1174 2577 1382 2617; x_wconf 87' lang='lat' dir='ltr'>monialium,</span> <span class='ocrx_word' id='word_1_392' title='bbox 1409 2587 1480 2609; x_wconf 83' lang='lat' dir='ltr'>cum</span> <span class='ocrx_word' id='word_1_393' title='bbox 1513 2576 1673 2609; x_wconf 87' lang='lat' dir='ltr'>nonnullis</span> <span class='ocrx_word' id='word_1_394' title='bbox 1699 2575 1826 2608; x_wconf 82' lang='lat' dir='ltr'>ordina-</span> 
     </span>
    </p>

    <p class='ocr_par' dir='ltr' id='par_1_56' title="bbox 1172 2629 1419 2671">
     <span class='ocr_line' id='line_1_94' title="bbox 1172 2629 1419 2671; baseline 0 -10"><span class='ocrx_word' id='word_1_395' title='bbox 1172 2630 1319 2671; x_wconf 87' lang='lat' dir='ltr'>tionibus,</span> <span class='ocrx_word' id='word_1_396' title='bbox 1346 2629 1419 2662; x_wconf 81' lang='lat'>899.</span> 
     </span>
    </p>
   </div>
   <div class='ocr_carea' id='block_1_11' title="bbox 1089 827 1151 860">
    <p class='ocr_par' dir='ltr' id='par_1_57' title="bbox 1089 827 1151 860">
     <span class='ocr_line' id='line_1_95' title="bbox 1089 827 1151 860; baseline 0 0"><span class='ocrx_word' id='word_1_397' title='bbox 1089 827 1151 860; x_wconf 88' lang='lat' dir='ltr'>XII.</span> 
     </span>
    </p>
   </div>
   <div class='ocr_carea' id='block_1_12' title="bbox 1084 2366 1149 2398">
    <p class='ocr_par' dir='ltr' id='par_1_58' title="bbox 1084 2366 1149 2398">
     <span class='ocr_line' id='line_1_96' title="bbox 1084 2366 1149 2398; baseline 0 0"><span class='ocrx_word' id='word_1_398' title='bbox 1084 2366 1149 2398; x_wconf 78' lang='lat' dir='ltr'>XX.</span> 
     </span>
    </p>
   </div>
  </div>
 </body>
</html>
