2269 3203
225 258 278 285 An.
293 258 321 283 ci
346 256 412 284 1720
459 243 523 282 SM

290 637 406 658 Protin-uio

221 665 337 690 praetutia.

419 307 593 339 illustrium
630 308 793 349 virorum,
833 309 886 352 qui
924 309 955 341 in
992 310 1159 352 praedicta

419 360 547 393 civitate
568 362 654 394 omni
682 362 851 395 doctrinae
875 372 995 405 genere
1020 363 1159 396 antehac

419 413 534 446 eximie
562 414 762 454 floruerunt,
790 426 827 448 ac
859 415 1030 458 permultis
1055 415 1086 447 in
1113 417 1160 448 lu-

418 477 486 500 cem
513 468 606 501 editis
631 468 787 511 operibus
804 469 979 511 plurimum
1007 468 1035 501 ei
1062 469 1158 502 decus

418 532 454 554 ac
479 527 705 555 ornamentum
724 523 913 564 attulerunt,
932 523 1159 556 vehementius

419 573 615 608 excitentur:

462 628 476 669 ξ
501 628 531 660 Q,
559 628 650 660 Nunc
668 639 744 662 vero
771 630 1024 671 conservationi,
1050 641 1159 664 manu-

417 681 553 714 tentioni
569 686 599 713 et
617 681 818 715 incremento
834 683 937 716 dictae
954 683 1158 725 biliothecae,

418 740 572 777 quantum
600 745 670 768 cum
696 735 833 770 Domino
859 747 1044 780 possumus,
1071 738 1159 770 beni-

416 797 478 830 gne
504 789 675 821 consulere
699 789 871 831 volentes;
899 790 1042 832 idcirco,
1068 796 1158 824 motu

415 841 560 883 proprio,
583 851 618 874 ae
645 853 680 874 ex
708 845 795 875 certa
821 843 956 876 seientia
981 848 1012 876 et
1032 847 1158 878 matura

416 893 651 928 deliberatione
673 896 802 937 nostris,
822 897 927 940 deque
953 898 1156 941 apostolicae

414 948 586 989 potestatis
611 949 825 992 plenitudine,
845 961 884 984 ne
903 950 1088 994 quisquam,
1107 964 1157 986 cu-

414 998 512 1032 iusvis
538 1001 669 1043 gradus,
698 1006 810 1042 status,
836 1003 973 1044 ordinis,
992 1005 1155 1047 praeemi-

413 1053 542 1086 nentiae
554 1054 1157 1100 veldignitatisexistat,autquocum-

413 1114 475 1147 que
501 1105 617 1145 officio,
636 1107 828 1140 auctoritate
847 1109 896 1141 vel
923 1109 1154 1152 superioritate

412 1157 576 1201 fungatur,
605 1159 720 1201 libros,
745 1161 883 1201 codices,
902 1162 1084 1205 quintema,
1112 1163 1155 1196 so-

412 1212 470 1252 lia,
513 1213 658 1254 chartas,
700 1215 878 1258 scripturas
920 1221 952 1248 et
989 1216 1154 1249 volumina

412 1275 648 1310 quaecumque,
676 1272 738 1300 tam
765 1268 847 1311 typis
873 1268 1031 1312 impressa
1060 1280 1154 1313 quam

412 1319 642 1363 manuscripta,
669 1320 827 1354 hactenus
853 1332 870 1353 a
890 1322 983 1354 nobis
1000 1324 1050 1356 vel
1068 1322 1152 1364 aliis,

411 1376 445 1404 ut
469 1373 664 1416 praefertur,
691 1374 809 1407 donata
834 1380 865 1407 et
896 1374 1070 1418 assignata,
1097 1387 1153 1409 seu

411 1426 442 1459 in
468 1433 634 1470 posterum
658 1438 717 1471 per
741 1439 799 1461 nos
827 1434 857 1462 et
882 1429 963 1462 alios
989 1430 1154 1473 quoslibet

412 1481 685 1525 quandocumque
711 1482 863 1519 donanda
887 1487 919 1515 et
944 1483 1151 1526 assignanda,

412 1543 448 1566 ex
468 1534 538 1577 ipsa
555 1534 768 1575 bibliotheca,
783 1534 843 1567 sub
868 1536 981 1579 quovis
1007 1537 1153 1581 quaesito

411 1587 534 1627 colore,
560 1593 739 1631 praetextu,
765 1588 870 1631 capite
896 1589 945 1622 vel
971 1590 1154 1632 occasione,

412 1640 582 1674 extrahere
601 1642 651 1673 vel
670 1648 845 1684 asportare,
860 1652 917 1675 seu
935 1647 970 1675 ut
987 1643 1154 1677 extrahan-

413 1699 464 1725 tur
488 1695 538 1727 vel
564 1699 774 1737 asportemus
800 1696 989 1738 permittere
1008 1702 1062 1729 aut
1078 1707 1154 1730 con-

411 1748 532 1780 sentire
555 1749 670 1781 audeat
691 1749 805 1791 quovis
831 1750 929 1782 modo
948 1760 1002 1783 seu
1021 1761 1154 1793 praesu—

411 1807 489 1842 mat,
517 1802 575 1834 sub
602 1802 949 1835 excommunicationis
976 1805 1058 1837 latae
1082 1814 1154 1837 sen-

413 1855 544 1896 tentiae,
570 1866 586 1887 a
612 1866 673 1898 qua
706 1855 837 1888 nonnisi
868 1866 885 1888 a
916 1856 1012 1889 nobis
1038 1862 1068 1890 et
1094 1867 1153 1900 pro

410 1913 559 1951 tempore
603 1909 760 1942 existente
805 1909 951 1943 Romano
999 1910 1152 1944 Pontifice

410 1961 625 1994 absolutionis
643 1961 850 2005 beneficium,
869 1967 1098 2007 praeterquam
1121 1963 1152 1996 in

410 2016 525 2048 mortis
561 2015 696 2048 articulo
731 2016 951 2058 constitutus,
977 2016 1151 2060 impetrare

410 2069 527 2112 possit,
549 2074 589 2109 et,
606 2069 719 2122 quoadx
733 2070 908 2111 regulares,
928 2070 1025 2102 etiam
1046 2070 1153 2113 priva-

413 2122 508 2154 tionis
534 2122 618 2155 rocis
644 2122 763 2155 activae
791 2128 821 2155 et
845 2123 1000 2166 passivae,
1019 2134 1057 2156 eo
1082 2123 1152 2167 ipso

410 2176 533 2219 absque
559 2176 621 2209 alia
647 2176 868 2209 declaratione
903 2187 963 2220 per
994 2178 1153 2210 contrafa-

409 2228 532 2262 cientes
557 2229 767 2262 incurrendis
801 2230 926 2273 poenis,
959 2231 1151 2264 auctoritate

410 2283 599 2325 apostoliea,
612 2289 724 2317 tenore
741 2285 974 2327 praesentium,
994 2290 1152 2329 perpetuo

1008 259 1187 284 BULLARIUM
1211 258 1365 284 ROMANUM

1203 319 1286 348 nem,
1314 320 1330 342 a
1349 309 1500 343 Romanis
1520 309 1728 343 Pontificibus
1753 309 1946 354 praedeces-

1204 362 1331 395 soribus
1356 363 1474 396 nostris
1491 390 1498 403 ,
1523 374 1558 396 ac
1588 363 1682 397 etiam
1708 363 1740 396 in
1778 363 1944 407 quibusvis

1204 413 1351 446 conciliis
1386 414 1614 456 generalibus,
1647 425 1774 448 necnon
1805 415 1902 447 etiam
1927 425 1944 447 a

1203 467 1297 499 nobis
1323 472 1354 499 et
1377 467 1459 500 Sede
1484 467 1671 510 Apostolica
1697 467 1945 511 quomodolibet

1203 521 1361 564 prohibiti
1399 526 1429 554 et
1465 521 1619 561 damnati,
1647 532 1682 554 ac
1708 532 1724 554 a
1749 521 1843 555 nobis
1873 532 1944 555 suc-

1204 574 1455 617 cessoribusque
1487 575 1608 607 nostris
1633 575 1788 608 Romanis
1813 575 1944 608 Pontifi-

1203 627 1263 660 bus
1289 634 1320 660 et
1352 627 1434 660 dieta
1469 628 1550 662 Sede
1586 628 1617 660 in
1658 628 1799 661 futurum
1835 628 1942 662 forsan

1203 680 1400 724 prohibendi
1421 686 1453 714 et
1470 681 1644 714 damnandi
1665 681 1750 722 libri,
1768 682 1945 715 manuscri-

1202 739 1257 777 pta
1282 738 1312 766 et
1338 744 1446 777 opera,
1478 739 1542 766 tam
1579 734 1738 767 hactenus
1775 735 1807 767 in
1838 736 1943 768 lucem

1203 787 1298 827 edita,
1325 797 1420 831 quam
1456 787 1487 820 in
1524 793 1695 831 posterum
1732 788 1860 821 edenda
1885 799 1943 821 seu

1202 840 1375 873 scribenda
1401 851 1636 884 quaecumque,
1654 841 1782 874 etiamsi
1809 851 1844 874 ex
1870 851 1943 884 pro-

1201 892 1285 926 sesso
1307 899 1339 926 et
1363 894 1394 926 in
1421 894 1525 937 capite
1557 894 1595 927 de
1627 894 1788 938 religione
1822 899 1855 927 et
1879 894 1941 927 side

1201 946 1374 988 catholica,
1390 957 1446 980 seu
1462 953 1575 980 eontra
1590 947 1783 990 religionem
1800 953 1832 981 et
1844 947 1942 981 fidem

1201 1000 1331 1033 easdem
1370 1005 1536 1042 tractent,
1560 1000 1593 1033 in
1629 1001 1701 1045 ipsa
1739 1001 1942 1034 bibliotheca

1200 1054 1357 1087 hactenus
1394 1054 1540 1101 collocati
1567 1061 1598 1088 et
1633 1055 1813 1095 collocata,
1841 1065 1877 1087 ac
1907 1054 1940 1087 in

1200 1112 1365 1150 posterum
1392 1108 1662 1152 quandocumque
1694 1108 1876 1141 collocandi
1910 1113 1942 1140 et

1200 1161 1399 1201 collocanda,
1419 1161 1562 1201 retineri,
1585 1162 1701 1195 haberi
1728 1167 1757 1194 et
1782 1161 1940 1195 asservari

1198 1214 1286 1247 licite
1312 1220 1344 1247 et
1367 1215 1521 1258 impune,
1546 1226 1582 1248 ac
1617 1216 1738 1259 absque
1772 1216 1839 1249 ullo
1864 1226 1941 1249 con-

1199 1268 1352 1301 scientiae
1370 1270 1525 1312 serupulo
1542 1275 1573 1302 et
1593 1279 1870 1313 quarumcumque
1890 1280 1941 1303 ec-

1199 1321 1456 1355 clesiasticarum
1490 1323 1725 1356 sententiarum
1756 1328 1788 1356 et
1820 1333 1940 1356 censu-

1198 1385 1307 1407 rarum
1333 1377 1382 1408 vel
1408 1376 1541 1408 aliarum
1567 1386 1757 1419 poenarum,
1775 1376 1870 1409 etiarn
1897 1376 1941 1409 ir·

1198 1429 1439 1470 regularitatis‚
1461 1428 1613 1462 infamiae
1638 1434 1692 1461 aut
1723 1429 1940 1462 inhabilitatis

1197 1481 1339 1523 incursu,
1357 1481 1486 1525 possint
1503 1486 1532 1514 et
1556 1483 1692 1522 valeant,
1711 1481 1754 1515 ita
1776 1487 1880 1514 tamen
1906 1487 1940 1514 ut

1196 1534 1282 1574 libri,
1317 1535 1437 1578 scripta
1463 1540 1494 1568 et
1519 1546 1618 1578 opera
1642 1535 1788 1578 praelata
1819 1535 1938 1575 omnia,

1197 1599 1233 1621 ac
1253 1588 1310 1622 illa
1330 1589 1524 1632 praesertim
1551 1599 1634 1632 quae
1656 1589 1696 1621 de
1721 1588 1880 1631 religione
1908 1593 1939 1620 et

1197 1642 1271 1683 fide,
1298 1643 1349 1675 vel
1375 1647 1489 1675 contra
1514 1642 1709 1684 religionem
1727 1647 1759 1675 et
1774 1641 1871 1675 fidem
1890 1652 1941 1674 or-

1199 1695 1373 1729 thodoxam
1409 1701 1550 1728 tractant
1580 1706 1638 1728 seu
1676 1695 1870 1736 tractabunt,
1907 1695 1939 1728 in

1197 1749 1306 1792 aliquo
1343 1754 1493 1792 separato
1532 1749 1677 1781 eiusdem
1718 1748 1939 1782 bibliothecae

1197 1803 1269 1835 loeo
1295 1803 1395 1835 clausi
1417 1809 1448 1835 et
1473 1803 1582 1836 clausa
1607 1813 1644 1835 ac
1665 1808 1791 1835 secreto
1819 1808 1850 1835 et
1867 1802 1937 1836 sine

1197 1855 1388 1899 cuiusquam
1424 1856 1577 1889 scandalo
1611 1857 1659 1889 vel
1696 1856 1843 1899 periculo
1881 1856 1939 1889 sub

1197 1910 1275 1942 clavi
1301 1909 1514 1950 retineantur,
1533 1919 1591 1942 nec
1612 1920 1628 1941 a
1647 1919 1812 1953 quoquam
1836 1907 1939 1952 accipi

1196 1963 1323 2006 possint
1347 1962 1408 1995 nisi
1441 1963 1479 1995 de
1513 1962 1661 1995 manibus
1691 1961 1939 1996 bibliothecarii

1196 2017 1245 2049 vel
1271 2016 1442 2049 custodum
1468 2026 1554 2048 nunc
1574 2021 1606 2048 et
1625 2026 1686 2059 pro
1705 2021 1849 2059 tempore
1875 2016 1940 2049 exi-

1196 2069 1368 2110 stentium,
1396 2069 1450 2113 qui
1483 2069 1557 2102 illos
1594 2079 1651 2102 scu
1689 2068 1743 2102 illa
1778 2069 1937 2112 legendos

1196 2133 1253 2155 seu
1279 2123 1419 2166 legenda
1455 2123 1576 2156 nemini
1613 2122 1772 2165 praebere
1797 2122 1939 2156 audeant

1197 2177 1310 2221 quovis
1335 2177 1433 2210 modo
1451 2187 1507 2210 seu
1526 2181 1747 2219 praesumant,
1765 2175 1827 2208 nisi
1846 2174 1936 2218 prius

1196 2230 1257 2263 sibi
1284 2230 1477 2270 constiterit,
1510 2229 1597 2272 quod
1622 2227 1696 2261 illos
1721 2238 1776 2261 seu
1801 2227 1857 2260 illa
1881 2238 1939 2271 pe-

1197 2289 1302 2317 tentes
1318 2288 1536 2327 opportunam
1551 2292 1650 2325 super
1667 2292 1782 2315 eorum
1796 2280 1937 2314 lectione

1196 2348 1213 2369 a
1237 2337 1319 2370 Sede
1357 2337 1501 2380 praelata
1525 2334 1687 2369 licentiam
1715 2334 1775 2367 sibi
1802 2334 1937 2368 concedi

1952 262 2000 289 An.
2017 261 2046 290 C.
2070 263 2138 291 ¹720

409 2336 623 2380 prohibemus
650 2343 681 2369 et
705 2337 941 2371 interdicimus.

212 2395 399 2442 mifssil'il'i‘ffrnsss'ill]
455 2390 469 2432 g
493 2389 523 2422 3
542 2389 725 2430 Praeterea,
747 2396 781 2422 ut
798 2391 829 2423 in
847 2391 1048 2424 bibliotheca
1065 2402 1153 2434 prae-

212 2452 293 2469 mnam<
316 2450 344 2469 ³¹³
368 2442 471 2475 ta-sata
498 2443 688 2486 quorumvis
720 2444 816 2476 etiam
851 2444 1090 2477 haereticorum
1121 2449 1152 2476 et

213 2481 259 2494 nien
275 2477 297 2495 ut
320 2481 398 2500 princi-

213 2502 399 2549 iqffggfgjfflflllss·
410 2495 715 2528 haeresiarcharum
740 2496 944 2539 aliorumque
962 2497 1153 2539 reprobato-

409 2560 481 2581 rum
506 2555 695 2590 auctorum,
722 2550 952 2593 cuiuscumque
986 2556 1095 2583 sectae
1121 2554 1152 2583 et

409 2602 530 2643 classis,
556 2604 651 2635 etiam
673 2602 808 2646 primae,
826 2608 858 2636 et
883 2614 919 2635 ex
946 2613 1149 2646 quacumque

409 2658 514 2695 causa,
536 2656 631 2690 etiam
657 2657 697 2689 ob
722 2655 792 2689 falsi
815 2656 975 2699 dogmatis
996 2656 1149 2701 suspicio-

1196 2390 1408 2430 obtinuerint,
1434 2396 1535 2429 motu,
1552 2388 1686 2422 scientia
1712 2394 1743 2421 et
1767 2389 1938 2432 potestatis

1196 2442 1402 2485 plenitudine
1427 2442 1568 2486 paribus,
1595 2442 1711 2475 harum
1738 2442 1835 2483 serie,
1862 2452 1938 2476 con-

1196 2495 1339 2529 cedimus
1365 2499 1397 2528 et
1421 2496 1641 2538 indulgemus.

1239 2549 1254 2592 ἓ
1278 2549 1310 2581 4.
1338 2549 1556 2582 Decernentes
1586 2549 1713 2582 easdem
1744 2555 1936 2593 praesentes
1974 2554 2097 2579 clausulae.

1195 2603 1320 2637 litteras
1344 2602 1460 2643 sirmas,
1479 2607 1540 2636 etc.
1556 2602 1583 2643 ¹,
1611 2602 1724 2645 sieque
1742 2607 1774 2635 et
1795 2612 1860 2635 non
1878 2602 1934 2635 ali-

1233 2667 1242 2692 1
1266 2665 1298 2692 Ut
1318 2672 1400 2700 supra
1419 2672 1480 2701 pag.
1502 2664 1553 2691 703
1572 2674 1589 2691 a
1609 2664 1648 2699 (a.
1670 2664 1720 2699 T.)-
