2269 3203
71 245 125 274 An,
140 243 169 273 C.
190 246 257 273 ¹704

121 1963 228 1985 clausula.

898 248 1039 271 CLEMENS
1065 248 1095 271 >21
1120 248 1167 271 FP.

265 300 462 336 nostrorum,
489 296 543 340 qui
569 296 711 329 eiusdem
738 295 841 329 sancti
867 296 1009 329 doctoris

265 351 465 392 praecelsam
491 350 671 383 doctrinam
691 361 810 394 magno
829 361 960 394 semper
977 350 1009 382 iu

267 404 372 445 pretio
392 404 588 443 habuerunt,
609 409 741 447 totoque
760 403 878 437 mentis
896 403 1009 436 atl'ectu

267 457 406 499 amplexi
441 457 592 497 suerunt,
620 457 840 490 laudabilibus
867 456 1010 499 vestigiis

269 509 404 542 tirmiter
428 511 602 543 inhaerere
630 512 790 550 volentes,
817 511 856 544 de
882 522 1009 544 memo-

269 569 414 597 ratorum
446 564 658 597 cardinalium
684 564 840 603 consilio,
866 564 1011 597 libellum

270 618 480 660 praedictum,
497 618 685 651 auctoritate
699 618 886 662 apostoliea,
898 623 1012 651 tenore

269 672 503 714 praesentium,
520 672 709 705 damnamus
731 678 763 705 et
787 672 1010 716 reprobamus,

270 734 305 757 ac
331 724 395 767 legi
425 735 480 758 seu
499 725 633 758 retineri
655 725 884 769 prohibemus,
902 725 1014 768 ipsius-

271 788 332 821 que
349 778 450 812 libelli
467 779 729 822 impressionem,
748 778 1013 822 descriptionem,

271 831 456 873 lectionem,
477 832 694 866 retentionem
710 838 740 866 et
755 843 848 865 usum
864 831 1015 865 omnibus

273 891 304 918 et
339 886 476 928 singulis
502 886 784 926 christifidelibus,
820 886 914 919 etiam
946 896 1016 929 spe-

273 939 364 972 cifica
389 945 420 972 et
444 939 608 973 individua
630 940 796 973 mentione
831 945 862 973 et
887 949 1017 982 expres-

273 992 364 1025 sione
391 992 506 1035 dignis,
533 993 591 1026 sub
618 995 725 1036 poena
754 992 1018 1026 excommunica-

275 1046 371 1080 tionis
414 1057 472 1090 per
511 1047 781 1080 contrafacientes
823 1047 893 1090 ipso
936 1047 1017 1079 sacto

276 1100 397 1143 absque
435 1099 496 1132 alia
522 1100 743 1134 declaratione
769 1100 976 1138 incurrenda,
1002 1110 1018 1131 a

275 1163 336 1196 qua
363 1164 458 1186 nemo
492 1164 507 1186 a
532 1147 711 1197 quoduam,
745 1159 977 1196 praeterquam
1003 1164 1020 1185 a

276 1207 383 1247 nobis,
411 1217 470 1239 seu
496 1207 643 1240 Romano
669 1206 825 1240 Pontifice
855 1217 916 1250 pro
943 1211 1020 1238 tem-

277 1271 357 1303 pore
393 1260 561 1300 existente,
588 1260 649 1292 nisi
677 1260 709 1292 iu
742 1260 853 1293 mortis
883 1259 1020 1291 articulo

278 1313 482 1355 constitutus,
498 1313 717 1347 absolutionis
730 1312 925 1346 beneficium
941 1312 1020 1345 obti-

279 1377 359 1400 nere
383 1367 506 1407 valeat,
533 1367 667 1400 omnino
694 1366 930 1401 interdicimus.
962 1365 1021 1398 Vo-

279 1422 385 1454 lentes
411 1426 444 1454 et
468 1421 663 1454 auctoritate
698 1421 843 1464 praefata
868 1420 1022 1452 mandan-

281 1480 340 1514 tes,
368 1478 411 1514 ut,
431 1473 625 1517 quicumque
658 1473 807 1507 libellum
833 1473 1021 1506 huiusmodi

282 1537 384 1571 penes
410 1538 443 1560 se
469 1527 656 1568 habuerint,
675 1527 778 1567 illum,
800 1527 907 1560 statim
926 1532 1021 1570 atque

282 1586 472 1624 praesentes
510 1581 637 1614 litterae
663 1581 708 1614 eis
739 1580 952 1621 innotuerint,
978 1580 1024 1613 lo-

283 1644 394 1667 corum
419 1634 599 1667 Ordinariis
628 1635 676 1667 vel
711 1633 895 1667 haereticae
919 1632 1025 1677 pravi-

286 1687 360 1720 tatis
385 1686 633 1730 inquisitoribus
669 1687 795 1720 tradere
821 1692 918 1730 atque
951 1697 1026 1719 con-

286 1741 414 1783 signare
445 1745 635 1781 teneantur,
662 1741 695 1773 hi
723 1751 799 1774 vero
825 1740 1026 1784 exemplaria

286 1793 347 1826 sibi
383 1793 428 1826 sic
465 1793 582 1826 tradita
618 1793 705 1826 illico
732 1794 868 1826 flammis
901 1792 1025 1826 aboleri

287 1852 412 1880 curent.
439 1847 474 1879 Iu
511 1847 708 1879 contrarium
746 1847 937 1880 facientibus
961 1857 1026 1880 non

287 1901 493 1934 obstantibus
519 1901 808 1944 qiusbuscumque.

332 1954 346 1997 ξ
364 1953 394 1986 2.
414 1953 585 1993 Utstutem
603 1954 737 1987 eaedem
764 1959 955 1998 praesentes
979 1954 1028 1988 lit-

290 2014 375 2042 terae
401 2008 439 2041 ad
465 2008 607 2041 omnium
633 2008 781 2042 notitiam
812 2009 935 2042 facilius
961 2019 1029 2052 per-

289 2062 469 2101 ducantur,
503 2072 563 2095 nec
588 2062 758 2105 quisquam
785 2062 913 2095 illarum
938 2063 1029 2105 igno-

288 2116 424 2149 rantiam
464 2117 607 2159 allegare
648 2116 770 2159 possit,
811 2118 957 2150 volumus
999 2122 1031 2150 et

290 2170 481 2203 auctoritate
518 2169 684 2212 praedicta
709 2169 932 2211 decernimus,
958 2170 1030 2203 illas

291 2223 330 2257 ad
354 2224 460 2256 valvas
485 2223 639 2256 basilicae
664 2223 824 2266 Principis
857 2224 1032 2267 Apostolo-

291 2287 364 2310 rum
389 2287 425 2310 ac
455 2276 654 2310 Cancellarie
675 2277 885 2320 apostolicae,
905 2287 1031 2310 necnon

293 2331 405 2364 Curiae
431 2331 591 2374 generalis
617 2331 649 2364 in
674 2331 781 2364 Monte
806 2331 968 2373 Citatorio,
1002 2337 1033 2364 ct

294 2382 326 2416 in
353 2383 421 2416 acie
452 2383 665 2428 Campissorae
699 2384 737 2417 de
768 2383 854 2417 Urbe
886 2395 945 2428 per
976 2385 1034 2418 ali-

297 2446 390 2478 quem
415 2447 451 2470 ex
484 2437 669 2470 cursoribus
702 2437 835 2478 nostris,
870 2443 905 2471 ut
937 2439 1033 2471 moris

298 2494 355 2529 est,
376 2489 546 2531 publicari,
571 2491 768 2535 illarumque
800 2493 949 2535 exempla
974 2492 1034 2524 ibi-

299 2541 371 2574 dem
397 2542 489 2576 affixa
506 2544 664 2587 relinqui,
687 2545 732 2578 sic
749 2556 826 2578 vero
846 2545 1034 2588 publicatas,

299 2604 411 2627 omnes
436 2601 466 2628 et
502 2597 668 2640 singulos,
697 2609 775 2642 quos
813 2604 1032 2639 concernunt,

300 2646 434 2691 perinde
467 2649 614 2692 afficere,
647 2661 682 2685 ae
706 2652 732 2686 si
756 2652 932 2696 unicuique
963 2653 1034 2687 illo-

1713 242 1754 276 99
1801 252 1855 280 An.
1875 252 1904 281 c.
1923 252 1991 280 1704

1052 307 1123 330 rum
1148 297 1366 340 personaliter
1391 297 1577 331 notificatae
1610 304 1642 332 et
1666 300 1795 334 intima-

1054 357 1103 383 tae
1130 350 1287 391 fuissent3

1098 405 1112 448 ἓ
1137 404 1168 438 3.
1197 404 1342 447 Ipsarum
1368 410 1476 438 autem
1502 406 1725 449 praesentium
1746 407 1798 440 lit·
1849 420 1911 440 rum
1936 424 1993 442 tm.

1055 463 1197 491 terarum
1214 460 1435 501 transumptis,
1451 469 1506 491 seu
1519 460 1685 503 exemplis,
1702 460 1798 493 etiam
1810 450 1949 473 ‘⁰⁰¹¹'¹⁴“⁰“¹'

1055 511 1234 554 impressis,
1253 522 1348 545 manu
1375 512 1513 545 alieuius
1539 513 1659 545 notarii
1678 513 1800 556 publici

1055 565 1254 608 subscriptis,
1294 571 1326 598 et
1357 566 1463 607 sigillo
1502 577 1662 609 personae
1688 567 1721 599 in
1750 577 1803 600 ec-

1056 618 1236 651 clesiastica
1254 619 1412 662 dignitate
1434 620 1629 653 constitutae
1651 620 1800 660 munitis,

1057 672 1170 705 eadem
1209 683 1343 716 prorsus
1382 672 1464 706 fides
1506 679 1570 706 tam
1612 674 1643 706 in
1681 674 1802 707 iudicio

1058 736 1153 769 quam
1178 731 1269 759 extra
1294 726 1377 759 illud
1415 727 1539 770 ubique
1572 729 1719 761 locorum
1745 728 1804 760 ha-

1058 778 1160 820 beri¹,
1183 790 1266 822 quae
1286 779 1465 813 haberetur
1485 781 1608 814 eisdem
1629 781 1806 824 praesenti-

1058 833 1117 866 bus
1142 833 1167 866 si
1195 833 1358 866 exhibitae
1390 833 1498 867 forent
1530 835 1581 867 vel
1607 839 1771 868 ostensae.

1103 887 1216 920 Datum
1243 887 1378 929 Romae,
1404 888 1491 931 apud
1516 888 1548 922 S.
1577 888 1717 928 Petrum,
1744 888 1805 921 sub

1060 941 1184 974 annulo
1219 940 1412 981 piscatoris,
1448 942 1502 974 die
1534 952 1631 976 xxviii
1667 942 1806 975 ianuarii

1060 1004 1191 1033 uncciv,
1213 993 1428 1037 pontificatus
1447 995 1552 1028 nostri
1570 1006 1657 1028 anno
1676 1005 1720 1028 ιν.

1098 1056 1156 1084 Dat.
1180 1057 1225 1084 die
1246 1058 1279 1084 “28
1300 1057 1414 1085 ianuarii
1437 1058 1516 1091 1704,
1538 1057 1638 1094 pontif.
1660 1066 1731 1085 anno
1752 1063 1788 1084 tv.

1397 1174 1471 1207 Lt't.

1063 1245 1294 1285 Damnatum,
1333 1256 1371 1279 ac
1399 1245 1617 1289 prohibentur
1645 1245 1807 1290 quaedam

1107 1298 1188 1340 solia
1214 1299 1372 1342 impressa
1405 1300 1463 1332 sub
1492 1299 1586 1333 tilulo
1611 1300 1689 1333 Acte
1714 1299 1809 1344 d'ap-

1109 1352 1163 1394 pel
1196 1351 1345 1394 interjete
1383 1364 1443 1396 par
1469 1354 1497 1386 le
1538 1364 1723 1396 procureur
1754 1354 1810 1396 ge-

1109 1405 1198 1438 neral
1218 1405 1257 1438 de
1275 1405 1430 1439 Lorraine
1450 1412 1481 1439 et
1506 1406 1635 1439 Barrois
1655 1407 1694 1440 de
1712 1406 1811 1440 l'exe-

1109 1458 1218 1491 cution
1244 1459 1285 1491 du
1307 1459 1438 1493 ssrerdu
1459 1470 1524 1494 xxn
1542 1462 1727 1504 septembre
1743 1460 1811 1494 der-

1112 1511 1193 1553 nier,
1219 1518 1281 1546 etc.

1290 1583 1426 1611 clemens
1446 1584 1525 1618 Papa
1545 1585 1593 1617 XI,

1193 1628 1227 1656 ad
1247 1632 1424 1663 perpetuam
1443 1629 1489 1657 rei
1505 1629 1686 1657 memoriam.

1113 1690 1176 1734 §l
1198 1690 1274 1724 Cum
1299 1701 1359 1724 nos
1387 1692 1465 1725 alias
1490 1702 1549 1735 per
1575 1692 1729 1735 quasdam
1755 1703 1813 1726 no·
1851 1700 2010 1728 Scopussulio·

1069 1749 1151 1777 stras
1167 1744 1199 1776 in
1215 1744 1314 1777 simili
1329 1744 1433 1778 forma
1447 1745 1678 1778 Brevisliteras
1689 1746 1811 1779 librum
1824 1734 1878 1750 ω’

1071 1798 1244 1841 quemdam
1270 1798 1388 1841 gallico
1406 1798 1561 1831 idiomate
1581 1799 1813 1843 conscriptum,

1072 1856 1104 1884 et
1128 1851 1160 1883 in
1187 1851 1266 1884 duas
1301 1856 1411 1894 partes
1444 1851 1600 1892 divisum,
1632 1853 1691 1885 suh
1718 1853 1813 1887 titulo

1073 1903 1286 1938 Orrlomzcmce
1309 1904 1347 1937 de
1371 1904 1512 1948 Lc'opold
1534 1905 1557 1938 I
1577 1905 1639 1938 duc
1667 1906 1705 1938 de
1729 1906 1816 1939 Lor-

1071 1957 1166 1991 raine
1183 1962 1210 1991 et
1224 1957 1260 1991 cle
1274 1958 1423 1999 Βαννοίε,
1443 1963 1515 1998 etc„
1531 1958 1653 1992 donnae
1668 1959 1688 1992 ἀ
1699 1959 1814 2003 Nancy

1071 2022 1115 2044 au
1140 2012 1222 2044 mois
1242 2010 1279 2044 de
1295 2011 1411 2055 juillet
1428 2011 1526 2044 1701.
1549 2012 1576 2045 A
1595 2012 1723 2056 Nancgs,
1743 2013 1815 2046 clzez

1072 2064 1162 2097 Paul
1185 2064 1336 2104 Barbier‚
1363 2065 1715 2108 imprimeur-ttbraz’re
1738 2067 1759 2100 ὰ
1784 2066 1816 2099 Ia

1078 2117 1288 2157 Vtile-neum,
1315 2116 1411 2159 1701,
1438 2118 1697 2153 damnaverimus
1718 2125 1749 2153 et
1767 2130 1816 2152 re-

1074 2171 1330 2215 probaverimus,
1357 2182 1394 2205 ac
1419 2172 1483 2214 legi
1510 2183 1568 2205 seu
1588 2173 1722 2206 retineri
1744 2184 1818 2216 pro-

1075 2224 1286 2266 hibuerimus,
1306 2230 1337 2258 et
1354 2225 1444 2266 alias,
1471 2233 1568 2269 prout
1588 2227 1621 2259 in
1637 2227 1817 2270 praedictis

1076 2279 1198 2312 nostris
1224 2279 1342 2312 litteris
1369 2279 1421 2312 die
1455 2290 1494 2313 xx
1521 2281 1717 2324 septembris
1742 2291 1819 2324 pro-

1076 2332 1159 2365 xime
1190 2333 1360 2376 praeteriti
1394 2333 1565 2376 expeditis,
1593 2344 1731 2377 quarum
1772 2339 1820 2367 te-

1076 2396 1191 2419 norem
1217 2386 1445 2429 praesentibus
1479 2397 1539 2430 pro
1570 2387 1667 2430 plene
1701 2393 1734 2420 et
1758 2387 1821 2420 sus-

1114 2485 1124 2510 t
1148 2483 1196 2510 Vel
1222 2484 1364 2512 habeatur
1391 2483 1557 2519 legendum,
1583 2484 1625 2512 vel
1652 2485 1733 2520 paulo
1753 2488 1816 2513 ante

1077 2527 1130 2562 leg.
1152 2528 1284 2555 eamdem
1302 2549 1309 2555 .
1327 2549 1334 2555 .
1353 2549 1358 2554 .
1375 2529 1462 2563 fidem
1482 2530 1520 2562 (n.
1537 2531 1586 2560 τ.).

1112 2572 1129 2598 2
1147 2572 1240 2599 Coust.
1266 2580 1358 2608 praec.
1380 2572 1523 2599 damnatus
1541 2573 1592 2599 fuit
1618 2572 1724 2599 libellus
1743 2572 1821 2600 Ve'ri-

1078 2617 1150 2644 table
1170 2617 1325 2650 tradition,
1346 2620 1408 2650 etc.;
1431 2621 1457 2644 et
1476 2621 1564 2644 const.
1584 2616 1628 2644 ed.
1649 2623 1755 2651 moccv,
1775 2618 1820 2645 die

1077 2668 1120 2690 xvi
1139 2661 1219 2697 iunii,
1240 2662 1338 2696 pontif.
1359 2669 1384 2697 v,
1406 2662 1549 2690 damnatur
1579 2662 1819 2691 lansenianismus.
