2269 3203
114 202 163 228 Au.
184 201 212 227 C.
233 201 300 229 ¹710

935 200 1077 224 CLI-Titnxs
1103 200 1134 222 XI
1159 200 1207 223 ΡΡ.

309 250 445 294 Campos
472 257 504 285 et
528 251 749 285 adiacentibus
775 249 868 292 regni
885 248 1049 292 Legionis,

310 304 503 338 alternando
535 305 622 338 inter
658 305 714 337 lias
752 304 828 336 duas
866 308 973 346 partes
1003 302 1049 335 sic

311 358 429 391 divisas
454 358 594 391 osticium
621 357 742 400 dispar,
770 362 931 400 ‹ptattenus
957 355 1047 395 adsit,

311 410 552 444 subdividendo
579 411 699 454 pariter
725 410 932 443 medietatem
960 420 1048 452 prae-

311 465 448 496 l'atorun]
468 463 646 497 officiorum
669 468 852 505 tangentem
871 462 1048 495 monachos

310 516 478 550 Gallaecos
497 523 527 550 et
544 516 755 559 Campesinos
780 516 812 548 in
839 516 916 548 duas
943 520 1048 558 partes

309 570 472 612 aequales,
490 580 625 612 quarum
646 580 708 602 una
726 570 757 602 in
776 569 925 602 omnibus
941 575 971 601 ct
989 568 1050 600 sin-

310 623 387 665 gulo
406 623 544 656 triennio
560 623 748 656 conseratur
766 622 926 665 religiosis
944 622 1049 654 oriun-

310 676 358 709 dis
369 687 405 709 ex
419 676 588 718 Gallaecia,
601 683 632 710 et
648 677 747 710 altera
762 676 925 720 religiosis
940 676 1049 710 oriun-

311 730 359 763 dis
384 741 421 764 ex
460 730 629 775 provincia
663 731 700 764 de
735 730 870 774 Campos
897 736 929 763 et
956 728 1049 762 terris

310 784 547 825 adiacentibus,
570 785 763 818 alternando
789 785 874 817 inter
893 784 949 817 bas
971 783 1049 816 duas

311 847 418 880 partes
445 839 677 872 monachorum
705 839 749 871 sic
775 837 956 871 subtlirisas
981 837 1049 870 osli-

310 890 394 923 cium
416 890 547 935 dispar:
565 912 608 916 -—
626 903 666 925 ir.
687 891 776 929 Quod
801 890 906 924 officia
929 890 1050 934 capitu-

310 944 388 977 laria
405 955 488 988 quae
513 946 678 988 eliguntur
696 945 727 977 in
753 944 880 987 singulo
907 944 1048 987 capitulo

310 998 474 1040 generali,
500 1005 531 1031 et
556 1004 632 1031 sunt
657 997 831 1036 sexdecim,
858 1008 974 1040 nempe
993 1008 1047 1029 sex

310 1050 511 1091 definitores,
539 1057 676 1094 quatuor
697 1056 928 1095 procuratores
952 1060 1049 1091 gene-

311 1105 405 1145 rales,
427 1105 490 1138 duo
505 1105 686 1137 visitatores
701 1105 880 1147 generales,
899 1104 962 1136 duo
980 1113 1050 1146 sup-

311 1159 452 1201 pletores
481 1158 690 1198 visitatorum,
722 1168 804 1190 unus
825 1162 992 1201 promotor
1017 1156 1050 1188 Γι-

311 1211 414 1251 scalis,
442 1217 474 1245 et
500 1222 583 1244 unus
608 1212 803 1245 secretarius
828 1210 976 1254 capituli,
1003 1210 1050 1242 di-

310 1265 462 1299 vidantur
476 1265 507 1299 in
523 1267 601 1299 duas
618 1271 726 1309 partes
741 1266 872 1298 0111111110
889 1264 1048 1307 aequales,

310 1319 343 1352 in
370 1329 504 1363 quarum
531 1320 593 1352 una
618 1324 782 1362 ponantur
809 1324 873 1351 tres
901 1317 1049 1350 definito-

310 1383 369 1413 res,
397 1373 460 1406 duo
479 1377 718 1416 procuratores,
738 1382 821 1404 unus
840 1371 983 1404 visitator
1000 1380 1050 1412 ge<

310 1426 430 1460 neralis
447 1454 454 1466 ,
482 1437 567 1459 unus
605 1426 774 1469 suppletor
800 1430 831 1458 et
856 1424 1050 1458 secretarius

311 1480 455 1524 capituli,
483 1486 514 1513 et
539 1481 625 1513 inter
650 1480 707 1512 lias
734 1479 812 1512 duas
838 1485 946 1522 partes
972 1479 1051 1511 divi-

310 1544 360 1567 sas
397 1535 578 1567 alternetur
614 1533 808 1566 secretarius
848 1531 977 1575 capituli
1020 1538 1052 1565 et

312 1592 481 1630 promotor
507 1586 649 1626 tiscalis3
677 1597 713 1619 ex
748 1586 798 1618 liis
824 1596 899 1618 vero
925 1585 1049 1618 duabus

312 1641 458 1684 partibus
477 1651 572 1673 unam
595 1641 736 1673 habeant
761 1639 913 1672 inonaclii
939 1650 976 1671 cx
995 1638 1051 1671 Ca-

312 1696 500 1733 stellanova,
525 1694 672 1734 Asturiis,
692 1694 789 1727 Rioxa
815 1699 844 1726 et
871 1692 1050 1725 Montaneis

312 1749 352 1781 (16
379 1748 517 1790 Burgos,
543 1747 638 1780 aliam
669 1747 810 1779 babeant
835 1746 987 1779 monaclii
1014 1756 1049 1778 ex

311 1800 470 1834 Gallaecia
504 1805 535 1833 et
560 1800 696 1843 Campos
728 1810 764 1832 ae
792 1799 885 1832 terris
912 1798 1052 1832 convici-

311 1854 361 1887 nis
379 1854 469 1897 regni
489 1853 650 1896 Legionis,
665 1853 857 1886 alternando
873 1853 957 1886 inter
974 1853 1051 1886 duas

313 1907 414 1940 dictas
448 1912 556 1950 partes
589 1907 810 1949 generalatum
844 1906 883 1938 de
911 1905 1050 1939 triennio

312 1961 344 1994 in
372 1960 565 2000 triennium3
593 1960 682 2003 quod
708 1959 847 1993 officium
866 1959 1052 1992 conseratur

313 2013 345 2046 in
370 2014 476 2057 primo
495 2014 645 2057 proximo
664 2013 804 2056 capitulo
822 2012 966 2055 generali
986 2022 1052 2045 mo-

313 2067 420 2100 nacho
437 2066 585 2100 Gallaeco
600 2066 648 2099 vel
663 2066 864 2113 Campesino,
883 2065 994 2109 sicque
1013 2065 1051 2098 de

315 2120 457 2153 triennio
494 2120 527 2153 in
568 2120 745 2153 triennium
780 2120 983 2152 alternetur:
1010 2139 1053 2143 -—

317 2184 347 2207 v.
364 2173 451 2212 Quod
472 2173 552 2207 haec
570 2184 644 2218 pars
665 2179 799 2217 tangens
817 2173 993 2206 monachos
1015 2183 1050 2205 ex

312 2227 472 2260 Gallaecia
489 2233 520 2260 et
532 2227 669 2271 Campos
683 2237 753 2260 cum
769 2226 863 2260 terris
878 2226 1051 2259 convicinis

313 2281 404 2323 regni
423 2280 574 2324 Legionis
592 2280 813 2314 subdividatur
828 2280 912 2312 inter
929 2279 1052 2313 Gallae-

313 2343 367 2366 cos
388 2344 424 2366 ex
442 2335 506 2366 una
524 2339 556 2366 et
572 2333 780 2377 Campesinos
803 2339 833 2366 et
852 2333 1052 2366 circumvici-

314 2395 372 2419 nos
387 2386 481 2429 regni
507 2386 658 2429 Legionis
680 2397 716 2420 ex
743 2386 804 2419 alia
827 2386 989 2430 partibus3
1010 2386 1054 2419 ita

315 2443 421 2471 tamen
437 2445 474 2472 ut
490 2450 526 2473 ex
544 2442 608 2472 una
626 2445 717 2484 parte
739 2445 903 2483 ponantur
924 2439 986 2472 duo
1004 2440 1055 2472 de-

315 2491 476 2533 finitores,
501 2503 583 2525 unus
608 2498 800 2536 procurator
824 2493 998 2536 generalis,
1024 2498 1055 2525 et

316 2550 508 2578 secretarius
522 2546 666 2588 capituli,
682 2548 731 2579 vel
747 2552 916 2589 promotor
931 2546 1053 2585 fiscalis,

317 2598 355 2634 ad
371 2598 504 2633 formam
517 2598 724 2632 alternativae
740 2599 861 2642 primae
877 2599 1054 2641 divisionis,

1091 258 1127 281 ex
1155 249 1216 282 alia
1242 258 1324 281 unus
1351 248 1510 290 definitor,
1537 260 1619 282 unus
1640 255 1833 293 procurator

1092 301 1279 345 generalis,
1307 313 1389 335 unus
1423 302 1565 336 visitator
1598 303 1772 345 generalis,
1802 310 1832 337 et

1092 366 1174 388 unus
1201 356 1393 399 suppletor,
1419 356 1608 389 alternando
1642 356 1698 389 lias
1725 363 1832 399 parte>

1093 409 1273 442 subdivisas
1300 408 1384 442 inter
1423 409 1481 441 lias
1514 409 1663 442 nationes
1689 409 1832 452 quolibet

1093 463 1256 506 capitulo,
1284 468 1314 495 et
1332 462 1377 495 sic
1395 463 1534 495 officium
1554 462 1715 505 generalis
1733 462 1834 494 resor-

1093 516 1245 555 maioris,
1272 515 1350 548 itaut
1380 516 1511 559 quando
1545 516 1706 557 generalis
1732 517 1834 548 16101·-

1093 574 1198 601 mator
1223 569 1338 602 debeat
1363 569 1436 612 eligi
1463 580 1498 603 ex
1527 579 1628 612 regno
1654 569 1834 602 Callaeciae

1094 627 1124 654 et
1148 621 1323 664 provinciis
1351 623 1389 655 de
1424 623 1570 666 Campos,
1596 633 1653 665 pro
1679 624 1741 655 una
1767 622 1832 655 rice

1094 675 1232 718 eligatur
1246 675 1403 708 oriundus
1419 686 1454 708 ex
1475 686 1576 719 regno
1595 676 1783 715 Callaeciae,
1804 681 1832 708 et

1094 739 1152 772 pro
1179 729 1281 762 altera
1307 740 1344 762 ex
1370 729 1546 772 provinciis
1579 729 1617 762 de
1642 729 1778 773 Campos
1804 734 1834 762 et

1094 782 1187 816 terris
1212 782 1449 816 circumvicinis
1477 782 1569 825 regni
1596 782 1765 825 Legionis:
1791 801 1834 805 ——

1094 846 1135 870 vi.
1151 835 1240 874 Quod
1258 836 1388 879 triginta
1403 842 1475 870 octo
1489 836 1646 877 abbatiae,
1662 847 1744 880 quae
1761 841 1835 869 511111

1093 890 1125 923 in
1151 890 1311 934 religione
1339 891 1485 933 (exclusa
1503 890 1723 931 Palatiolensi‚
1743 891 1834 923 cuius

1093 944 1190 976 abbas
1215 955 1345 988 semper
1370 950 1419 977 est
1439 944 1600 987 generalis
1625 944 1832 986 reformator)

1093 998 1336 1040 distinguantur
1370 998 1402 1030 in
1433 1001 1495 1032 tres
1530 998 1666 1037 classes,
1694 1009 1831 1041 quarum

1092 1050 1195 1094 prima
1221 1051 1262 1084 sit
1287 1051 1512 1094 collegiorum,
1540 1062 1622 1094 quae
1649 1057 1725 1084 sunt
1749 1062 1830 1092 sex3

1093 1105 1235 1137 secunda
1253 1104 1295 1137 sit
1311 1104 1523 1144 abbatiarum,
1543 1115 1624 1148 quae
1644 1115 1833 1148 nuncupan-

1094 1161 1144 1191 tur
1168 1158 1318 1191 matrices
1344 1168 1401 1191 seu
1427 1158 1633 1198 monasteria,
1661 1158 1692 1190 in
1717 1158 1833 1201 quibus

1094 1211 1295 1254 recipiuntur
1313 1211 1556 1255 educanturque
1571 1211 1693 1251 novitii,
1712 1217 1742 1244 et
1761 1218 1836 1244 sunt

1092 1264 1203 1307 viginti
1221 1276 1228 1305 ;
1253 1264 1345 1297 tertia
1365 1265 1644 1305 monasteriorum,
1664 1265 1694 1297 111
1715 1265 1833 1308 quibus

1091 1328 1157 1351 non
1172 1318 1350 1351 educantur
1368 1318 1492 1359 novitii,
1512 1323 1544 1351 et
1561 1323 1637 1350 sunt
1651 1319 1833 1358 duodecinu

1094 1382 1176 1415 quae
1201 1371 1309 1405 omnia
1333 1382 1391 1415 per
1416 1382 1490 1405 suas
1517 1373 1643 1413 classes,
1669 1377 1703 1404 ut
1728 1383 1833 1416 supra,

1094 1425 1278 1458 dividantur
1304 1425 1336 1458 in
1363 1425 1442 1458 duas
1460 1430 1568 1469 partes
1586 1425 1720 1459 omnino
1740 1436 1835 1469 equa-

1093 1479 1152 1520 les,
1181 1490 1315 1522 quarum
1340 1479 1444 1523 prima
1470 1479 1636 1512 contineat
1663 1479 1720 1512 tria
1741 1479 1836 1513 colle-

1094 1534 1156 1577 gia,
1184 1534 1297 1567 decem
1322 1534 1518 1567 monasteria
1544 1533 1697 1575 matricia,
1724 1542 1752 1566 et
1779 1544 1834 1566 sex

1094 1587 1289 1620 monasteria
1316 1597 1380 1619 non
1407 1587 1571 1619 matricia:
1596 1607 1639 1610 —
1664 1597 1718 1620 vu.
1743 1586 1834 1624 Quod

1093 1640 1277 1684 praedictae
1297 1640 1425 1683 triginta
1444 1647 1516 1673 octo
1533 1641 1678 1673 abbatiae
1694 1651 1729 1673 ex
1752 1642 1831 1672 una-

1095 1704 1221 1738 quaque
1238 1705 1274 1727 ex
1292 1694 1447 1727 classibus
1461 1695 1636 1738 designatis
1651 1695 1836 1728 dividantur

1094 1759 1154 1791 pro
1180 1749 1319 1791 aequali,
1340 1753 1372 1781 et
1389 1759 1451 1781 una
1476 1759 1559 1792 pars,
1583 1759 1700 1792 nempe
1722 1749 1835 1782 decem

1095 1807 1126 1834 et
1152 1812 1266 1834 novem
1292 1802 1503 1834 conserantur
1527 1802 1697 1834 monacbis
1723 1802 1833 1835 oriun-

1095 1855 1144 1887 dis
1172 1865 1209 1887 ex
1240 1854 1481 1895 Castellanova,
1507 1855 1656 1895 Asturiis,
1681 1854 1780 1888 Rioxa
1805 1861 1836 1888 et

1095 1908 1288 1948 Montaneis3
1313 1908 1374 1940 alia
1399 1919 1474 1942 vero
1500 1909 1665 1942 monachis
1688 1909 1835 1942 oriundis

1095 1973 1132 1994 ex
1159 1960 1326 2002 Gallaecia,
1344 1962 1480 2005 Campos
1500 1968 1531 1995 et
1552 1962 1646 1995 terris
1667 1962 1836 1995 circumvi-

1095 2014 1175 2048 cinis
1188 2015 1332 2048 ciusdem
1344 2015 1435 2058 regni
1448 2015 1731 2057 Legionis—riu.
1745 2014 1834 2053 Quod

1096 2069 1208 2102 decem
1244 2074 1275 2101 et
1305 2078 1422 2101 novem
1449 2079 1485 2101 ex
1518 2068 1672 2112 predictis
1697 2069 1836 2102 abbatiis

1095 2121 1303 2155 conserendis
1340 2121 1433 2155 dietis
1460 2122 1630 2155 monachis
1667 2122 1834 2162 Callaecis,

1095 2174 1294 2217 Campesinis
1321 2180 1352 2208 et
1378 2174 1472 2207 terris
1499 2175 1736 2208 circumvicinis
1762 2186 1832 2208 me-

1095 2227 1210 2260 morati
1237 2227 1329 2270 regni
1355 2227 1505 2270 Legionis
1530 2228 1778 2261 subdividantur
1804 2229 1835 2261 in

1096 2281 1174 2314 duas
1203 2286 1310 2324 partes
1334 2281 1498 2324 aequales,
1526 2282 1682 2324 ponendo
1708 2281 1740 2314 111
1761 2284 1837 2314 una-

1096 2344 1226 2377 quaque
1255 2338 1300 2366 tot
1317 2333 1462 2365 abbatias
1479 2334 1709 2377 cuiuscumque
1727 2333 1836 2366 classis

1097 2398 1156 2431 pro
1184 2387 1328 2431 qualibet
1347 2393 1455 2431 parte;
1480 2394 1511 2421 et
1530 2398 1592 2420 una
1610 2398 1682 2431 pars
1700 2388 1744 2420 sic
1761 2387 1837 2419 sub-

1097 2441 1198 2474 divisa
1224 2441 1409 2474 conseratur
1441 2441 1605 2483 Callaecis,
1634 2442 1734 2474 altera
1761 2452 1835 2474 vero

1096 2494 1296 2538 Campesinis
1317 2499 1348 2527 et
1364 2494 1509 2527 oriundis
1528 2505 1564 2526 ex
1587 2494 1680 2527 terris
1702 2494 1836 2527 circum-

1097 2547 1207 2579 vicinis
1233 2546 1409 2590 supradicti
1437 2547 1528 2589 regni
1555 2546 1713 2588 Legionis,
1732 2546 1835 2588 impar

1098 2611 1173 2632 vero
1193 2601 1425 2635 monasterium
1444 2601 1526 2632 inter
1540 2600 1624 2644 ipso<
1641 2600 1835 2635 alternetur:

1727 191 1791 225 [1113
1839 202 1888 226 Anv
1909 201 1935 226 C⁴
1962 201 2027 228 1710
