2269 3203
248 253 298 280 An.
321 252 349 279 c.
369 253 436 280 1716
487 245 549 278 712

277 1054 360 1075 Erectio
374 1054 436 1074 trium

251 1082 378 1101 vicariatum
388 1081 436 1101 loco

251 1108 398 1134 parochiarum
411 1107 435 1127 de

257 1136 429 1159 inrepatronatus

250 1165 308 1185 regio
323 1165 371 1180 cum
383 1160 435 1180 assi-

251 1187 350 1211 gnatione
386 1191 436 1207 eon·

251 1218 324 1239 grtiae.

1022 255 1202 279 nttLLJinimt

1226 254 1379 278 nomam!

451 302 610 344 bendere,
630 308 660 337 et
677 304 916 348 apprehensam
935 309 1095 347 perpetuo
1112 302 1188 336 reti·
1207 304 1209 336 l
1228 312 1403 345 congruam
1428 304 1629 347 portionem,
1654 305 1731 338 alias
1756 305 1875 338 rectori
1902 308 1964 338 ter-

443 367 533 398 nere,
552 357 746 400 illarumque
773 358 918 391 omnium
937 362 968 389 et
985 356 1185 399 singularum
1206 373 1207 385 2

445 411 576 451 fructus,
598 411 741 444 redditus
767 416 798 443 et
822 415 1008 453 proventus,
1034 409 1111 449 iura,
1134 410 1185 442 ob-

444 463 615 497 ventiones
649 468 681 497 et
706 464 925 497 emolumenta
961 472 1184 505 quaecumque

444 517 624 560 percipere,
651 516 779 558 exigere
805 521 838 547 et
862 516 981 554 levare,
1013 525 1048 547 ac
1072 514 1104 547 in
1130 525 1185 547 eo-

445 570 591 603 rumdem
628 569 800 612 dignitates
836 579 872 601 ac
908 568 1116 601 canonicatus
1154 574 1186 601 et

444 622 650 666 praebendas
669 632 705 654 ac
723 621 883 654 beneficia
908 621 1094 654 huiusmodi
1124 631 1183 665 pro
1205 629 1207 655 t

446 681 590 718 ternpore
627 673 845 707 obtinentium
881 683 1070 706 communes
1108 683 1184 706 usus

446 727 674 766 etutilitatem,
692 726 790 760 modo
806 732 912 759 tamen
930 726 1013 759 infra
1031 726 1184 766 dicendo,
1205 748 1207 758 .

446 791 481 813 ac
505 779 600 812 salvis
624 779 850 823 infrascriptis,
876 784 1076 819 convertere,
1098 779 1186 813 dioe-

445 832 553 866 cesani
585 833 732 865 locorum
756 832 805 865 vel
834 832 1018 876 quorumvis
1049 832 1184 865 aliorum

445 885 578 919 licentia
600 885 742 929 desuper
759 885 892 918 minime
913 884 1082 928 requisita)
1101 884 1186 917 dieta

447 939 637 972 auctoritate
663 940 773 972 nostra
793 938 889 972 etiam
908 943 1070 982 perpetuo
1096 937 1186 970 unia-
1206 934 1208 956 '¹

447 991 498 1031 tis,
526 991 703 1025 annectatis
728 997 759 1024 et
785 990 1013 1035 incorporetis.

491 1044 562 1088 §4
595 1044 727 1077 Necnon
761 1044 793 1076 in
823 1042 1038 1087 primodicta¹
1069 1053 1185 1084 unam,

448 1103 479 1132 et
504 1097 535 1130 in
561 1097 790 1130 secundodicta
816 1098 922 1137 aliam,
941 1107 976 1129 ac
1002 1096 1209 1135 tertiodieta¹

447 1151 691 1195 parochialibus
726 1149 872 1184 ecclesiis
909 1150 1061 1183 uniendis
1094 1160 1187 1193 prae-

449 1205 520 1239 fatis
537 1205 695 1249 reliquam
715 1210 888 1249 perpetuas
902 1205 1035 1237 vicarias
1050 1205 1122 1247 (pro
1138 1203 1187 1236 tri-

448 1260 508 1292 bus
529 1258 731 1302 presbyteris
749 1258 865 1291 suturis
886 1257 1121 1306 parochialium
1137 1267 1188 1289 ee-

449 1313 618 1347 clesiarum
655 1313 870 1346 uniendarurn
896 1313 1080 1346 huiusmodi
1105 1313 1188 1346 vica-

449 1368 506 1401 riis
530 1368 694 1412 perpetuis
713 1368 745 1400 in
763 1368 808 1400 eis
827 1367 865 1400 ad
892 1367 1188 1410 praesentationem

450 1421 525 1454 dicti
551 1421 680 1454 Ioannis
705 1421 792 1464 regis
809 1421 945 1464 eiusque
969 1421 1002 1454 in
1029 1421 1122 1454 dictis
1139 1431 1188 1454 re-

450 1474 521 1517 gnis
554 1485 782 1508 successorum
815 1485 929 1517 regum
964 1474 1187 1517 praefatorum

448 1538 506 1571 per
524 1527 729 1560 Ordinarium
755 1528 818 1561 loci
844 1527 1060 1567 instituendis,
1079 1533 1110 1561 et
1129 1538 1189 1571 per

450 1581 598 1613 eumdem
623 1580 828 1613 Ordinarium
853 1581 942 1624 prius
969 1581 1188 1614 examinandis

450 1640 480 1667 et
505 1634 723 1677 approbandis
741 1661 748 1673 ,
775 1634 829 1676 qui
866 1634 950 1677 apud
984 1633 1188 1676 parochiales

450 1687 620 1727 ecclesias,
641 1692 676 1719 ut
700 1687 905 1729 praefertur,
936 1686 1096 1719 uniendas
1129 1686 1189 1718 hu-

451 1739 589 1773 iusmodi
615 1739 767 1773 continuo
793 1740 1007 1782 personaliter
1032 1739 1187 1780 residere,

450 1804 485 1826 ac
507 1794 614 1827 omnia
632 1798 663 1826 et
681 1793 807 1835 singula
828 1793 938 1826 munia
963 1798 995 1826 et
1020 1803 1121 1826 onera
1138 1804 1190 1836 pa-

451 1847 609 1880 rochialia
630 1846 754 1879 eisdem
780 1846 1023 1889 parochialibus
1045 1845 1190 1878 ecclesiis

450 1905 485 1932 ut
513 1900 697 1943 praefertur
728 1899 879 1932 uniendis
907 1904 938 1932 et
963 1910 1072 1932 earum
1099 1898 1191 1931 cuili-

450 1952 506 1985 bet
523 1952 774 1996 quomodolibet
796 1951 1016 1985 incumbentia
1034 1951 1141 1985 subire
1160 1956 1191 1984 et
1210 1954 1212 1979 ἰ

451 2005 629 2049 adimplere
647 2006 825 2049 respective
844 2005 986 2038 debeant
1008 2010 1040 2038 et
1057 2010 1191 2038 tenean-
1210 2010 1212 2024 ²

453 2058 516 2100 tur)
535 2058 631 2091 etiam
652 2063 811 2101 perpetuo
833 2058 974 2101 erigatis,
993 2059 1188 2099 instituatis,

451 2110 581 2155 illisque
599 2112 644 2144 sic
662 2111 777 2144 erectis
799 2118 830 2145 et
848 2112 1010 2153 institutis,
1037 2123 1097 2156 pro
1123 2113 1191 2146 illa-

453 2175 524 2198 rum
549 2167 691 2208 congrua
716 2171 747 2198 et
771 2165 969 2209 competenti
995 2165 1091 2206 dote,
1124 2177 1191 2199 eas-

453 2228 515 2261 que
539 2228 600 2261 pro
627 2223 773 2262 tempore
804 2218 1021 2251 obtinentium
1046 2221 1211 2261 congruat

453 2271 732 2311 substentatione,
761 2282 796 2304 ex
823 2271 1058 2314 parochialium
1086 2273 1190 2305 eccle-

453 2323 570 2355 siarum
596 2323 811 2356 uniendarum
840 2324 1056 2367 praefatarum
1082 2324 1190 2357 frueti-

453 2376 522 2416 bus,
550 2376 730 2408 redditibus
756 2382 787 2409 et
811 2376 1021 2419 proventibus
1047 2377 1191 2419 supradi-

453 2429 531 2469 ctis,
559 2429 664 2472 primo
690 2434 721 2462 et
745 2430 888 2462 secundo
914 2429 1007 2461 dictis
1040 2419 1211 2462 videlicet?

453 2493 609 2516 summam
634 2486 765 2515 centum
785 2481 921 2515 millium
939 2482 1098 2524 regalium
1122 2492 1190 2515 mo-

453 2541 546 2569 netae
561 2535 779 2578 portugalliae
797 2545 855 2578 pro
874 2535 1027 2578 qualibet,
1045 2535 1190 2569 tertiodi-

453 2595 522 2621 etae
547 2598 622 2621 vero
651 2588 780 2621 vicariis
811 2588 973 2631 erigendis
1004 2588 1212 2628 huiusmodi,

488 2654 498 2679 1
523 2649 588 2678 Male
603 2649 667 2679 edit.
684 2650 766 2678 Maia.
783 2649 1069 2687 legitprimodiccam
1083 2653 1120 2687 (u.
1140 2652 1188 2687 r).
1209 2642 1212 2679 2'

1231 354 1379 389 tiodictae
1408 356 1604 400 parochialis
1641 356 1796 390 ecclesiae
1828 356 1860 390 in
1892 363 1964 391 actu

1229 409 1472 452 application1s¹
1492 410 1577 444 illius
1594 410 1765 448 fruetuum,
1780 410 1964 444 reddituum

1228 462 1404 495 conventui
1423 463 1517 497 villae
1543 463 1581 496 de
1601 463 1736 496 Batliala
1760 462 1888 496 Ordinis
1908 463 1964 496 sra-

1229 520 1310 547 trum
1326 516 1425 548 sancti
1440 516 1597 550 Dominici
1611 515 1874 549 Praedicatorum
1889 526 1965 549 nnn-

1228 574 1419 611 cupatorum
1440 569 1699 613 Ulyssiponensis
1717 568 1885 609 dioecesis,
1904 580 1964 613 pro

1228 620 1315 653 illius
1341 622 1568 665 reparatione,
1593 622 1632 655 ad
1658 628 1779 655 certum
1812 626 1888 654 tunc
1912 632 1966 655 es-

1228 684 1373 716 pressum
1400 680 1540 718 teinpus,
1568 675 1756 708 auctoritate
1781 676 1908 715 nostra,
1935 681 1967 707 et

1228 726 1268 759 ob
1287 728 1414 770 lapsum
1431 727 1588 770 temporis
1605 727 1792 760 huiusmodi
1814 727 1875 760 iam
1896 738 1967 760 ces-

1229 785 1316 812 satae
1333 806 1340 819 ‚
1367 780 1589 823 assignatam,
1614 780 1765 813 videlicet
1801 779 1967 823 octoginta

1229 831 1367 865 millium
1392 834 1549 875 regalium
1575 832 1679 865 dictae
1709 837 1859 866 monetae
1889 832 1966 866 Por-

1206 885 1384 931 ¹tugalliae
1421 896 1493 919 cum
1529 886 1611 929 pede
1648 886 1781 924 altaris,
1808 896 1965 919 summam

1229 943 1358 970 centum
1384 938 1573 971 ducatorum
1599 938 1667 971 auri
1694 938 1733 971 de
1762 937 1894 971 Camere
1922 948 1967 972 re-

1229 990 1370 1034 spective
1395 991 1677 1031 constituentium,
1703 991 1877 1035 quotannis
1908 1001 1968 1034 pei·

1206 1057 1209 1087 ξ
1230 1044 1404 1087 capitulum
1422 1049 1453 1077 et
1477 1044 1650 1078 canonicos
1674 1043 1836 1087 praefatos
1860 1054 1968 1088 respe-

1230 1096 1310 1130 ctive
1336 1098 1598 1140 persolvendam,
1623 1102 1655 1130 et
1678 1107 1739 1140 per
1756 1096 1887 1130 vicarias
1908 1097 1968 1130 eri-

1231 1150 1351 1192 gendas
1370 1150 1554 1183 huiusmodi
1573 1161 1631 1193 pro
1651 1155 1795 1193 tempore
1821 1149 1969 1183 obtinen-

1232 1208 1279 1236 tes
1305 1203 1471 1236 annuatim
1505 1204 1685 1246 respective
1714 1202 1967 1246 percipiendam,

1231 1255 1424 1298 exigendam
1450 1262 1480 1289 et
1505 1256 1695 1296 levandam,
1722 1266 1757 1289 ac
1781 1256 1814 1288 in
1839 1256 1969 1289 cuiusli-

1231 1310 1286 1342 bet
1304 1320 1414 1342 eorum
1440 1309 1618 1353 respective
1638 1320 1715 1342 usus
1742 1314 1772 1342 et
1797 1309 1970 1342 utilitatem

1232 1364 1502 1404 convertendam,
1530 1364 1626 1396 etiam
1661 1369 1823 1407 perpetuo
1857 1364 1970 1408 appli-

1231 1418 1308 1450 cetis
1335 1423 1365 1450 et
1390 1418 1630 1462 approprietis:
1662 1418 1705 1450 ita
1738 1424 1844 1451 tamen
1879 1419 1967 1462 quod

1232 1470 1389 1504 dictarum
1421 1471 1655 1514 parochialium
1688 1471 1899 1504 ecclesiarum
1933 1477 1969 1504 ut

1232 1524 1413 1567 praefertur
1430 1524 1644 1557 uniendarum
1670 1524 1803 1565 fructus,
1823 1524 1968 1557 redditus

1233 1583 1263 1610 et
1287 1582 1473 1621 proventus,
1493 1588 1509 1610 a
1528 1578 1579 1610 die
1597 1577 1772 1611 vacationis
1797 1577 1970 1611 cuiuslibet

1233 1641 1343 1663 earum
1380 1641 1482 1673 usque
1516 1635 1547 1663 et
1571 1641 1630 1674 per
1665 1635 1764 1664 totam
1798 1630 1881 1664 diem
1906 1640 1969 1665 xxii

1232 1684 1353 1717 mensis
1380 1684 1522 1717 octobris
1544 1684 1618 1716 anni
1637 1683 1765 1716 Domini
1782 1693 1900 1718 Moccxi
1921 1684 1970 1717 de-

1233 1737 1327 1777 cursi,
1344 1737 1374 1770 in
1389 1742 1654 1781 paramentorum
1674 1736 1969 1770 ecclesiasticorum

1232 1800 1462 1833 sacrorumque
1477 1789 1752 1833 suppellectilium
1771 1790 1968 1833 emptionem

1233 1854 1291 1876 seu
1317 1843 1450 1877 illorum
1474 1842 1679 1875 sarcitionem
1706 1853 1741 1875 ac
1765 1853 1824 1886 pro
1849 1842 1970 1876 fabrica

1233 1897 1368 1940 aliisque
1409 1895 1655 1929 necessitatibus
1693 1900 1724 1928 ct
1759 1895 1970 1939 indulgentiis

1234 1950 1337 1984 dictae
1363 1949 1556 1992 collegiatae
1583 1948 1737 1982 ecclesiae
1763 1948 1890 1991 erogari
1915 1949 1971 1981 de-

1233 2003 1346 2045 beant·‚
1362 2003 1478 2046 reliqui
1493 2013 1568 2035 vero
1586 2008 1661 2046 post
1675 2002 1794 2035 dictam
1808 2002 1892 2035 diem
1906 2012 1970 2037 xxti

1233 2056 1373 2090 octobris
1406 2056 1483 2090 dieti
1514 2056 1589 2089 anni
1621 2066 1725 2099 usque
1759 2066 1845 2089 nunc
1875 2055 1970 2089 etiam

1234 2109 1382 2150 decursi,
1409 2119 1537 2142 necnon
1568 2108 1667 2142 annui
1698 2108 1844 2142 redditus
1870 2109 1970 2142 dicta-

1233 2174 1303 2197 rum
1319 2162 1557 2207 parochialium
1583 2161 1795 2196 ecclesiarum
1825 2167 1859 2194 ut
1881 2172 1971 2205 prae·

1234 2218 1335 2251 fertur
1363 2215 1578 2249 uniendarum
1614 2215 1777 2258 (deducta
1802 2219 1907 2248 tamen
1932 2225 1969 2248 ex

1234 2271 1280 2304 eis
1304 2270 1489 2314 supradicta
1507 2270 1653 2312 congrua
1678 2273 1807 2301 centum
1831 2267 1969 2302 millium

1232 2334 1293 2367 pro
1311 2323 1455 2366 qualibet
1479 2332 1515 2355 ex
1541 2321 1644 2364 primo
1670 2326 1701 2354 et
1716 2321 1966 2362 secundodictis,

1233 2387 1269 2409 ac
1295 2376 1459 2418 octoginta
1489 2373 1623 2407 millium
1657 2374 1835 2417 respective
1869 2384 1966 2417 rega-

1233 2428 1310 2461 lium
1336 2428 1439 2461 dictae
1464 2432 1613 2460 monetae
1638 2437 1697 2470 pro
1724 2427 1905 2461 tertiodicta
1923 2428 1970 2460 vi-

1233 2481 1327 2514 cariis
1354 2486 1389 2513 ut
1420 2480 1604 2523 praefertur
1628 2478 1814 2523 erigendis)
1839 2479 1968 2513 insimul

1232 2534 1321 2568 mille
1340 2539 1568 2567 sexcentorum
1582 2532 1900 2576 nonagintaquatuor
1916 2532 1970 2565 du-

1233 2593 1375 2621 catorum
1394 2587 1463 2620 auri
1485 2586 1637 2620 similium
1655 2588 1797 2620 valorem
1812 2596 1965 2628 annuum,

1270 2652 1279 2678 1
1302 2649 1370 2679 Male
1390 2648 1454 2678 edit.
1475 2649 1558 2678 Μαίη,
1580 2648 1645 2686 legit
1659 2648 1852 2685 applicationi
1867 2650 1966 2684 (mr).

1976 256 2024 284 An.
2042 256 2069 283 C.
2092 257 2159 285 ¹716
