2269 3203
87 208 138 236 An.
153 207 183 235 C.
205 205 272 234 1723

92 1479 232 1505 Promovcndi
250 1478 277 1499 ad

93 1514 165 1530 sacros
178 1507 238 1527 ordnt
241 1511 262 1525 a

94 1541 136 1562 qua

93 1560 147 1588 {vtoll
144 1560 203 1582 red
199 1558 247 1580 bea
251 1560 278 1579 ut.

847 198 1057 225 INNOCENTIUS
1082 197 1139 222 xm
1165 197 1213 222 PP-

282 263 300 285 a
329 251 472 286 Concilio
505 251 696 285 Tridentino
722 249 933 294 praescriptis
967 248 1022 281 ad-

282 304 445 339 discendis
471 304 573 347 magis
592 304 720 337 assidue
741 302 929 336 incumbere
951 311 1024 344 pos-

282 359 362 399 sint,
390 363 579 397 teneantur,
605 357 691 389 iuxta
716 356 860 389 eiusdem
887 354 1021 388 Concilii

283 411 462 451 decretum,
490 411 604 443 diebus
639 414 763 442 tantum
800 407 888 440 sestis
913 407 1023 439 callie-

283 464 366 497 drali
392 464 530 507 aliisque
556 461 646 496 loci¹
672 461 819 495 ecclesiis
844 460 1020 499 inservire,

282 517 369 550 hane
395 517 528 560 quidem
553 515 676 549 servitii
709 525 770 558 per
799 524 855 546 eos
880 512 1023 546 obeundi

283 569 444 603 rationein
469 570 589 602 servari
616 569 649 601 in
674 567 826 601 omnibus
850 566 1024 610 IIispania-

283 633 354 656 rum
381 622 597 661 dioecesibus,
624 631 753 654 necnon
778 620 866 664 ipsos
891 630 1025 663 genera-

283 675 369 708 libus
395 676 560 708 dumtaxat
585 675 685 707 totius
710 674 789 707 cleri
817 673 1025 717 supplicatio-

283 728 379 761 nibus
404 727 469 760 sive
492 726 760 770 processionibus
782 726 950 766 interesse,
972 735 1026 758 vo-

283 781 392 814 lumus
407 780 654 820 etmandamus,
674 780 802 812 sublata
821 788 1025 823 quacumque

283 833 415 867 maioris
440 833 561 866 servitii
587 833 838 874 consuetudine,
860 832 955 865 etiam
973 832 1025 864 im-

283 886 508 926 memorabili,
541 885 791 929 postpositaque
818 885 914 918 etiam
947 895 1026 928 qua-

284 950 425 983 cumque
444 939 664 982 appellatione
688 944 743 972 aut
768 938 977 971 inhibitione.
994 937 1025 971 Si

284 993 371 1037 quod
399 999 506 1026 autem
537 993 745 1026 seminarium
779 992 963 1036 reperiatur
994 991 1026 1024 in

285 1047 378 1079 cuius
405 1046 596 1079 fundatione
622 1046 717 1079 aliter
734 1051 862 1079 cautum
884 1050 970 1078 esset
986 1045 1026 1078 ob

285 1099 445 1133 adiectam
485 1099 644 1142 gravioris
682 1099 805 1132 servitii
845 1100 952 1142 legem
989 1099 1028 1131 ab

284 1152 342 1186 illo
376 1152 431 1196 qui
465 1153 672 1186 seminarium
708 1153 813 1195 ipsum
847 1151 1029 1185 fundaverit

285 1215 342 1238 seu
369 1206 529 1238 dotaverit
554 1206 603 1238 vel
637 1205 724 1248 piam
757 1205 898 1248 aliquam
932 1204 1028 1247 largi-

284 1259 410 1292 tionem
436 1259 632 1298 contulerit,
659 1258 805 1301 episcopi
832 1258 870 1290 ad
897 1268 957 1291 nos
997 1263 1029 1290 et

283 1321 345 1355 pro
371 1316 518 1354 tempore
540 1311 733 1344 existentem
751 1310 932 1343 Romanum
949 1310 1029 1343 Pon-

284 1363 406 1396 tificem
432 1364 464 1396 id
490 1363 641 1403 referant,
667 1369 702 1395 ut
727 1363 869 1407 desuper
899 1374 1025 1407 oppor-

285 1422 363 1450 tune
388 1417 562 1460 providere
587 1418 727 1450 valeant.

331 1470 711 1514 §5.Praeie1ea,cum
743 1469 880 1503 maxime
917 1470 1029 1504 deceat

188 1533 353 1568 scient-aeos,
380 1534 435 1567 qul
471 1524 604 1567 pl'OPlUS
641 1524 681 1557 {ld
712 1530 928 1556 ΞΗϋῐὶῙίῑΞΞὶΠΊᾶ
964 1535 1030 1566 m}-

289 1577 388 1610 steria
413 1577 573 1610 accessuri
592 1583 677 1618 sunt,
696 1578 783 1610 ultra
799 1583 879 1610 cete}
880 1588 906 1610 a
924 1577 1030 1621 1equi-

288 1630 360 1671 sita,
386 1630 581 1673 congruenti
608 1630 703 1663 etiam
730 1631 856 1673 pollere
880 1631 1027 1671 scientia,

288 1694 352 1727 qua
376 1683 516 1727 praediti
542 1683 625 1716 viam
649 1683 761 1717 salutis
786 1684 933 1717 indicare
959 1683 1029 1717 aliis

290 1736 562 1770 christifidelibus
596 1737 745 1780 possint,
773 1736 919 1780 episcopi
950 1747 1030 1769 non-

288 1789 351 1823 nisi
378 1800 434 1823 eos
458 1801 495 1823 ex
521 1791 608 1823 clero
643 1796 705 1823 tam
737 1790 896 1824 saeculari
933 1801 1028 1833 quam

289 1842 433 1885 regulari
470 1842 509 1875 ad
534 1853 644 1876 sacros
677 1842 809 1875 ordines
845 1843 1028 1883 admittant,

290 1905 374 1938 quos
400 1896 442 1928 ob
468 1895 636 1929 scientiam
672 1895 817 1939 aliasque
857 1896 1031 1939 qualitates

291 1957 331 1981 eo
357 1947 459 1990 gradu
489 1959 564 1981 vere
596 1948 713 1992 dignos
744 1959 803 1992 per
838 1949 1029 1991 diligentem

289 1999 533 2043 inquisitionem
559 2001 789 2044 compererint,
808 2002 930 2034 adeout
953 2001 1029 2035 satis

291 2063 357 2086 non
383 2053 425 2086 sit
448 2055 523 2088 illos
550 2054 605 2097 qui
630 2055 815 2098 promoveri
837 2055 877 2087 ad
895 2055 1029 2088 ordines

289 2106 478 2150 praedictos
503 2112 628 2150 optant,
654 2107 798 2150 linguam
824 2108 956 2140 latinam
981 2108 1030 2140 in-

291 2159 457 2203 telligere,
495 2160 698 2194 catechismo
738 2160 913 2194 instructos
949 2171 1029 2201 esse,

292 2217 390 2256 atque
422 2217 497 2256 apte
529 2213 733 2256 respondere
758 2214 912 2256 quaesitis
946 2214 1030 2246 circa

291 2267 440 2300 ordinem
464 2267 708 2310 suscipiendum
733 2267 794 2299 sibi
826 2267 857 2299 in
884 2267 1030 2300 examine

291 2319 488 2363 propositis3
514 2320 567 2364 qui
599 2330 675 2353 vero
712 2319 751 2353 ad
785 2320 1031 2364 presbyteratus

293 2378 390 2405 erunt
413 2373 616 2414 assumendi,
648 2373 758 2406 idonei
783 2373 873 2416 prius
898 2383 959 2417 per
984 2383 1033 2406 ac-

293 2429 441 2458 curatum
458 2425 610 2458 similiter
627 2436 760 2459 examen
780 2425 1033 2469 comprobentur

292 2477 332 2511 ad
357 2478 570 2512 ministranda
593 2484 791 2512 sacramenta
816 2483 848 2511 et
871 2478 911 2511 ad
936 2489 1033 2521 popu-

292 2533 361 2567 lum
387 2531 571 2566 docendum
598 2542 635 2565 ea
660 2543 743 2576 quae
768 2531 849 2565 scire
881 2531 1033 2564 omnibus

330 2595 342 2621 1
365 2593 436 2621 Edit,
456 2593 536 2621 Main.
555 2593 621 2629 legit
641 2595 710 2622 locis
729 2602 778 2629 pro
799 2594 853 2621 Ioci
872 2595 910 2629 (n.
927 2593 980 2628 τ.).

1702 187 1767 222 933
1812 195 1999 223 An.c.1723

1065 245 1284 279 necessarium
1309 249 1359 278 est
1382 245 1420 277 ad
1447 246 1604 285 salutem;
1632 246 1719 288 quod
1738 245 1809 288 qui-

1066 300 1138 332 dem
1167 305 1201 332 ut
1224 304 1313 332 recte
1338 298 1494 341 praestari
1530 299 1643 341 possit,
1677 299 1809 331 eosdem

1067 353 1239 396 episcopos
1259 353 1291 386 in
1306 352 1442 385 Domino
1458 352 1637 391 hortamur,
1652 357 1694 391 ut,
1714 363 1810 394 qnan-

1069 412 1133 439 tum
1160 406 1230 439 lieri
1255 411 1375 449 potest,
1401 415 1457 438 eos
1485 410 1606 438 tantum
1639 404 1678 437 ad
1705 414 1812 436 sucer-

1068 459 1189 492 dotium
1215 465 1389 498 assumant,
1417 459 1469 502 qui
1489 460 1601 491 saltem
1621 457 1809 500 theologiae

1067 513 1198 546 moralis
1225 518 1452 556 competenter
1476 511 1573 555 periti
1599 511 1674 543 sint.

1112 566 1126 609 ἓ
1151 565 1182 598 6.
1210 565 1300 603 Quod
1327 566 1351 597 si
1371 565 1595 598 domicilium·
1588 574 1621 597 111
1642 574 1706 596 una
1727 563 1810 596 dioc·
1862 572 1889 592 Ait
1907 572 2005 597 „pm-030

1068 619 1132 651 cesi
1159 619 1326 658 babentes,
1341 618 1534 651 beneficium
1552 628 1628 650 vero
1647 617 1679 649 in
1698 617 1795 650 alter
1784 628 1809 657 ;,t
1821 599 1888 645 ¹r¹11¹
1946 605 1956 617 '¹

1069 672 1214 705 ordinati
1239 672 1278 705 ad
1312 672 1457 705 eiusdem
1495 670 1646 704 beneficii
1684 659 1868 703 titulumffi
1873 659 1922 724 :ti
1941 658 1964 697 1ιο
1959 658 2007 698 ii-l

1069 725 1252 769 optaverint
1276 725 1315 758 ab
1341 725 1505 768 episcopo,
1542 724 1575 757 in
1606 724 1698 756 cuius
1724 723 1812 756 dioe-
1823 712 1884 758 i'lrn'e
1897 711 2006 752 υἰῗωᾷἶῖ

1069 778 1132 811 cesi
1173 777 1370 811 beneficium
1403 777 1588 810 huiusmodi
1620 777 1715 809 situm
1749 783 1809 816 cst,
1824 762 1860 781 ¹¹⁴
1876 762 1915 779 ⁰¹

1069 831 1244 875 episcopus
1281 830 1439 864 domicilii
1474 830 1592 863 debeat
1622 840 1688 869 eos,
1728 828 1813 862 siin

1070 896 1160 918 suam
1192 885 1368 918 dioecesim
1403 884 1565 917 reversuri
1592 888 1686 923 sunt,
1713 893 1814 926 super

1070 938 1206 971 scientia
1229 938 1279 971 vel
1313 937 1491 971 idoneitate
1526 937 1710 969 examinare
1737 940 1812 968 ante

1070 991 1317 1024 concessionem
1339 990 1520 1024 litterarum
1544 988 1813 1023 testimonialium

1070 1054 1168 1088 super
1193 1055 1305 1077 eorum
1331 1044 1505 1083 natalibus,
1528 1048 1642 1081 aetate,
1669 1041 1814 1075 moribus

1071 1104 1102 1131 et
1125 1098 1200 1137 vita,
1225 1097 1313 1130 iuxta
1338 1097 1606 1130 constitutionem
1633 1095 1737 1128 felicis
1764 1105 1815 1127 re-

1071 1150 1271 1183 cordationis
1297 1148 1479 1182 Innocentii
1504 1149 1610 1191 Papae
1636 1148 1687 1180 XII
1721 1158 1815 1190 prae-

1072 1203 1251 1236 decessoris
1276 1202 1377 1235 nostri
1404 1212 1488 1245 quae
1520 1201 1637 1244 incipit
1662 1200 1815 1244 Specula-

1072 1260 1162 1296 tores,
1177 1255 1446 1294 obtinendarum,
1461 1254 1571 1288 addito
1586 1264 1718 1296 quoque
1733 1263 1815 1285 com·

1071 1315 1184 1352 pertae
1211 1308 1397 1342 idoneitatis
1423 1307 1610 1340 testimonio
1641 1306 1673 1338 in
1700 1306 1816 1338 iisdem

1072 1362 1206 1402 litte1·is;
1233 1371 1340 1404 neque
1373 1360 1507 1393 concedi
1542 1360 1728 1392 nullatenus
1762 1358 1818 1391 de-

1072 1415 1189 1455 beant,
1216 1415 1241 1447 si
1275 1414 1440 1447 antedicto
1474 1413 1619 1446 examine
1652 1418 1818 1455 tamquam

1073 1468 1200 1500 habiles
1226 1467 1396 1511 approbati
1434 1477 1500 1499 non
1539 1466 1682 1505 suerint;
1711 1465 1816 1507 iisque

1072 1521 1159 1554 iuxta
1183 1520 1394 1564 praemissam
1414 1519 1551 1552 sormam
1575 1529 1641 1551 non
1668 1518 1818 1561 impetra-

1073 1575 1124 1616 tis,
1150 1575 1285 1607 minime
1320 1574 1449 1617 possint
1480 1574 1519 1606 ab
1552 1573 1616 1605 alio
1644 1571 1815 1614 episcopo,

1073 1628 1123 1661 cui
1150 1628 1247 1661 etiam
1272 1627 1398 1660 ratione
1425 1626 1551 1659 obtenti
1577 1623 1726 1658 beneficii
1742 1625 1819 1657 sub-

1072 1681 1147 1714 iecti
1173 1681 1250 1721 sint,
1269 1680 1308 1713 ad
1331 1679 1462 1713 ordines
1486 1678 1694 1722 promoveri;
1723 1677 1815 1720 sique

1072 1745 1166 1767 secus
1191 1734 1253 1774 fiat,
1272 1733 1430 1766 ordinans
1457 1732 1588 1775 quidem
1610 1742 1626 1764 a
1642 1730 1817 1764 collatione

1073 1787 1226 1820 ordinum
1251 1796 1312 1830 per
1336 1796 1468 1825 annum,
1496 1784 1664 1817 ordinatus
1696 1794 1774 1816 vero
1800 1793 1818 1815 a

1073 1845 1299 1883 susceptorum
1327 1839 1476 1872 ordinum
1495 1837 1685 1872 executione
1711 1846 1818 1880 quam-

1074 1894 1127 1926 diu
1143 1893 1275 1937 proprio
1289 1892 1461 1925 Ordinario
1474 1891 1637 1925 videbitur
1650 1889 1816 1934 expedire,

1073 1957 1111 1980 eo
1136 1946 1208 1989 ipso
1233 1956 1410 1989 suspensus
1436 1945 1487 1986 sit,
1517 1945 1656 1987 aliisque
1682 1943 1817 1986 insuper

1073 1999 1274 2042 gravioribus
1310 1998 1424 2041 poenis
1466 2008 1525 2040 pro
1565 1997 1664 2029 modo
1701 1996 1816 2045 eulpge

1073 2058 1184 2085 nostro
1210 2057 1241 2084 et
1269 2061 1328 2094 pro
1361 2056 1510 2093 tempore
1548 2048 1716 2082 existentis
1754 2047 1817 2080 Ro-

1073 2106 1159 2139 mani
1185 2103 1349 2138 pontificis
1376 2103 1510 2137 arbitrio
1530 2101 1714 2149 infligendis
1731 2107 1819 2134 uter-

1074 2169 1137 2202 que
1163 2157 1341 2190 subiaceat.

1118 2211 1133 2254 ξ
1158 2210 1189 2243 7.
1216 2209 1361 2252 Cumque
1387 2209 1483 2242 etiam
1501 2207 1589 2240 iuxta
1606 2212 1816 2240 memoratam
1827 2211 2013 2259 dL‘¹'{.¹g'Zf]'}*J,¹J‚¹¹

1075 2263 1254 2297 Innocentii
1277 2262 1536 2306 praedecessoris
1554 2239 2013 2312 constitutionem&›31115340013-

1074 2317 1201 2350 tatione
1239 2327 1275 2349 ac
1318 2316 1413 2349 titulo
1449 2315 1600 2348 beneficii
1642 2315 1673 2346 in
1711 2314 2012 2371 ‘11161110110313‘1‘1101

1076 2369 1217 2403 dioecesi
1244 2369 1369 2402 obtenti
1399 2379 1465 2401 non
1491 2368 1586 2401 alitel
1609 2368 1706 2400 liceat
1731 2366 1816 2399 otdi-

1075 2434 1132 2456 nes
1151 2424 1191 2456 ab
1210 2423 1363 2466 episcopo
1381 2421 1525 2454 eiusdem
1543 2420 1701 2454 dioecesis
1719 2419 1818 2452 susei-

1075 2487 1179 2520 pere,
1204 2487 1300 2520 quam
1330 2476 1355 2508 si
1387 2474 1581 2508 beneficium
1614 2473 1816 2516 praedictum

1076 2530 1116 2563 sit
1141 2529 1209 2562 eius
1236 2529 1382 2562 redditus
1415 2533 1450 2560 ut
1475 2527 1515 2561 ad
1536 2536 1711 2569 congruam
1736 2524 1818 2558 vitae

1077 2583 1364 2623 sustentationem,
1392 2581 1543 2614 detractis
1569 2578 1734 2619 oneribus,
1760 2588 1818 2619 per

1960 606 2006 618 vtltt)

1935 628 1996 670 utullus
1989 628 2005 643 t
