2269 3203
253 239 303 267 An.
319 237 348 267 C.
371 237 434 267 1701
484 228 527 262 42

446 285 585 321 iusmodi
604 286 842 320 celebratarum
859 294 1014 318 numerus
1035 283 1118 323 sciri,
1138 293 1186 315 se-

448 346 587 384 cuteque
615 341 698 374 dicto
725 350 832 373 earum
851 338 1105 381 adimplemento
1124 335 1183 378 ipsi

447 393 606 438 capellani
626 393 784 426 removeri
806 391 939 435 possint,
960 400 996 422 ac
1019 390 1083 422 tale
1104 398 1184 421 onus

448 447 599 487 deficiat,
624 447 743 480 librum
777 444 1010 488 particularem
1026 469 1034 482 ,
1061 441 1094 473 in
1119 450 1182 483 quo

447 501 546 533 iidem
575 499 734 542 capellani
764 498 837 531 illas
859 497 1029 535 adnotent,
1049 492 1182 527 retineri

449 554 569 587 debere
596 552 802 586 decernimus
824 556 854 583 et
875 549 1074 582 ordinamus,
1101 547 1185 584 Quo-

447 607 532 640 niam
558 611 663 638 autem
681 605 705 637 si
731 605 834 637 dictae
861 602 974 634 missae
1000 601 1032 633 in
1058 599 1184 644 praedi-

447 662 496 692 cta
520 660 644 702 capella
668 656 879 690 celebrandae
907 655 1062 687 hactenus
1088 653 1184 685 omis-

447 723 511 752 sae,
529 713 566 744 ad
582 720 751 744 numerum
767 707 1024 751 vigintiquinque
1036 705 1183 746 millium,

447 765 528 800 sicut
553 763 780 808 praemittitur,
807 761 1029 798 ascendentes,
1057 759 1089 791 in
1115 759 1185 801 ipsa

447 820 572 863 capella
589 817 745 851 celebrari
763 815 931 853 deberent,
945 813 1083 846 aliorum
1101 812 1185 845 chri-

447 871 633 905 stifidelium
659 870 772 902 missas
799 868 831 900 in
850 867 962 900 eadem
988 866 1115 908 capella
1133 876 1185 898 ce-

448 925 567 958 lebrari
592 920 866 966 expostulantium
897 918 1084 959 devotioni,
1113 928 1184 951 cum

447 989 487 1012 ne
502 978 632 1022 quidem
649 977 711 1009 duo
730 974 842 1008 altaria
860 974 898 1007 ad
919 973 1075 1006 dictarum
1094 972 1186 1005 omis-

448 1043 554 1065 sarum
587 1036 619 1064 et
650 1029 784 1063 aliarum
817 1038 877 1070 pro
911 1031 1060 1069 tempore
1093 1026 1183 1059 celc-

446 1085 641 1118 brandarum
664 1083 829 1115 missarum
846 1079 1099 1113 celebrationem
1121 1079 1186 1111 sus-

447 1138 590 1177 ficerent,
610 1133 1097 1177 satisfieri,utpraese1·tur‚n0n
1114 1142 1187 1175 pos-

447 1191 525 1231 set',
549 1196 582 1222 ut
603 1188 786 1222 huiusmodi
802 1187 917 1220 missae
933 1187 1082 1227 omissae,
1104 1196 1185 1230 quae

448 1244 479 1277 in
506 1244 590 1276 dicta
615 1243 737 1285 capella
762 1240 977 1273 celebrandae
1003 1245 1120 1281 essent,
1146 1239 1185 1272 ad

446 1297 672 1341 quodcumque
699 1293 856 1328 ecclesiae
881 1293 1065 1336 praedictae
1084 1293 1185 1326 altare

446 1362 463 1383 a
488 1349 581 1383 dictis
607 1348 750 1392 quinque
784 1345 980 1390 deputandis
1006 1345 1186 1389 capellanis

447 1403 603 1438 celebrari
629 1404 773 1441 valeant,
797 1405 827 1434 et
852 1400 896 1432 sic
921 1400 1104 1433 celebratae
1129 1409 1186 1442 pe-

448 1457 540 1490 rinde
566 1455 799 1498 suffragentur,
834 1465 870 1487 ae
893 1454 919 1487 si
955 1454 994 1487 ad
1019 1463 1182 1487 memora-

448 1517 515 1544 tum
540 1510 644 1543 dictae
681 1510 825 1553 capellae
861 1510 963 1542 altare
999 1508 1185 1541 celebratae

448 1564 589 1603 fuissent,
607 1563 814 1596 concedimus
839 1567 871 1595 et
895 1561 1114 1604 indulgemus.
1141 1561 1186 1594 Ne

446 1628 521 1651 vero
544 1618 583 1650 de
609 1622 720 1650 cetero
744 1616 816 1648 talis
841 1615 1012 1648 missarum
1044 1614 1187 1647 celebra-

446 1670 603 1703 brationis
640 1669 773 1702 omissio
803 1667 990 1710 contingat,
1017 1678 1186 1700 numerum

447 1725 690 1767 capellanorum
717 1733 827 1755 sacrae
853 1721 971 1755 Domus
997 1721 1160 1764 praefatae
1178 1748 1185 1762 ,

450 1783 495 1811 tot
519 1777 643 1809 scilicet
674 1782 752 1819 quot
784 1775 823 1809 ad
849 1775 1098 1818 adimplendum
1124 1779 1187 1807 tam

448 1836 677 1875 perpetuarum
707 1841 803 1873 quam
835 1829 1032 1862 manualium
1064 1828 1129 1861 sive
1154 1828 1188 1861 in

449 1885 574 1927 capella
598 1884 663 1916 sive
682 1883 713 1916 in
739 1883 875 1916 ecclesia
900 1881 1075 1926 praedictis
1102 1882 1189 1914 cele-

449 1937 644 1970 brandarum
682 1937 850 1969 missarum
888 1946 969 1970 onus
1002 1935 1186 1976 sufficiant,

451 1991 644 2033 augendum,
670 1995 709 2030 et,
736 1995 771 2022 ut
793 1989 822 2022 in
850 1995 1016 2033 posterum
1043 1989 1081 2021 de
1106 1989 1190 2032 ipsa-

452 2054 522 2076 rum
558 2043 722 2076 missarum
760 2043 988 2076 celebrationis
1024 2042 1186 2085 adimple-

452 2102 559 2129 mento
585 2107 714 2140 semper
739 2102 886 2130 constare
913 2096 1024 2140 possit,
1048 2095 1130 2128 duos
1154 2094 1191 2129 li·

452 2151 527 2183 bros
553 2150 722 2183 distinctos
744 2156 776 2183 et
800 2156 966 2193 separatos
985 2149 1032 2193 (in
1053 2160 1190 2193 quorum

454 2214 519 2236 uno
541 2203 657 2236 missae
680 2204 858 2244 manuales,
874 2214 932 2247 pro
952 2214 1089 2247 quarum
1107 2204 1192 2236 cele-

454 2256 603 2289 bratione
623 2256 652 2288 in
674 2257 797 2299 capella
816 2262 847 2289 et
867 2257 1004 2289 ecclesia
1026 2256 1190 2290 huiusmo-

457 2309 487 2341 di
521 2309 746 2352 eleemosynae
772 2315 1001 2352 praestantur,
1030 2309 1063 2342 in
1088 2311 1191 2343 altero

454 2372 530 2394 vero
563 2372 675 2394 omnes
712 2363 852 2403 missae,
879 2374 960 2406 quae
994 2363 1024 2395 in
1052 2368 1191 2406 utroque

455 2416 527 2448 loco
563 2415 778 2453 celebrantur,
805 2415 1021 2458 adnotentur)
1048 2416 1192 2449 retinen-

456 2468 522 2507 dos,
546 2472 577 2500 et
599 2469 746 2510 quolibet
770 2469 918 2502 semestri
944 2470 976 2502 in
999 2474 1192 2512 perpetuum

456 2526 605 2563 computa
643 2527 870 2563 receputarum
909 2523 1192 2566 eleemosynarum

458 2579 488 2606 et
512 2573 747 2606 celebratarum
779 2574 948 2607 missarum
981 2581 1045 2609 tam
1075 2586 1193 2621 perpe-

493 2637 503 2662 1
527 2634 596 2662 Edit.
618 2634 697 2663 Main.
718 2635 781 2672 legit
798 2640 909 2672 possent
930 2644 966 2672 tn.
984 2637 1036 2674 T.).

1014 234 1193 260 BULLARIUM
1219 233 1374 258 Romanum

1228 286 1353 314 tuarum
1379 289 1475 322 quam
1499 277 1697 312 manualium
1726 277 1915 320 revidenda,
1934 283 1967 312 et

1227 333 1376 375 legaliter
1401 331 1505 365 revisa
1522 332 1562 365 ad
1584 332 1802 376 supradictam
1822 331 1967 375 Congre-

1227 386 1391 429 gationem
1402 386 1614 418 Lauretanam
1626 385 1873 419 transmittenda
1884 396 1964 425 esse,

1227 439 1287 472 suh
1314 438 1541 482 suspensionis
1561 439 1599 471 ab
1625 438 1747 479 officiis,
1765 439 1815 472 vel
1837 439 1965 472 illorum

1228 491 1426 534 privationis,
1448 501 1506 534 per
1524 502 1591 530 eos,
1609 491 1664 534 qui
1689 491 1775 524 dicta
1799 497 1964 535 computa,

1227 550 1261 577 ut
1286 545 1494 588 praefertur,
1521 555 1587 577 non
1622 544 1798 578 reviderint
1823 549 1877 578 aut
1901 556 1966 579 non

1229 597 1479 638 transmiserint,
1506 597 1728 638 incurrendis,
1757 597 1892 641 aliisque
1917 609 1968 631 ar-

1227 651 1324 685 bitrio
1350 651 1449 695 ipsius
1466 650 1736 694 Congregationis
1760 651 1968 695 imponendis

1228 705 1356 747 poenis,
1379 705 1548 738 statuimus
1570 713 1601 738 et
1625 704 1824 738 ordinamus.
1840 705 1967 746 Verum,

1228 758 1304 802 quia
1341 758 1542 802 experientia
1575 763 1778 802 compertum
1804 759 1966 800 hahetur,

1229 822 1343 845 omnes
1370 812 1483 844 missas
1503 817 1565 844 tam
1587 817 1763 856 perpetuas
1789 823 1884 856 quam
1903 823 1968 845 ma-

1229 866 1360 905 nuales,
1386 876 1468 908 quae
1494 865 1532 898 ad
1558 866 1658 898 altare
1688 865 1830 909 capellae
1856 865 1969 899 huius-

1230 918 1316 952 modi
1343 918 1503 952 celebrari
1529 924 1697 962 petuntur,
1715 919 1753 952 ad
1778 919 1858 952 illud
1885 921 1970 953 celc-

1229 971 1314 1004 brari
1340 982 1404 1004 non
1428 982 1533 1015 posse,
1559 977 1594 1004 ut
1618 971 1651 1004 in
1676 972 1819 1004 futurum
1837 971 1969 1005 missae¹

1230 1025 1416 1058 huiusmodi
1442 1025 1482 1058 ad
1508 1026 1608 1058 altare
1635 1025 1694 1058 sub
1721 1025 1812 1058 titulo
1836 1025 1888 1059 SS.
1906 1027 1970 1059 An-

1971 229 2023 258 An.
2043 229 2072 258 C.
2090 230 2156 259 1701

1230 1078 1446 1112 nunciationis
1484 1079 1589 1112 dictae
1627 1079 1773 1122 capellae
1808 1089 1970 1112 annexum
2002 1092 2010 1096 ·

1230 1132 1389 1165 celebrari
1415 1131 1562 1176 possint,
1588 1142 1624 1164 ac
1648 1131 1712 1165 illis
1728 1159 1735 1172 ,
1768 1142 1827 1175 pro
1851 1132 1971 1175 quibus

1229 1186 1412 1219 celebratae
1439 1185 1567 1224 suerint,
1592 1184 1818 1228 suffragentur,
1846 1191 1877 1218 et
1901 1186 1972 1229 pio-

1231 1250 1300 1272 rum
1327 1240 1519 1282 largitorum
1553 1239 1653 1272 menti
1680 1244 1708 1272 et
1739 1239 1892 1272 voluntati
1926 1250 1971 1272 sa-

1231 1293 1388 1326 tisfactum
1416 1293 1466 1333 sit,
1486 1292 1624 1335 perinde
1642 1303 1678 1326 ac
1696 1292 1743 1326 si⁹
1760 1293 1797 1325 ad
1817 1292 1973 1336 primodi-

1230 1352 1316 1380 ctum
1343 1348 1443 1380 altare
1468 1346 1655 1380 celebratae
1682 1346 1827 1387 fuissent,
1854 1356 1972 1380 conce·

1230 1401 1335 1434 dimus
1361 1400 1483 1444 pariter
1507 1404 1539 1432 et
1564 1400 1785 1443 indulgemus.

1273 1455 1288 1498 ξ
1312 1454 1344 1488 2.
1372 1454 1603 1494 Dccernentes,
1625 1453 1757 1487 easdem
1782 1458 1972 1497 praesentes

1230 1508 1353 1541 litteras
1378 1517 1510 1550 semper
1535 1507 1660 1546 firmas,
1686 1506 1808 1540 validas
1842 1512 1874 1540 et
1907 1507 1974 1541 effi-

1229 1572 1321 1594 caces
1337 1560 1476 1594 existere
1498 1566 1529 1593 et
1548 1561 1627 1600 sore,
1647 1570 1789 1604 suosque
1806 1561 1974 1604 plenarios

1230 1621 1261 1649 et
1285 1616 1429 1658 integros
1455 1613 1586 1648 effectus
1617 1614 1727 1647 sortiri
1753 1619 1785 1647 et
1810 1614 1973 1657 obtinere,

1230 1680 1265 1701 ac
1286 1668 1361 1707 iltis,
1378 1668 1417 1701 ad
1444 1679 1525 1711 quos
1552 1672 1679 1711 spectat
1696 1674 1728 1701 et
1744 1678 1804 1710 pro
1826 1672 1975 1712 tempore

1231 1722 1502 1765 quandocumque
1522 1721 1697 1764 spectabit,
1719 1721 1752 1754 in
1771 1721 1922 1754 omnibus
1943 1727 1976 1755 et

1232 1786 1291 1819 per
1313 1775 1422 1809 omnia
1446 1775 1636 1818 plenissime
1670 1774 1851 1817 suffragari,
1878 1779 1910 1807 et
1933 1776 1973 1808 ab

1232 1829 1277 1862 eis
1303 1828 1483 1871 respective
1518 1827 1749 1861 inviolabiliter
1786 1827 1971 1867 observari,

1232 1883 1341 1925 sicque
1377 1881 1409 1914 in
1444 1881 1634 1924 praemissis
1663 1891 1722 1924 per
1748 1890 1973 1924 quoscumque

1233 1935 1356 1968 iudices
1386 1934 1573 1968 ordinarios
1600 1938 1631 1966 et
1656 1934 1847 1976 delegatos,
1876 1934 1974 1967 etiam

1232 1999 1402 2022 causarum
1429 1987 1540 2032 palatii
1575 1987 1746 2031 apostolici
1782 1986 1975 2027 auditores,

1233 2053 1270 2076 ac
1295 2042 1326 2075 S.
1347 2042 1384 2075 R.
1408 2042 1442 2075 E.
1466 2041 1629 2085 praefatae
1655 2040 1848 2080 cardinales,
1876 2039 1974 2074 etiam

1234 2096 1273 2129 de
1298 2097 1401 2129 latere
1416 2096 1550 2138 legatos,
1569 2099 1601 2128 et
1618 2093 1699 2127 alios
1714 2094 1881 2137 quoslibet
1898 2104 1975 2138 qua-

1234 2160 1370 2192 cumque
1395 2147 1653 2192 praeeminentia
1679 2152 1711 2180 et
1727 2152 1887 2190 potestate
1906 2147 1976 2180 sun-

1235 2208 1346 2246 gentes
1372 2208 1402 2235 et
1427 2202 1616 2239 sunctur0s‚
1641 2200 1768 2234 sublata
1795 2200 1840 2233 eis
1865 2205 1896 2233 et
1920 2211 1979 2233 eoa

1235 2266 1305 2288 rum
1331 2254 1465 2287 cuilibet
1490 2253 1600 2296 quavis
1626 2253 1721 2286 aliter
1750 2252 1914 2285 iudicandi
1943 2258 1975 2285 et

1235 2306 1472 2350 interpretandi
1510 2306 1663 2338 facultate
1696 2311 1728 2338 et
1760 2306 1973 2345 auctoritate,

1235 2361 1371 2394 iudicari
1396 2366 1428 2393 et
1452 2359 1778 2399 deliniridebe1·e‚ac
1800 2359 1927 2391 irritum
1944 2364 1976 2391 et

1236 2416 1331 2448 inane
1357 2414 1383 2447 si
1413 2424 1506 2446 secus
1529 2423 1629 2456 super
1660 2413 1711 2446 his
1741 2424 1757 2446 a
1786 2423 1973 2456 quoquam,

1236 2468 1349 2512 quavis
1375 2466 1579 2506 auctoritate,
1597 2466 1808 2499 scienter-vel
1827 2465 1977 2509 ignoran-

1237 2527 1298 2562 ter,
1325 2519 1500 2563 contigerit
1528 2519 1693 2552 attentari.

1272 2595 1282 2620 1
1306 2592 1376 2619 Edit.
1397 2591 1476 2618 Main.
1498 2590 1565 2624 legit
1583 2591 1671 2618 missa
1691 2590 1731 2624 (a.
1748 2589 1796 2625 T.).

1271 2637 1286 2665 2
1307 2636 1444 2665 rarat-uta
1463 2635 1489 2665 si
1508 2643 1557 2664 nos
1577 2634 1703 2664 addimus
1724 2636 1760 2672 (a.
1777 2635 1826 2669 τ.).

2011 1465 2132 1487 Clausutae.
