2269 3203
94 212 144 238 An.
165 210 194 236 C.
214 210 282 237 ¹704

144 697 281 718 Consu-mano

95 725 158 745 relati
173 725 263 745 dcci-cti.

917 206 1057 231 ctmsszxs
1083 206 1114 229 >il
1140 207 1187 229 ΓΡ.

288 260 318 290 S.
350 259 497 289 Francisci
531 257 699 298 provinciae
734 255 868 287 Baeticae
902 255 1028 294 gratiam
1072 255 1122 288 vel
1147 254 1349 297 ignoranter,
1370 253 1720 296 contigeritattentari.
1741 253 1810 286 Non

288 308 368 338 iuxta
392 308 481 348 petita
504 307 629 346 benigne
651 306 773 336 indulsit
796 309 882 345 atque
911 313 1030 335 conces-

1073 307 1277 342 obstantibus
1305 306 1593 341 constitutionibus
1622 312 1653 339 et
1680 307 1812 340 ordina-

289 358 337 388 Ξῑῑ·
363 357 412 387 Die
434 366 484 387 xm
507 356 621 395 augusti
643 364 742 385 MDCOE·
763 372 800 377 -
816 357 860 385 1¹²¹
884 354 1030 394 reperitur
1074 362 1217 395 tionibus
1232 362 1430 405 apostolicis,
1443 361 1625 404 ceterisque
1640 359 1812 393 contratiis

289 406 319 436 in
342 411 474 445 regestro
493 406 641 436 decretum
670 403 910 442 Congregationis
933 412 1031 432 sacro·
1073 415 1350 459 quibuscumque·

289 465 354 486 rum
377 455 499 485 rituum.
528 454 559 484 In
594 462 718 493 quorum
750 453 848 491 sidem,
879 457 936 482 etc.
971 452 1030 481 Hac

289 505 336 534 die
358 513 395 534 xv
424 503 564 534 februarii
591 511 708 533 uncclv.
733 502 800 532 Loco
821 504 839 537 †
862 501 969 540 Ssyilli.
992 516 1031 521 —

291 553 324 583 G.
343 553 502 583 cardinalis
518 552 683 583 emmens
699 569 737 574 —
755 551 786 581 B.
808 550 963 580 lunanum
985 560 1031 581 sa-

290 611 358 632 crae
375 602 494 633 Rituum
512 600 753 640 Congregationis
769 600 946 631 secretarius
957 601 975 630 ¹.

337 678 351 722 ξ
376 678 407 712 ⁶2.
427 678 505 712 Cum
521 683 637 718 autem,
654 677 737 710 sicut
758 676 945 720 praedictus
966 676 1031 709 Bal-

293 732 403 766 thasar
428 731 521 765 nobis
547 731 687 764 subinde
709 730 827 774 exponi
848 729 935 771 fecit,
960 729 1031 773 ipse

293 786 459 820 decretum
485 785 687 825 huiusmodi,
711 795 773 828 qno
791 784 912 817 firmius
931 784 1031 817 subsi-

293 844 357 873 stat
393 844 424 872 et
460 843 608 872 servetur
644 837 795 878 exactius,
833 837 1031 881 apostolicae

294 892 550 926 confirmationis
578 897 710 926 nostrae
737 891 919 935 patrocinio
946 901 1032 924 com-

292 947 411 980 muniri
436 946 611 990 plurimum
630 945 811 979 desideret:
833 955 901 984 nos,
929 945 1032 988 ipsum

293 1001 517 1034 Baltbasarem
561 999 758 1044 specialibus
802 999 966 1032 favoribus
1004 1004 1034 1032 et

293 1053 404 1097 gratiis
429 1054 583 1097 prosequi
607 1054 764 1093 volentes,
784 1058 813 1085 et
834 1063 851 1085 a
869 1052 1034 1096 quibusvis

293 1106 654 1146 excommunicationis,
680 1105 905 1149 suspensionis
932 1111 962 1138 et
987 1106 1033 1138 in-

295 1161 438 1200 terdicti,
455 1160 591 1203 aliisque
604 1159 832 1192 ecclesiasticis
850 1160 1033 1200 sententiis,

293 1214 439 1248 censuris
458 1219 489 1247 et
504 1214 629 1257 poenis,
648 1224 665 1246 a
679 1214 749 1246 iure
767 1215 816 1247 rel
834 1215 872 1247 ab
891 1213 1034 1253 homine,

294 1268 407 1311 quavis
429 1267 603 1301 occasione
629 1268 678 1301 vel
705 1268 900 1308 consaldus,
927 1267 952 1299 si
971 1267 1036 1310 qui-

293 1322 354 1355 bus
390 1321 635 1365 quomodolibet
659 1321 833 1354 innodatus
858 1321 975 1361 existit,
998 1322 1035 1354 ad

1116 469 1232 501 Datum
1258 468 1388 507 Romae,
1422 468 1507 511 apud
1532 467 1563 500 S.
1588 467 1729 507 Petrum,
1754 465 1813 499 sub

1073 523 1196 556 annulo
1240 522 1432 562 piscatoris,
1471 522 1524 555 die
1560 531 1618 554 xui
1658 520 1813 553 februarii

1072 586 1204 617 uncciv,
1226 576 1440 620 pontificatus
1470 575 1575 608 nostri
1601 584 1688 607 anno
1710 585 1753 608 iv.

1110 639 1170 666 Dat.
1188 639 1232 666 die
1251 639 1283 666 13
1302 639 1436 666 februarii
1454 638 1530 672 1702,
1552 637 1652 673 pontif.
1674 645 1745 664 anno
1761 643 1796 663 ιν.

1408 782 1484 815 le.

1078 863 1300 906 Confirmatio*
1344 863 1506 896 decretum
1546 861 1818 905 Conqreqatiom's

1121 917 1342 960 episcoporum
1376 919 1404 948 el
1436 915 1643 958 reqularimn
1675 914 1713 947 de
1751 925 1816 947 ser-

1121 970 1229 1003 vanclci
1260 969 1492 1002 constitutione
1523 968 1708 1001 Innocentiz'
1753 967 1814 1007 XI,

1123 1024 1222 1056 etiam
1262 1022 1370 1067 quoad
1410 1022 1647 1055 restrictionem
1687 1021 1819 1053 numeri

1122 1084 1264 1120 quotuor
1285 1076 1550 1119 praedicatorum
1574 1075 1736 1108 vocalium
1759 1085 1819 1118 pro

1125 1131 1380 1173 Conqreqcoione
1396 1129 1600 1163 cisterciensi
1609 1128 1641 1162 S.
1654 1127 1820 1161 Bernardi

1124 1184 1159 1216 in
1184 1181 1390 1226 Hz‘spcmiis'.

1299 1263 1432 1290 Clemens
1453 1263 1534 1296 Papa
1554 1262 1600 1295 XI,

1224 1309 1261 1336 ad
1276 1309 1412 1336 futuram
1431 1308 1477 1336 rei
1493 1307 1676 1335 memoriam.

1708 194 1772 229 103
1819 203 1869 228 An.
1887 202 1915 228 c.
1940 201 2006 229 mot

296 1375 444 1409 effectum
470 1375 691 1419 praesentium
725 1375 891 1408 dumtaxat
922 1386 1037 1408 conse·
1125 1378 1189 1423 §i-
1209 1378 1378 1411 Emanavit
1402 1388 1507 1422 nuper
1524 1389 1542 1411 a
1559 1377 1821 1422 Congregatione
1859 1384 1975 1410 unios-¹10-

296 1429 476 1473 quendum,
506 1429 620 1461 harum
658 1428 741 1462 sei-ie
774 1429 980 1463 absolventes
1007 1434 1038 1462 et
1080 1433 1315 1466 venerabilium
1334 1433 1467 1465 fratrum
1486 1438 1672 1466 nostrorum
1688 1433 1769 1466 S.R.
1784 1433 1818 1466 E.

296 1483 478 1516 absolutum
504 1483 572 1516 sore
598 1488 781 1523 censentes,
821 1483 1036 1527 supplicatio-
1082 1486 1297 1519 cardinalium
1314 1485 1453 1528 negotiis
1474 1490 1506 1518 et
1526 1485 1822 1519 consultationibus

296 1537 392 1570 nibus
417 1536 486 1569 eins
512 1536 645 1569 nomine
671 1537 765 1569 nobis
786 1547 884 1580 snper
902 1538 963 1570 boc
982 1538 1037 1570 bu-
1083 1539 1311 1583 episcoporum
1337 1544 1369 1571 et
1399 1538 1599 1581 regularium
1632 1538 1823 1583 praeposita

296 1590 416 1624 militer
455 1591 617 1634 porrectis
658 1591 824 1631 inclinati,
871 1591 1038 1624 decretum
1083 1592 1249 1625 decretum
1288 1591 1408 1624 tenoris
1442 1592 1497 1635 qui
1523 1592 1684 1636 sequitur,
1709 1592 1823 1625 videli-

298 1643 550 1686 praeinsertum,
570 1644 764 1677 auctoritate
783 1645 972 1688 apostolica,
991 1650 1038 1678 te·
1083 1651 1150 1679 cet:

299 1706 381 1729 nore
409 1697 645 1739 praesentium,
667 1697 899 1731 confirmamus
928 1703 959 1730 et
984 1709 1038 1742 ap-
1122 1703 1153 1733 In
1177 1704 1265 1733 causat
1289 1706 1417 1733 vertente
1438 1703 1515 1733 inter
1528 1703 1700 1742 religionem
1713 1703 1742 1734 S.
1757 1704 1824 1734 Ber·
1906 1716 2020 1738 Decretum

298 1750 488 1793 probamus,
505 1749 618 1793 illique
630 1751 825 1784 inviolabilis
839 1753 1038 1795 apostolicae

1083 1753 1165 1783 nardi
1188 1752 1306 1783 Ordinis
1328 1752 1528 1782 Cisterciensis
1550 1753 1699 1783 reformati
1722 1754 1825 1793 Hispa·
1836 1743 2020 1768 ⁵³“'‘¹⁰⁶⁰¹³g‘⁶'

299 1802 460 1835 firmitatis
483 1803 584 1835 robur
609 1803 796 1843 adiicimus3
828 1804 1039 1837 salvatamen

1836 1774 1868 1795 ga(
1875 1776 1928 1790 ionis
1964 1775 2020 1790 amm

1084 1802 1212 1839 uiarum,
1237 1812 1271 1831 ex
1291 1803 1361 1839 una,
1380 1806 1406 1831 et
1423 1806 1519 1841 patres
1536 1802 1705 1841 Dionysium
1728 1802 1825 1832 Xime-
1835 1803 1920 1844 {32¹¹ssss
1946 1797 1980 1817 ‘¹¹⁸
2005 1802 2019 1817 ¹¹

133 1972 250 1993 channae.

299 1866 428 1900 semper
445 1856 476 1888 in
496 1856 682 1900 praemissis
709 1856 899 1890 auctoritate
920 1868 1039 1890 mento-

299 1915 387 1942 ratae
411 1909 680 1952 Congregationis
706 1910 932 1943 cardinalium.

344 1964 358 2007 ξ
382 1962 414 1997 3.
441 1963 671 2003 Decernentes,
698 1964 829 1996 easdem
854 1969 1042 2006 praesentes

298 2017 427 2050 litteras
451 2027 583 2060 semper
608 2017 724 2057 firmas,
751 2018 872 2050 validas
909 2023 942 2050 et
978 2018 1043 2050 effi—

300 2081 392 2104 caces
410 2070 547 2104 existere
566 2076 596 2103 et
616 2072 696 2111 sore,
718 2081 860 2114 suosque
877 2072 1043 2114 plenarios

301 2130 332 2156 et
355 2124 501 2167 integros
526 2124 661 2157 effectus
693 2124 802 2157 sortiri
827 2130 858 2157 et
882 2125 1042 2165 obtinere,

299 2188 336 2211 ac
359 2178 434 2217 illis,
457 2178 496 2210 ad
517 2188 596 2221 quos
623 2182 748 2221 spectat
769 2183 799 2210 et
816 2189 873 2221 pro
899 2183 1043 2221 tempore

301 2232 573 2275 quandocumque
592 2231 766 2274 spectabit,
781 2231 968 2274 plenissime
983 2232 1044 2264 sus-

302 2283 433 2326 sragari,
459 2284 570 2327 sicque
597 2284 628 2316 in
654 2284 840 2327 praemissis
866 2294 925 2327 per
946 2295 1043 2327 quos-

304 2347 443 2380 cumque
469 2337 592 2370 iudices
614 2337 796 2370 ordinarios
815 2342 845 2370 ct.
864 2338 1042 2380 delegatos

304 2389 401 2422 etiam
426 2400 597 2423 causarum
622 2389 734 2433 palatii
761 2390 933 2433 apostolici
955 2391 1044 2423 audi-

305 2447 406 2482 tores,
433 2443 568 2476 iudicari
588 2448 619 2476 et
637 2443 767 2476 definiri
794 2444 923 2483 debere,
951 2455 986 2477 ac
1005 2444 1043 2476 ir-

307 2494 401 2527 ritum
431 2501 461 2528 et
493 2496 589 2528 inane
621 2497 646 2528 si
681 2507 774 2528 secus
808 2507 906 2540 super
939 2497 989 2529 his
1026 2509 1042 2530 a

307 2556 481 2590 quoquam,
514 2548 624 2591 quavis
660 2549 861 2589 auctoritate,
900 2549 1043 2584 scienter

344 2609 354 2636 1
377 2608 447 2636 Edit.
469 2609 546 2639 Main.
565 2611 631 2647 legit
643 2613 831 2641 secretarium
848 2613 888 2648 (n.
906 2613 954 2647 τ.).

1085 1861 1152 1888 nes,
1170 1851 1291 1880 Paulum
1315 1851 1463 1890 Freyriam
1487 1855 1514 1880 et
1537 1850 1741 1887 adhaerentes,
1760 1860 1824 1890 par-

1086 1899 1164 1930 tibus
1193 1909 1227 1929 ex
1250 1899 1353 1936 altera,
1386 1899 1420 1929 de
1450 1904 1477 1930 et
1505 1908 1594 1938 super
1622 1899 1824 1930 observatione

1086 1949 1186 1979 Brevis
1210 1953 1329 1978 sanctae
1357 1948 1516 1978 memoriae
1546 1948 1709 1978 Innocentii
1732 1948 1767 1978 XI
1790 1949 1825 1979 de

1086 2007 1162 2028 anno
1197 2006 1366 2027 iioctxxvui
1401 1997 1530 2036 expediti
1565 2007 1616 2036 pro
1649 1997 1825 2028 limitatione

1087 2047 1202 2076 numeri
1224 2046 1458 2085 praedicatorum
1487 2046 1669 2084 generalium
1698 2046 1732 2076 ad
1756 2056 1826 2086 qua-

1087 2100 1153 2125 tuor
1176 2099 1305 2133 ternum,
1330 2100 1404 2125 etc.:
1429 2095 1515 2125 Sacra
1537 2094 1733 2133 Congregatio
1755 2096 1826 2125 emi-

1088 2145 1326 2174 nentissimorum
1344 2148 1371 2173 et
1388 2143 1701 2173 reverendissimorum
1717 2144 1822 2175 S.R.E.

1087 2194 1280 2224 cardinalium
1303 2193 1427 2232 negotiis
1454 2196 1482 2223 et
1505 2193 1768 2223 consultationibus
1799 2203 1826 2224 e-

1088 2244 1273 2283 piscoporum
1297 2247 1323 2272 et
1347 2243 1525 2281 regularium
1550 2243 1728 2281 praeposita,
1754 2243 1827 2272 refe-

1087 2296 1170 2322 rente
1193 2291 1425 2321 eminentissimo
1448 2290 1622 2327 Gabriellio,
1647 2291 1761 2321 censuit
1793 2301 1826 2321 ac

1087 2341 1226 2379 decrevit,
1238 2340 1419 2380 praedictum
1434 2340 1524 2370 Breve
1535 2344 1652 2370 sanctae
1669 2340 1827 2370 memoriae

1124 2436 1134 2460 1
1158 2433 1279 2460 Laudata
1306 2432 1460 2460 constitutio
1486 2432 1635 2459 iunocentii
1655 2432 1692 2459 XI
1712 2432 1755 2458 ed.
1778 2432 1829 2459 fuit

1087 2486 1157 2506 anno
1184 2484 1353 2509 lttDCLxxv111;
1382 2481 1407 2504 et
1434 2477 1467 2504 de
1492 2476 1742 2512 praedicationibus
1768 2476 1827 2503 vide

1087 2523 1192 2550 constit.
1210 2522 1252 2550 ed.
1266 2529 1356 2557 notun,
1370 2522 1412 2549 die
1427 2523 1456 2549 19
1472 2522 1614 2557 februarii,
1632 2521 1727 2557 pontif.
1745 2528 1765 2554 1,
1782 2529 1826 2547 se-

1087 2568 1173 2594 cundo
1194 2567 1269 2599 loc0;
1291 2570 1318 2593 et
1337 2566 1444 2594 constit.
1461 2566 1559 2594 editam
1575 2572 1691 2599 mccxx,
1708 2565 1752 2592 die
1767 2570 1826 2591 xxix

1087 2612 1161 2648 maii,
1182 2612 1276 2648 pontif.
1298 2618 1342 2641 xx.
