2269 3203
83 207 131 235 An.
147 207 174 235 C.
198 207 266 234 ¹710

913 207 1054 231 CLtiutiNs
1080 207 1110 231 xt
1136 207 1183 230 1¹1¹.

277 255 366 288 ribus
393 255 603 299 generalibus
628 256 808 289 consectam
827 254 907 288 etin
930 265 1020 298 prae-

278 309 372 342 dictis
399 310 574 343 Clementis
600 310 638 343 lx
668 308 932 353 praedecessoris
969 308 1020 341 lit-

278 362 354 396 teris
390 363 574 403 insertam,
612 373 684 395 cum
721 367 794 395 voto
832 362 1018 395 eorumdem

277 416 463 450 auditorum
485 443 492 456 ,
517 415 770 458 suffragantibus
797 415 918 458 pariter
943 426 1015 448 om-

277 469 392 509 nibus,
419 469 571 502 similiter
603 468 808 511 procederet.
835 467 914 500 Dicti
941 478 1017 501 vero

277 523 441 565 capellani
468 528 499 555 et
528 521 692 555 auditores
713 548 720 561 ,
748 521 799 554 die
833 530 873 553 xn
907 521 1019 554 ianua-

276 575 315 608 rii
340 585 448 609 MDccv
464 602 471 615 ‚
499 575 760 608 demonstrantes
786 573 936 617 pluribus
970 585 1019 606 ra-

279 628 421 661 tionibus
448 628 563 661 dietam
590 627 777 671 bipartitam
803 637 858 659 seu
884 637 1018 659 concor-

278 681 362 715 diam
394 681 459 714 imo
497 680 750 714 transactionem
776 691 844 713 esse
871 681 992 713 nullam
1009 707 1017 720 ‚

277 735 440 775 iniustam,
467 735 682 779 inaequalem,
702 740 733 768 et
759 735 937 767 enormiter
954 735 1018 767 lae-

276 788 375 821 sivam
394 815 401 829 ,
429 788 481 822 die
507 799 538 822 iv
573 788 729 821 februarii
768 787 914 821 eiusdem
942 788 1015 820 anni

276 843 371 876 aliam
398 841 596 875 decisionem
624 848 655 875 et
679 847 798 881 votum,
826 841 858 874 in
884 851 949 885 quo
967 840 1017 873 lit·

276 901 361 929 teras
385 895 666 939 compulsor-iales,
681 906 698 928 a
718 894 882 938 praedicto
900 895 1017 927 Ioanne

275 949 514 983 monachorum
532 949 799 983 Castellaenovae
826 948 938 991 eisque
964 948 1018 981 ad-

276 1002 483 1035 haerentium
515 1008 731 1046 procuratore
766 1001 895 1044 petitas,
922 1011 1019 1043 nega-

276 1059 360 1095 runt,
376 1055 562 1089 ediderunt.
591 1055 799 1089 Postmodum
815 1061 932 1095 autem,
947 1066 1018 1087 cum

277 1109 363 1142 dicta
387 1109 542 1152 bipartita
562 1110 652 1142 nulla
670 1115 701 1142 et
716 1109 836 1141 iniusta
853 1108 1019 1141 declarata

276 1162 411 1202 suisset,
440 1162 613 1195 memorati
641 1163 758 1195 Paulus
785 1168 815 1194 et
847 1161 1018 1204 Dionysius

276 1221 507 1259 procuratores
533 1216 565 1248 in
600 1216 713 1249 eadem
748 1215 914 1258 signatura
948 1225 1020 1257 gra-

277 1270 337 1302 tiae
364 1268 416 1302 die
442 1279 507 1302 xxii
544 1269 739 1312 septembris
766 1278 873 1302 mnccv
909 1278 1017 1300 coram

275 1321 370 1355 nobis
406 1321 529 1365 pariter
583 1322 720 1362 habita,
761 1321 950 1354 institerunt
986 1326 1017 1353 ut

275 1376 555 1409 committerenuis
567 1375 672 1408 eidem
685 1375 939 1418 Congregationi
955 1385 1019 1407 car-

275 1429 455 1470 dinalium,
483 1435 644 1474 quatenus
671 1430 739 1473 ipsa
763 1440 823 1473 pro
845 1440 928 1462 novo
944 1434 1019 1462 tein-

275 1487 466 1526 peramento
492 1482 690 1517 stabiliendo
708 1493 781 1516 cuni
799 1487 873 1515 voto
891 1493 1019 1515 eorum-

276 1536 350 1569 dem
389 1535 571 1569 auditorum
615 1542 645 1569 et
682 1537 926 1580 capellanorum
962 1546 1042 1580 no-¹

275 1595 416 1622 strorum
442 1590 648 1632 procederet.
668 1590 782 1623 Votum
803 1594 907 1622 tamen
926 1600 1020 1632 prae-

276 1643 380 1677 dictae
405 1643 594 1685 signaturae
621 1643 679 1676 suit
709 1649 743 1675 ut
760 1644 906 1686 praefata
925 1653 1018 1675 causa

275 1696 528 1740 Congregationi
554 1695 740 1739 particulari
768 1707 785 1729 a
810 1697 903 1729 nobis
919 1697 1018 1739 depu-

276 1751 393 1783 tandae
419 1749 691 1783 committeretur.
720 1749 886 1792 Proposita
914 1755 1018 1782 autem

275 1803 442 1847 praedicta
465 1804 560 1835 causa
586 1802 635 1835 die
652 1812 682 1836 1v
715 1802 868 1835 februarii
884 1812 1017 1836 itDccru

275 1856 308 1889 in
318 1855 580 1899 Congregatione
595 1856 830 1888 nonnullorum
850 1857 1019 1889 venerabi-

275 1911 354 1945 lium
371 1910 506 1942 sratrum
521 1914 707 1942 nostrorum
723 1908 868 1942 eiusdem
887 1909 967 1942 S.R.
980 1909 1012 1942 E.

275 1963 489 1998 cardinalium
515 1973 575 2006 per
605 1973 664 1995 nos
697 1962 882 2005 specialiter
916 1963 1018 2007 depu-

276 2018 362 2059 tata,
394 2027 459 2050 non
495 2015 564 2049 sine
602 2015 743 2049 scissura
780 2020 929 2049 votorum
967 2027 1016 2049 re-

274 2071 432 2114 scriptum
457 2069 533 2102 suit:
559 2068 652 2103 nobis
678 2069 927 2113 supplicandum
947 2080 1014 2104 esse

275 2135 335 2169 pro
361 2123 569 2168 expeditione
587 2123 723 2157 aliarum
739 2123 921 2157 litterarum
941 2135 1016 2167 apo-

275 2178 460 2212 stolicarum
487 2177 520 2210 in
547 2176 647 2211 simili
673 2177 774 2211 forma
800 2177 917 2217 Brevis,
945 2188 1015 2210 cum

275 2231 444 2265 sanatione
475 2231 661 2264 nullitatum
698 2231 899 2274 bipartitae,
939 2231 1016 2265 alio-

275 2295 412 2329 rumque
439 2284 644 2325 defectuum,
671 2285 695 2317 si
722 2284 776 2327 qui
804 2290 935 2325 essent,
970 2295 1017 2318 re-

276 2339 425 2372 ducendo
450 2344 523 2372 vota
548 2338 739 2381 capitularia
764 2339 802 2371 ad
841 2339 1017 2382 aequalita-

277 2397 353 2433 tem,
373 2392 469 2425 etiam
488 2392 652 2425 mediante
670 2393 901 2436 subrogatione
913 2394 1018 2437 proxi-

277 2444 418 2477 miorum
443 2445 476 2477 in
503 2445 663 2478 desectum
689 2446 927 2487 graduatorum.
961 2447 1018 2480 Ye-

277 2508 359 2536 rum,
387 2497 461 2540 quia
486 2497 633 2530 desectus
669 2499 805 2532 sanandi
843 2499 960 2533 detecti
987 2505 1019 2533 et

277 2550 433 2595 publicati
458 2549 490 2581 in
518 2550 736 2584 decisionibus
761 2558 1017 2586 memoratorum

278 2603 462 2638 auditorum
488 2604 732 2646 capellanorum
765 2611 953 2640 nostrorum
987 2617 1018 2640 e-

383 2665 461 2695 Ball.
483 2664 568 2694 Rom.
591 2682 621 2686 -
647 2666 705 2695 Vol.
729 2666 805 2696 XXI.
949 2668 981 2698 51

1702 198 1761 232 1101

1065 265 1216 289 normem
1244 255 1423 289 laesionem
1449 261 1477 289 et
1505 256 1702 297 iniustitiam,
1729 268 1807 301 quo-

1065 319 1134 341 rum
1161 308 1305 349 sanatio,
1331 308 1509 352 praecipue
1536 315 1610 352 post
1644 315 1706 342 tam
1735 311 1806 344 lon-

1064 373 1137 405 gam
1162 363 1252 396 litem
1273 389 1279 402 ,
1306 363 1423 395 rationi
1451 368 1482 396 et
1507 363 1662 406 aequitati
1693 375 1806 407 parum

1064 426 1211 449 consona
1244 416 1440 456 ridebatur,
1476 417 1721 449 ostendebant:
1759 417 1806 450 id-

1064 469 1149 502 circo
1175 469 1333 512 praedicti
1360 469 1477 502 Paulus
1496 475 1527 502 et
1542 469 1712 513 Dionysius
1732 481 1806 513 pro-

1063 528 1229 555 curatores
1255 533 1351 566 super
1377 523 1460 555 dicta
1485 523 1689 556 resolutione
1723 523 1806 556 Con-

1063 575 1264 618 gregationis
1290 575 1496 618 particularis
1521 586 1537 608 a
1564 575 1656 608 nobis
1687 575 1806 609 iterum

1062 628 1166 661 audiri
1194 628 1422 671 impetrarunt.
1450 629 1569 661 Eadem
1602 634 1708 661 tamen
1735 640 1806 672 par-

1063 680 1205 713 ticularis
1247 680 1460 714 cardinalium
1502 681 1718 724 Congregatio
1753 682 1805 715 die

1063 744 1132 767 xxvi
1159 733 1236 766 iunii
1264 733 1342 766 dicti
1366 733 1441 766 anni
1465 743 1598 767 unccvu
1618 734 1804 777 respondit:

1061 787 1096 819 in
1122 786 1236 819 decisis
1261 787 1356 819 iuxta
1387 786 1532 819 modum.
1560 787 1672 819 Modus
1697 793 1805 820 autem

1063 840 1127 880 suit,
1147 846 1181 873 nt
1207 840 1362 884 bipartita
1387 841 1484 874 etiam
1502 841 1610 885 quoad
1631 847 1695 875 tres
1714 853 1805 885 prae-

1061 893 1217 928 sidentias
1244 900 1443 935 servaretur;
1472 895 1628 938 quodque
1647 896 1679 928 in
1702 895 1803 928 tribus

1062 947 1217 992 proximis
1240 948 1402 991 capitulis,
1426 959 1462 981 ex
1488 949 1543 981 illa
1568 948 1742 982 medietate
1764 949 1804 982 ad

1062 1001 1240 1034 monachos
1258 1001 1400 1034 nationis
1418 1001 1457 1035 de
1478 1001 1611 1034 Puertos
1630 1012 1649 1034 α
1667 1012 1704 1034 ca
1721 1013 1804 1035 nun-

1063 1059 1197 1096 cupatae
1219 1059 1386 1097 spectante
1408 1054 1577 1087 monachis
1594 1053 1804 1098 Campesinis,

1062 1106 1286 1139 conferrentur
1312 1112 1437 1150 septem
1469 1107 1637 1146 abbatiae,
1671 1118 1707 1140 ex
1734 1109 1804 1150 qui-

1062 1159 1122 1191 bus
1148 1165 1288 1202 quatuor
1318 1165 1427 1193 essent
1455 1160 1614 1201 matrices,
1645 1161 1803 1195 Gallaecis

1062 1219 1171 1246 autem
1199 1225 1276 1255 sex,
1302 1225 1337 1247 ex
1365 1216 1482 1258 quibus
1509 1220 1572 1248 tres
1597 1215 1721 1258 pariter
1757 1227 1805 1249 es-

1063 1272 1133 1299 sent
1158 1267 1331 1307 matrices,
1360 1274 1391 1300 et
1425 1268 1563 1301 ulterius
1597 1269 1683 1302 inter
1719 1269 1804 1313 ipsos

1063 1320 1211 1363 quolibet
1231 1320 1372 1354 triennio
1390 1331 1453 1353 una
1471 1321 1690 1365 praesidentia
1709 1324 1804 1356 alter-

1063 1379 1212 1415 naretur;
1229 1375 1383 1418 quodque
1400 1374 1503 1408 ossicia
1519 1376 1721 1419 ciqstitularia,
1737 1387 1804 1410 nec-

1063 1439 1129 1461 non
1154 1439 1252 1462 voces
1279 1429 1475 1472 capitulares
1510 1434 1572 1462 tres
1599 1440 1636 1463 ex
1666 1435 1806 1473 quatuor

1062 1482 1211 1525 partibus
1238 1482 1343 1516 dictae
1369 1482 1552 1516 medietatis
1578 1484 1805 1517 conferrentur

1063 1536 1155 1569 dictis
1173 1536 1342 1569 monachis
1362 1536 1518 1570 Callaecis
1536 1542 1567 1569 et
1589 1536 1803 1581 Campesinis,

1064 1590 1145 1622 sacta
1177 1590 1262 1622 inter
1299 1600 1355 1623 eos
1389 1590 1515 1634 aequali
1550 1591 1802 1633 distributione,

1063 1649 1093 1676 et
1110 1643 1182 1676 data
1204 1643 1297 1676 dictis
1313 1643 1482 1676 monacbis
1501 1644 1703 1687 Campesinis
1716 1655 1804 1688 prae-

1062 1696 1182 1729 latione
1203 1696 1235 1728 in
1255 1707 1327 1729 casu
1346 1697 1473 1729 numeri
1493 1697 1686 1740 i11aequatis;
1706 1701 1742 1730 ea
1761 1705 1804 1732 ta-

1062 1760 1137 1782 men
1152 1749 1277 1782 adiecta
1295 1750 1366 1792 lege
1386 1754 1419 1781 ut
1441 1749 1473 1782 in
1491 1750 1641 1792 quolibet
1659 1751 1803 1794 capitulo

1062 1809 1124 1835 tam
1143 1803 1291 1835 abbatiae
1307 1813 1401 1845 quam
1424 1802 1527 1835 officia
1546 1803 1731 1837 huiusmodi
1752 1816 1803 1838 va-

1062 1855 1241 1895 riarentur;
1259 1855 1406 1898 reliquae
1423 1866 1498 1888 vero
1510 1855 1804 1900 abbatiae‚p1·aesi-

1062 1908 1199 1948 dentiae,
1211 1908 1315 1941 officia
1328 1909 1519 1953 capitularia
1535 1915 1565 1942 et
1577 1920 1669 1943 voces
1683 1911 1804 1954 capitu-

1061 1962 1145 1995 lares
1157 1961 1243 1994 inter
1253 1962 1433 1995 monachos
1445 1962 1642 2006 reliquarum
1657 1964 1802 1997 omnium

1061 2015 1229 2048 nationum
1246 2016 1284 2049 de
1304 2016 1438 2049 Puertos
1453 2027 1471 2048 a
1490 2027 1525 2049 ca
1544 2023 1804 2060 nuncupaturum

1062 2069 1339 2102 distribuerentur
1354 2081 1361 2111 3
1388 2070 1431 2103 ita
1449 2076 1554 2104 tan‘ien
1572 2076 1607 2104 ut
1624 2072 1729 2114 quoad
1748 2073 1804 2106 ab·

1060 2122 1162 2155 batias
1188 2123 1341 2156 monachi
1367 2123 1533 2156 Asturiani
1554 2151 1561 2165 ,
1599 2124 1735 2158 Rioxani
1773 2132 1805 2158 et

1061 2176 1291 2210 Montanenses
1317 2187 1369 2210 sex
1397 2182 1519 2210 tantum
1546 2178 1729 2219 haberent;
1757 2179 1804 2212 os-

1061 2230 1167 2263 ticium
1194 2241 1270 2264 vero
1297 2232 1506 2273 generalatus
1522 2231 1554 2264 in
1572 2232 1715 2265 secundo
1733 2243 1804 2276 pro-

1062 2285 1146 2318 ximo
1165 2284 1308 2329 capitulo
1323 2285 1485 2318 monacho
1496 2285 1804 2319 GallaecovelCam-

1061 2339 1176 2382 pesino
1196 2339 1415 2372 conferretur.
1438 2339 1550 2380 Porro,
1571 2350 1640 2372 cum
1660 2340 1741 2373 baec
1757 2351 1804 2373 re-

1061 2393 1191 2431 solutio,
1218 2402 1301 2436 quae
1320 2392 1504 2436 aliqualiter
1522 2393 1699 2426 laesionem
1722 2398 1803 2426 tem-

1061 2450 1180 2488 perat,
1208 2445 1332 2478 eisdem
1360 2446 1530 2479 monacbis
1558 2445 1758 2489 Campesinis
1773 2452 1803 2478 et

1062 2498 1219 2532 Gallaecis
1255 2510 1426 2542 gravamen
1457 2499 1592 2532 minime
1620 2499 1711 2532 tollat
1742 2510 1802 2532 nec

1062 2552 1198 2592 auserat,
1213 2552 1276 2586 imo
1291 2553 1399 2597 potius
1414 2552 1677 2596 praedomininm
1696 2552 1801 2585 sactio-

1062 2606 1111 2639 nis
1136 2606 1290 2641 adversae
1317 2606 1510 2648 confirmet,
1547 2606 1646 2639 iidem
1683 2605 1800 2639 Paulus

1812 207 1860 234 An.
1882 207 1910 235 C.
1929 208 1996 235 1710
