2269 3203
233 241 281 269 An.
300 242 329 269 c.
353 241 420 268 1722
467 233 532 266 914
1014 243 1193 267 BULLARIUM

426 292 444 328 †
467 291 526 329 Ego
551 291 670 321 Ioannes
685 292 814 332 Baptista
837 292 914 322 tituli
935 293 965 322 S.
985 291 1126 331 Stephani
1142 291 1171 321 in

505 340 600 370 Monte
629 341 723 370 Caelio
753 341 903 380 presbyter
927 339 1086 370 cardinalis
1106 339 1172 369 Pto-

507 389 648 419 lomaeus.

426 438 445 473 †
466 437 526 476 Ego
556 438 588 467 B.
612 438 690 467 tituli
725 439 754 467 S.
779 438 859 468 Petri
893 438 922 467 in
951 438 1047 467 Monte
1075 438 1171 467 Aureo

506 486 657 526 presbyter
680 487 838 516 cardinalis
860 486 987 516 Scottus.

424 537 443 571 †
463 534 523 573 Ego
555 535 691 565 Nicotaus
723 535 802 564 tituli
843 534 872 564 S.
906 534 979 564 Sixti
1019 534 1171 574 presbyter

504 584 663 614 cardinalis
685 583 818 622 Spinula.

423 634 441 670 ’ἴ
463 633 521 671 Ego
544 632 685 670 Georgius
707 632 735 662 S.
760 631 882 670 Agnetis
900 631 1055 670 presbyter
1077 631 1171 661 cardi—

503 681 579 710 nalis
595 680 727 719 spinula,
741 680 899 710 cardinalis
914 680 942 710 S.
957 680 1081 718 Agnetis
1097 689 1170 709 nun-

505 734 639 768 cupatus.

423 781 441 816 †
462 779 521 817 Ego
544 778 684 817 Iosephus
707 778 784 808 tituli
808 780 836 807 S.
861 779 1014 808 Susannae
1037 777 1171 808 cardina-

504 827 540 856 lis
562 827 687 866 Pereyra
710 827 745 856 de
768 827 794 856 la
817 827 919 857 Gerda.

422 877 440 913 †
464 876 522 914 Ego
544 876 664 906 Michael
688 876 856 905 Fridericus
886 875 963 905 tituli
992 875 1020 905 S.
1045 875 1170 906 Sabinae

503 924 656 964 presbyter
672 924 830 953 cardinalis
853 924 888 953 de
910 924 1049 953 Althann.

421 975 439 1011 †
461 973 519 1012 Ego
542 973 647 1002 lannes
663 973 790 1011 Baptista
815 973 892 1002 tituli
910 972 938 1002 S.
957 973 1073 1002 Priscae
1090 982 1170 1012 pres-

502 1022 586 1061 byter
609 1022 770 1051 cardinalis
792 1021 942 1051 Salernus.

422 1073 441 1108 †
464 1071 523 1109 Ego
546 1071 671 1100 Alvarus
695 1070 716 1099 1.
742 1072 772 1099 S.
797 1070 995 1099 Bartholomei
1018 1070 1048 1099 in
1072 1070 1168 1100 Insula

503 1120 657 1159 presbyter
680 1119 838 1148 cardinalis
861 1118 1043 1157 Cienfuegos.

421 1170 440 1205 †
473 1168 531 1206 Ego
558 1168 590 1198 B.
619 1168 655 1197 M.
685 1167 706 1197 I.
740 1167 768 1197 S.
794 1167 934 1197 Bernardi
965 1168 999 1197 ad
1029 1167 1169 1198 Thermas

502 1216 652 1255 presbyter
671 1215 830 1245 cardinalis
853 1216 888 1245 de
911 1215 1085 1253 Comitibus,
1110 1225 1170 1246 ma-

500 1266 545 1295 ior
568 1265 823 1304 poenitentiarius.

421 1317 439 1351 †
461 1315 519 1352 Ego
542 1315 573 1344 B.
598 1314 626 1344 S.
656 1314 761 1344 Mariae
788 1314 818 1343 in
846 1313 899 1343 Via
926 1313 1008 1351 Lata,
1026 1313 1168 1343 diaconus

500 1364 658 1393 cardinalis
682 1363 874 1402 Pamphilius.

420 1414 437 1450 †
460 1413 518 1451 Ego
541 1412 645 1442 Petrus
663 1412 691 1441 S.
710 1411 858 1441 Laurentii
882 1411 912 1440 in
927 1411 1050 1440 Damaso
1073 1411 1169 1441 diaco-

503 1471 558 1491 nus
581 1461 739 1491 cardinalis
761 1460 935 1497 Ottobonus‚
959 1459 1073 1490 sals.
1092 1460 1169 1490 vice-

501 1510 706 1540 cancellarIus.

420 1562 438 1598 †
460 1560 518 1598 Ego
542 1559 563 1588 Ι.
589 1559 623 1588 P..
641 1558 670 1588 S.
688 1558 805 1596 Georgii
827 1558 857 1587 in
879 1557 1003 1588 Velabro
1023 1557 1167 1587 diaconus

504 1608 661 1638 cardinalis
683 1607 858 1646 imperialis.

422 1658 440 1693 †
464 1657 523 1694 Ego
546 1657 576 1686 L.
601 1656 629 1686 S.
654 1656 783 1693 Agathae
807 1656 835 1685 in
855 1654 1001 1684 Montibus
1025 1654 1167 1684 diaconus
1188 1666 1190 1680 ι

502 1705 661 1734 cardinalis
683 1705 717 1734 de
739 1704 870 1734 Alteriis.

421 1756 439 1791 †
460 1754 519 1791 Ego
537 1753 662 1782 Annibal
686 1752 714 1782 S.
739 1753 845 1781 Mariae
867 1752 897 1781 in
921 1751 1073 1782 Cosmedin
1105 1760 1168 1781 car-

502 1801 608 1831 dinalis
630 1800 770 1837 Albanus,
791 1800 819 1830 S.
838 1801 872 1829 R.
892 1800 923 1829 E.
941 1800 1132 1829 camerarius.

422 1853 440 1887 †
465 1851 523 1888 Ego
546 1849 662 1880 Gurtius
684 1849 713 1879 S.
731 1849 879 1879 Eustachii
909 1849 1051 1878 diaconus
1073 1849 1167 1878 cardi-

503 1900 578 1928 nalis
600 1899 717 1936 ttrigus.

421 1950 438 1985 †
461 1948 519 1986 Ego
542 1947 649 1978 Fabius
670 1948 714 1977 Ss.
738 1947 796 1977 viti
826 1951 854 1977 et
882 1947 1003 1977 Modesti
1026 1947 1168 1977 diaconus

507 1996 663 2026 cardinalis
686 1995 839 2025 Oliverius.

421 2047 438 2083 †
460 2046 518 2084 Ego
540 2045 704 2074 Alexander
732 2044 761 2075 S.
791 2044 913 2074 Adriani
945 2044 1085 2074 diaconus
1108 2053 1168 2074 car-

502 2093 608 2123 dinalis
641 2093 780 2128 Albanus,
816 2093 975 2123 cardinalis
1002 2093 1168 2123 Alexander

502 2146 701 2181 nuncupatus.

463 2191 494 2220 P.
516 2191 674 2220 cardinalis
697 2191 907 2230 pro-datarius.

462 2240 496 2269 F.
520 2240 678 2269 cardinalis
701 2239 855 2269 OliveriuS.

506 2287 569 2317 Visa
584 2289 615 2316 cle
633 2287 729 2325 Carisi,
754 2288 774 2317 Ι.
790 2288 823 2318 G.
842 2289 974 2327 archiep.
993 2288 1165 2318 Amasenus.

814 2337 844 2366 L.
863 2337 1086 2367 Manrmerrrs.

463 2386 513 2416 Die
536 2385 622 2414 lunae
647 2395 681 2414 xv
697 2385 771 2415 iunii
786 2394 926 2416 Moccxxu
949 2386 1167 2425 suprascriptae

423 2434 537 2464 litterae
560 2434 734 2472 apostolicae
752 2434 782 2463 in
806 2435 893 2473 plena
908 2435 1028 2464 Camere.
1045 2434 1167 2472 Aposto-

423 2483 481 2512 lica
499 2482 646 2512 exhibitae
669 2487 696 2511 et
719 2487 921 2520 praesentatae
937 2483 1066 2519 suerunt,
1085 2481 1166 2510 illae-

423 2541 480 2570 que
503 2530 703 2560 illustrissimo
726 2534 754 2559 et
776 2531 1022 2559 reverendissimo
1047 2530 1165 2559 domino
1186 2553 1187 2568 y

424 2579 549 2609 Guidoni
572 2579 606 2608 de
631 2578 747 2616 Palagio
779 2578 908 2607 eiusdem
932 2578 1067 2608 Gamerae
1090 2578 1166 2616 Apo·
1186 2575 1187 2587 ¹

423 2628 543 2658 stolicae
579 2627 686 2659 clerico
722 2627 895 2658 commissae
929 2636 995 2658 cum
1027 2627 1165 2658 facultate

1219 244 1373 268 ROMANUM
1963 245 2012 271 An.
2029 244 2057 272 C.
2081 246 2148 273 1722

1214 291 1387 322 admittendi
1403 303 1410 331 3
1428 293 1532 323 deinde
1556 301 1624 323 vero
1646 292 1700 323 sub
1722 293 1768 323 die
1790 301 1857 323 xxvi
1879 294 1956 324 eius—

1213 340 1278 370 dem
1302 341 1422 380 mensis,
1446 341 1534 371 citato
1557 341 1682 380 desuper
1703 341 1904 372 illustrissimo
1927 345 1956 372 et

1213 390 1458 420 reverendissimo
1480 390 1599 419 domino
1622 391 1729 420 Ioanne
1747 391 1848 421 Carolo
1870 391 1956 420 Pian-

1212 438 1343 475 castello,
1360 439 1454 467 dictae
1476 438 1614 468 Gamerae
1645 439 1846 469 commissario
1868 448 1956 477 gene-

1212 486 1278 523 rali,
1291 496 1324 515 ex
1336 487 1453 516 decreto
1465 487 1556 526 ipsius
1569 487 1705 517 Gamerae
1723 488 1799 517 idem
1818 488 1957 517 illustris-

1212 535 1303 564 simus
1325 539 1354 564 et
1375 536 1639 565 reverendissimus
1661 536 1797 565 dominus
1816 537 1851 566 de
1873 536 1956 566 Pala-

1212 583 1259 620 gio
1286 583 1420 613 Gamerae
1443 584 1627 623 Apostolicae
1656 585 1781 614 clericus
1811 589 1839 615 et
1867 585 1952 615 iudex

1213 633 1433 662 commissarius
1450 634 1605 672 deputatus
1624 634 1743 663 admisit
1758 638 1786 664 et
1804 634 1954 672 registrari

1213 681 1373 719 mandavit,
1390 686 1418 711 et
1440 682 1613 719 registratae
1627 682 1747 713 suerunt
1767 682 1797 712 in
1820 682 1894 714 libro
1916 683 1955 712 si-

1212 734 1404 768 gnaturarum
1427 730 1620 760 Sanctissimi.

1524 877 1640 911 XXVII.

1215 956 1437 990 Comvnt'ttitnr
1471 958 1592 989 nuncio
1620 957 1775 1001 Neapolis
1810 960 1954 992 executio

1257 1009 1499 1042 constitutionis
1530 1010 1701 1044 Clementis
1726 1011 1779 1043 XI
1801 1011 1838 1044 de
1873 1023 1954 1044 reu-

1256 1063 1353 1094 m‘one
1370 1063 1590 1095 coenobiorum
1605 1063 1637 1095 S.
1652 1063 1774 1096 Luciae
1795 1063 1832 1096 de
1848 1064 1956 1097 Monte

1257 1125 1293 1147 ac
1317 1115 1354 1146 de
1371 1115 1498 1147 Porticc'
1512 1116 1700 1158 provinciae
1717 1116 1956 1158 Neapolitanae

1256 1168 1400 1210 fratrum
1425 1167 1462 1200 de
1490 1168 1702 1201 Obseruantia
1739 1169 1956 1202 Discalceato-

1255 1228 1330 1250 rum
1354 1219 1538 1261 Hispaniae
1552 1217 1572 1251 ¹.

1210 1298 1377 1325 Venerabili
1396 1298 1483 1325 fratri
1516 1299 1696 1333 Hieronymo
1729 1300 1955 1335 archiepiscopo

1247 1343 1499 1375 Tessalonicensi,
1512 1346 1616 1370 nostro
1632 1347 1663 1371 et
1673 1344 1755 1371 Sedis
1765 1345 1954 1378 Apostolicao

1246 1386 1277 1413 in
1296 1394 1388 1421 regno
1409 1387 1547 1420 Neapolis
1568 1389 1688 1420 nuncio,

1387 1440 1582 1466 Innocentius
1604 1441 1681 1474 Papa
1700 1441 1776 1468 XIII.

1440 1502 1626 1528 Venerabilis
1646 1502 1750 1534 frater,

1251 1546 1382 1572 salutem
1397 1548 1428 1572 et.
1445 1546 1643 1578 apostolicam
1658 1546 1909 1573 benedictionem.

1255 1617 1318 1659 gl.
1347 1617 1433 1649 Alias
1458 1627 1516 1659 per
1545 1617 1739 1650 recolendae
1771 1618 1950 1652 memoriae
2005 1627 2020 1647 Α
2041 1627 2148 1649 clemente

1962 1653 1988 1674 Xl
1999 1654 2148 1675 dismembrati

1188 1669 1409 1702 ·Glemcntem
1440 1669 1558 1712 Papam
1592 1670 1629 1702 XI
1662 1671 2019 1714 praedecessoremfiwre
2052 1681 2148 1706 prem-21³

1928 1724 1934 1730 ,
1962 1707 2052 1727 cenobia
2068 1710 2088 1727 vt
2103 1708 2148 1727 uni·

1211 1728 1359 1754 nostrum
1384 1728 1535 1764 accepto,
1562 1723 1649 1765 quod
1672 1723 1757 1756 inter
1782 1728 1858 1756 tunc
1886 1734 1983 1765 cxi-15³
2025 1739 2148 1758 nmo-enemo

1212 1781 1334 1808 stentcs
1353 1775 1468 1807 fratres
1486 1775 1715 1818 Neapolitanos
1737 1781 1769 1809 et
1791 1777 1951 1820 Hispanos
1963 1761 2076 1780 ‘mmm‘

1212 1828 1398 1871 provinciae
1417 1828 1448 1861 S.
1466 1829 1550 1861 Petri
1567 1829 1605 1861 de
1619 1830 1789 1862 Alcantara
1805 1830 1835 1862 in
1851 1841 1953 1873 regno

1212 1881 1426 1924 Neapolitano
1449 1882 1584 1914 fratrum
1602 1882 1876 1916 Discalceatorum
1899 1884 1953 1917 Hi-

1213 1935 1345 1978 spanIae
1364 1935 1493 1968 Ordims
1508 1936 1665 1968 Minorum
1683 1936 1714 1968 S.
1734 1936 1893 1970 Francisci
1914 1937 1953 1970 de

1212 1988 1423 2021 Observantia
1454 1994 1714 2031 nuncupatorum
1744 1990 1853 2032 plures
1875 2000 1953 2022 con-

1214 2041 1387 2074 troversiae
1400 2047 1531 2074 exortae
1544 2041 1803 2084 reperiebantur,
1815 2042 1951 2086 fierique

1212 2094 1366 2137 nequibat
1398 2099 1432 2126 ut
1465 2094 1542 2127 dicti
1575 2095 1708 2135 fratres,
1748 2095 1951 2129 habitatione

1213 2153 1243 2180 ct
1260 2157 1369 2180 rerum
1390 2149 1620 2181 communione
1639 2149 1815 2189 coniuncti,
1833 2149 1948 2182 animis

1213 2205 1244 2232 et
1269 2200 1439 2233 contrariis
1461 2201 1576 2233 studiis
1597 2211 1662 2233 non
1688 2201 1895 2242 dissiderent,
1915 2212 1951 2235 ac

1211 2253 1349 2297 proinde
1376 2254 1569 2297 expediebat
1594 2265 1648 2287 eos
1675 2254 1713 2286 ab
1739 2253 1876 2287 invicem
1902 2265 1952 2287 se-

1212 2307 1340 2348 gregari
1366 2317 1373 2339 t
1410 2307 1496 2340 idem
1527 2307 1675 2340 Clemens
1699 2307 1951 2350 praedecessor,

1247 2412 1255 2437 1
1282 2410 1398 2437 Laudata
1419 2410 1526 2444 constit.
1549 2411 1612 2437 edit.
1635 2410 1685 2437 fuit
1705 2417 1833 2444 MDccxu,
1855 2411 1897 2438 die
1917 2412 1951 2439 23

1210 2454 1483 2490 deceiubrispontis.
1503 2462 1556 2487 x1u;
1569 2455 1615 2481 sed
1632 2455 1685 2482 alia
1704 2456 1952 2484 dismembrationis

1210 2503 1281 2525 extat
1303 2499 1408 2526 constit.
1432 2499 1497 2525 edit.
1520 2505 1609 2525 mnecu
1623 2520 1629 2532 ‚
1651 2499 1693 2525 die
1716 2501 1746 2526 15
1767 2501 1949 2535 septembris,

1210 2543 1304 2577 pontif.
1327 2551 1357 2574 11¹,
1369 2547 1395 2569 et
1411 2543 1549 2569 Benedicti
1562 2543 1619 2570 XIII
1631 2548 1716 2570 coust.
1734 2544 1797 2571 edit.
1810 2551 1950 2578 moccxxvt,

1209 2587 1251 2614 die
1271 2587 1305 2614 28
1326 2587 1460 2620 ianuarii,
1482 2587 1576 2622 pontif.
1599 2595 1629 2621 11,
1651 2588 1740 2622 agitur
1759 2588 1793 2617 de
1813 2589 1951 2617 erect'mne

1208 2631 1332 2660 coenobii
1352 2632 1380 2659 in
1400 2631 1541 2668 provincia
1561 2631 1709 2661 Valentiae.
