2269 3203
289 206 326 232 An
356 205 385 232 C.
405 204 471 232 ¹7¹3
516 197 581 230 574

480 254 689 298 potissimum
715 254 784 288 illas
815 264 896 298 quae
930 254 960 286 in
992 253 1118 286 famosis
1149 253 1216 284 lan-

482 307 563 339 senii
589 306 880 350 propositionibus,
907 312 937 339 et
962 306 1092 348 quidem
1120 304 1149 336 in
1177 314 1215 336 eo

481 370 591 399 sensu,
625 359 655 392 in
691 370 755 402 quo
785 360 845 392 hae
876 359 1045 391 damnatae
1077 358 1216 396 suerunt,

481 412 636 456 acceptis,
670 412 890 450 continentur,
921 411 1090 443 manifeste
1126 411 1217 442 inno-

480 469 605 505 vantes,
626 465 812 507 respective,
840 464 898 495 hac
924 465 1032 496 nostra
1057 467 1217 505 perpetuo

480 517 618 550 valitura
643 515 874 550 constitutione
900 516 1111 556 declaramus,
1134 515 1218 547 dam-

483 579 596 602 namus
633 574 664 602 et
695 568 920 612 reprobamus.
960 568 1148 601 Mandantes
1186 579 1218 599 o-

482 622 611 654 mnibus
636 621 803 664 utriusque
829 632 921 654 sexus
939 619 1215 656 christifidelibus,

480 685 522 707 ne
556 675 594 707 de
632 675 727 707 dictis
765 673 1043 717 propositionibus
1081 673 1216 712 sentire,

482 727 601 760 docere
627 737 663 760 ac
686 726 875 770 praedicare
902 726 995 759 aliter
1012 730 1219 769 praesumant

483 790 579 823 quam
606 779 637 812 in
657 780 717 812 hac
734 779 844 812 eadem
863 780 973 812 nostra
990 777 1217 811 constitutione

482 832 680 872 continetur,
707 832 750 864 ita
774 837 808 864 ut
838 831 1031 874 quicumque
1066 830 1138 863 illas
1170 831 1219 862 vel

482 885 611 918 illarum
637 885 779 928 aliquam
804 884 1002 917 coniunctim
1023 884 1072 916 vel
1092 882 1218 915 divisim

483 937 653 978 docuerit,
686 937 889 977 defenderit,
916 936 1077 975 ediderit,
1102 941 1156 968 aut
1180 935 1218 968 de

483 990 539 1029 eis,
555 991 651 1024 etiam
669 990 875 1033 disputative,
894 988 1023 1032 publice
1045 994 1099 1021 aut
1116 989 1219 1032 priva·

484 1044 539 1076 tim
560 1044 754 1082 tractaverit,
774 1042 834 1075 nisi
858 1043 964 1075 forsan
986 1042 1219 1085 impugnando,

483 1096 711 1130 ecclesiasticis
744 1095 907 1136 censuris,
938 1095 1072 1138 aliisque
1107 1100 1220 1128 contra

482 1149 601 1182 similia
626 1154 854 1193 perpetrantes
879 1160 896 1181 a
917 1148 985 1182 iure
1003 1148 1129 1181 statutis
1147 1159 1221 1192 poe-

484 1202 543 1241 nis,
563 1201 632 1245 ipso
658 1202 741 1234 sacto
767 1201 889 1245 absque
914 1202 975 1235 alia
1001 1201 1220 1235 declaratione

483 1255 661 1288 subiaceat.
678 1255 826 1289 Ceterum
844 1266 904 1299 per
924 1266 1109 1299 expressam
1126 1265 1221 1298 prae-

484 1309 618 1341 fatarum
659 1308 920 1352 propositionum
959 1308 1221 1351 reprobationem

484 1360 546 1394 alia
572 1361 602 1393 in
630 1362 745 1394 eodem
763 1361 846 1394 libro
864 1366 1018 1394 contenta
1038 1361 1221 1393 nullatenus

483 1414 666 1457 approbare
687 1414 907 1453 intendimus,
935 1424 1005 1446 cnm
1027 1413 1221 1456 praesertim

484 1465 516 1500 in
543 1467 682 1499 decursu
709 1466 865 1499 examinis
888 1467 1072 1510 complures
1091 1466 1168 1498 alias
1190 1466 1220 1497 in

484 1531 522 1553 eo
540 1520 856 1563 deprehenderimus
875 1520 1126 1563 propositione&
1145 1519 1219 1558 illis,

484 1583 565 1615 quae
591 1577 621 1604 ut
648 1582 744 1616 supra
781 1573 947 1604 damnatae
978 1573 1118 1611 suerunt,
1146 1582 1222 1604 con-

484 1624 605 1657 similes
632 1629 663 1658 et
688 1624 811 1664 affines,
839 1624 1022 1667 iisdemque
1056 1623 1222 1656 erroribus

485 1677 643 1718 imbutas,
671 1688 730 1710 nec
762 1688 838 1710 sane
870 1688 998 1721 paucas,
1026 1678 1086 1709 sub
1112 1677 1222 1720 imagi-

484 1732 575 1764 nario
609 1731 750 1774 quodam
784 1731 884 1764 veluti
917 1730 1092 1773 grassantis
1123 1730 1220 1762 hodie

484 1783 723 1827 persecutionis
750 1783 894 1822 obtentu,
918 1782 1170 1816 inobedientiam
1192 1788 1222 1815 et

484 1836 698 1880 pervicaciam
738 1837 936 1876 nutrientes,
979 1846 1099 1879 easque
1141 1835 1221 1867 falso

484 1889 680 1922 christianae
717 1889 890 1932 patientiae
929 1888 1059 1921 nomine
1096 1887 1222 1931 praedi-

485 1947 614 1981 cantes,
640 1951 718 1984 quas
749 1947 920 1984 propterea
953 1941 1137 1983 singulatim
1173 1951 1219 1973 re-

485 2005 619 2027 censere
646 2001 675 2027 et
702 1994 796 2027 nimis
822 1996 953 2036 longum
973 2004 1043 2026 esse
1062 1994 1221 2033 fluximus,

485 2052 517 2079 et
553 2047 683 2080 minime
723 2046 963 2086 necessarium,
1004 2057 1039 2079 ac
1073 2047 1221 2086 demum,

486 2100 571 2142 quod
598 2099 833 2132 intolerabilius
868 2105 937 2138 est,
965 2109 1090 2131 sacrum
1118 2099 1222 2142 ipsum

486 2151 563 2184 Novi
603 2152 801 2195 Testamenti
835 2158 953 2184 textum
995 2151 1223 2184 damnabiliter

487 2206 631 2238 vitiatum
656 2206 921 2249 compererimus,
939 2212 969 2239 et
990 2206 1082 2239 alteri
1102 2206 1221 2238 dudum

487 2258 678 2300 reprobatae
703 2258 843 2291 versioni
861 2258 996 2300 gallicae
1014 2257 1172 2291 Montensi
1191 2257 1222 2289 in

486 2311 596 2343 multis
622 2311 837 2351 conformem,
863 2321 880 2343 a
904 2310 1037 2352 Vulgata
1061 2321 1138 2342 vero
1159 2310 1224 2343 edi-

488 2364 586 2404 tione,
612 2374 692 2407 quae
718 2369 761 2396 tot
787 2364 988 2396 saeculorum
1017 2373 1076 2395 usu
1106 2363 1136 2395 in
1168 2363 1225 2395 Ec-

488 2416 584 2449 clesia
609 2416 746 2458 probata
772 2422 819 2447 est
851 2422 947 2458 atque
974 2416 1013 2447 ab
1034 2414 1222 2448 orthodoxis

488 2469 637 2501 omnibus
667 2478 725 2511 pro
757 2468 941 2501 authentica
968 2467 1081 2500 baberi
1115 2467 1222 2507 debet,

1055 202 1235 228 BULLARtt'M
1259 202 1276 226 R
1283 201 1415 227 OMANL'M

1260 261 1358 295 saepe
1385 250 1499 284 noxios
1525 260 1638 284 sensus
1669 261 1733 283 non
1763 249 1832 283 sine
1862 248 1997 281 maxima

1259 304 1471 347 perversitate
1497 304 1673 337 detortum.
1694 302 1849 335 Eumdem
1867 306 1997 345 propte-

1261 367 1315 389 rea
1342 357 1469 396 librum,
1497 361 1610 398 utpote
1645 366 1703 398 per
1734 355 1844 388 dulces
1874 363 1997 387 sermo-

1260 420 1318 442 nes
1345 416 1375 442 et
1399 409 1658 448 benedictiones,
1684 413 1718 441 ut
1743 408 1919 451 Apostolus
1951 407 1998 439 lo-

1261 462 1378 504 quitur,
1405 463 1467 495 hoc
1493 467 1550 501 est,
1575 462 1634 494 sub
1669 461 1743 493 salsa
1765 461 1836 503 piae
1870 459 1997 492 institu-

1262 513 1360 547 tionis
1386 515 1536 557 imagine,
1562 514 1757 547 seducendis
1774 512 1997 546 innocentium

1262 567 1414 600 cordibus
1439 569 1535 610 longe
1554 567 1805 605 accomodatum,
1827 565 1891 598 sive
1909 575 2000 608 prae-

1261 620 1366 653 missis
1384 621 1449 653 sive
1467 620 1530 653 alio
1550 620 1664 663 quovis
1687 619 1779 652 titulo
1794 618 1997 661 inscriptum,

1261 673 1458 716 ubicumque
1484 678 1514 705 et
1539 682 1747 717 quocumque
1765 671 1828 705 alio
1846 670 1998 704 idiomate

1262 736 1317 758 seu
1355 726 1467 769 quavis
1498 725 1640 759 editione
1671 731 1724 758 aut
1756 723 1908 758 versione
1941 723 2000 755 ha-

1262 784 1375 811 ctenus
1391 779 1592 822 impressum,
1608 785 1660 812 aut
1673 779 1706 811 in
1720 783 1885 822 posterum
1899 776 1999 820 (quod

1262 831 1362 874 absit)
1385 831 1647 875 imprimendum,
1666 831 1855 865 auctoritate
1872 835 2000 873 aposto-

1263 883 1335 923 lica,
1357 889 1468 917 tenore
1494 884 1726 927 praesentium,
1745 884 1863 917 iterum
1888 882 2001 926 prohi-

1262 936 1375 969 bemus
1392 947 1428 969 ac
1444 937 1594 970 similiter
1618 938 1819 976 damnamus;
1846 935 2001 980 quemad-

1263 990 1392 1022 modum
1419 990 1515 1023 etiam
1542 990 1621 1024 alios
1658 1000 1768 1023 omnes
1803 995 1835 1023 et
1858 989 2001 1032 singulos

1264 1041 1295 1074 in
1318 1041 1386 1074 eius
1412 1043 1634 1076 defensionem
1661 1049 1724 1075 tam
1755 1043 1875 1085 scripto
1906 1052 2000 1085 quam

1265 1095 1348 1138 typis
1373 1095 1488 1135 editos,
1514 1106 1569 1128 seu
1597 1096 1705 1128 forsan
1731 1095 1833 1138 (quod
1857 1094 1942 1127 Deus
1970 1105 2001 1127 a·

1263 1149 1382 1190 vertat)
1419 1148 1563 1181 edendos
1600 1148 1702 1182 libros
1746 1158 1801 1181 seu
1852 1147 1999 1187 libellos,

1265 1211 1444 1244 eorumque
1471 1201 1657 1240 lectionem,
1678 1200 1938 1243 descriptionem,
1957 1210 2002 1233 re·

1266 1253 1444 1286 tentionem
1463 1258 1493 1286 et
1515 1264 1618 1293 usum,
1640 1254 1792 1287 omnibus
1814 1258 1845 1286 et
1865 1252 2000 1295 singulis

1265 1306 1543 1345 christifidelibus,
1570 1306 1628 1338 sub
1652 1305 1759 1349 poena
1785 1305 2000 1339 excommuni-

1265 1359 1400 1392 cationis
1425 1370 1483 1402 per
1507 1359 1776 1392 contrafacientes
1808 1358 1880 1402 ipso
1916 1358 1999 1392 facto

1266 1412 1473 1453 incurrenda,
1500 1412 1713 1456 prohibemus
1748 1411 1870 1455 pariter
1898 1417 1929 1444 et
1953 1411 2000 1443 in·

1267 1465 1465 1498 terdicimus.
1493 1464 1709 1508 Praecipimus
1739 1464 1874 1507 insuper
1906 1474 2001 1497 vene-

1266 1518 1424 1551 rabilibus
1455 1517 1608 1550 fratribus
1642 1517 1844 1560 patriarchis,
1876 1517 2001 1550 arehie-

1266 1570 1407 1613 piscopis
1432 1576 1463 1603 et
1489 1570 1661 1613 episcopis,
1687 1570 1823 1613 aliisque
1853 1571 2001 1602 locorum

1265 1623 1462 1662 Ordinariis,
1488 1633 1615 1655 necnon
1634 1622 1819 1655 haereticae
1837 1621 2002 1664 pravitatis

1266 1675 1526 1719 inquisitoribus,
1552 1681 1585 1708 ut
1610 1675 1866 1708 contradictores
1895 1679 1927 1707 et
1952 1685 2002 1707 re-

1266 1729 1369 1761 belles
1415 1739 1635 1772 quoscumque
1676 1738 1735 1771 per
1774 1737 1929 1760 censuras
1971 1734 2003 1760 et

1266 1792 1387 1825 poenas
1413 1782 1582 1824 praefatas,
1609 1781 1734 1823 aliaque
1761 1780 1839 1812 iuris
1869 1785 1899 1812 et
1928 1779 2000 1812 sacti

1266 1835 1419 1875 remedia,
1439 1835 1584 1868 invocato
1603 1834 1700 1866 etiam
1719 1834 1757 1866 ad
1779 1833 1851 1873 hoc,
1875 1833 1900 1865 si
1919 1843 2001 1876 opus

1266 1887 1373 1927 fuerit,
1399 1887 1527 1920 brachii
1561 1886 1735 1920 saecularis
1769 1885 1899 1926 auxilio,
1933 1896 2001 1919 om-

1265 1940 1342 1973 nino
1369 1942 1541 1973 coerceant
1566 1946 1598 1972 et
1622 1939 1830 1982 compellant.

1309 1995 1324 2037 ἓ
1360 1993 1391 2025 5.
1418 1993 1571 2026 Volumus
1604 1997 1713 2025 autem
1748 1997 1782 2024 ut
1816 1991 2003 2025 earumdem

1265 2047 1488 2090 praesentium
1509 2045 1737 2088 transumptis,
1760 2044 1856 2078 etiam
1871 2045 2004 2087 impres-

1266 2100 1310 2132 sis
1331 2126 1338 2139 ,
1371 2109 1466 2132 manu
1491 2098 1627 2132 alieuius
1653 2097 1769 2131 notarii
1788 2097 1912 2140 publici
1929 2097 2005 2129 sub-

1266 2152 1404 2195 scriptis,
1424 2157 1455 2184 et
1476 2151 1585 2193 sigillo
1610 2160 1773 2193 personae
1799 2149 1831 2181 in
1847 2148 2003 2191 dignitate

1267 2203 1489 2237 ecclesiastica
1509 2203 1703 2236 constitutae
1730 2201 1870 2240 innuitis,
1890 2201 2005 2234 eadem

1267 2267 1402 2300 prorsus
1443 2255 1523 2288 fides
1560 2255 1770 2293 adhibeatur,
1809 2264 1892 2296 quae
1926 2253 2004 2297 ipsis

1267 2309 1479 2352 originalibus
1509 2308 1626 2340 litteris
1659 2306 1874 2339 adhiberetur
1905 2306 1931 2338 si
1957 2306 2004 2339 so-

1267 2367 1339 2395 rent
1371 2360 1535 2394 exhibitae
1559 2360 1609 2391 vel
1635 2364 1795 2392 ostensae.

1312 2415 1325 2457 ξ
1351 2414 1381 2446 0.
1410 2413 1494 2446 Nulli
1521 2422 1598 2455 ergo
1617 2412 1786 2444 hominum
1808 2411 1904 2445 liceat
1923 2411 2006 2445 hanc

1268 2467 1420 2510 paginam
1446 2471 1576 2498 nostrae
1603 2464 1844 2504 declarationis,
1875 2464 2005 2497 damna-

488 2521 712 2564 multipliciter
741 2520 979 2563 discrepantem
1011 2525 1043 2552 et
1075 2520 1226 2552 aberran-
1270 2519 1378 2558 tionis,
1404 2518 1558 2559 mandati,
1586 2517 1817 2560 {cohibitionis
1848 2522 1878 2550 et
1908 2517 2006 2550 inter-

489 2581 561 2615 tem,
587 2574 774 2617 pluriesque
801 2575 832 2606 in
859 2574 991 2614 alienos,
1018 2573 1160 2606 exoticos
1191 2583 1226 2605 ac

1271 2571 1422 2605 dictionis
1439 2570 1615 2614 infringere
1629 2572 1679 2604 vel
1699 2570 1726 2604 ei
1743 2580 1820 2605 ausu
1836 2570 2005 2604 temerario

2000 198 2050 225 An.
2070 199 2100 226 C.
2121 198 2189 226 ¹713

2056 1999 2116 2019 Fides
2143 2001 2198 2018 tran-

2013 2028 2150 2051 sumpt-vuum.

2042 2418 2128 2439 Sanitio
2148 2423 2198 2444 poe·

2015 2445 2075 2466 natu.
