2269 3203
248 235 342 264 amc,
367 233 429 262 1721
479 225 543 260 878

444 290 544 324 vatur,
572 295 607 317 ac
632 284 663 317 in
691 285 736 325 ea,
763 295 846 328 quae
872 284 910 317 ad
936 284 990 317 Dei
1017 285 1138 316 cultum
1156 289 1187 315 et

446 337 582 379 gloriam
617 338 859 381 animarumque
892 338 1027 370 salutem
1066 346 1186 379 oppor-

447 397 525 424 tuna
551 397 579 425 et
606 392 823 425 conducibiIIa
849 397 934 430 sunt,
967 390 1050 423 sicut
1075 390 1184 422 bacte-

446 456 505 478 nus
531 446 648 478 factum
668 451 726 485 est,
745 445 775 477 in
795 449 960 488 posterum
983 454 1113 486 quoque
1131 443 1183 485 pie

445 499 689 542 prudenterque
708 503 905 537 statuantur,
928 502 1016 529 motu
1036 495 1184 538 proprio,

445 561 481 583 ac
506 563 541 584 ex
568 554 654 583 certa
686 550 820 583 scientia
855 556 885 582 et
910 550 1036 582 matura
1063 548 1185 581 delibe-

444 605 572 637 ratione
599 603 729 642 nostris,
762 603 866 646 deque
898 602 1096 645 apostolicae
1128 611 1186 644 po-

443 657 570 690 testatis
596 655 815 700 plenitudine,
842 659 1050 687 memoratam
1078 653 1185 686 visita-

444 710 564 742 tionem
587 708 769 742 continuari
789 713 821 740 et
840 707 981 746 absolvi,
1006 716 1185 749 causasque

443 762 606 796 indecisas
647 761 678 793 in
720 761 980 803 Congregatione
1020 759 1186 802 praedicta

442 816 637 860 pendentes,
663 819 760 857 prout
787 813 956 856 aequitatis
977 818 1073 856 atque
1100 811 1185 844 iusti-

443 868 506 901 tiae
533 868 615 901 ratio
641 867 787 906 suaserit,
824 865 1000 906 terminari,
1034 864 1186 898 visitatio-

443 933 501 955 nes
528 921 774 966 particularium
801 920 1010 953 ecelesiarum
1044 929 1080 951 ac
1104 919 1188 951 loco-

442 985 514 1007 rum
539 979 570 1007 et
595 984 731 1017 operum
756 973 886 1017 piorum
916 973 977 1005 iam
1016 972 1185 1005 inchoatas

443 1027 589 1067 absolvi,
626 1037 754 1060 necnon
793 1026 947 1059 ecclesias
979 1036 1015 1057 ac
1041 1025 1115 1057 loca
1154 1029 1187 1057 et

443 1091 543 1124 opera
568 1080 631 1124 pia,
656 1085 718 1112 tam
746 1081 914 1122 bucusque
946 1078 1071 1111 visitata
1104 1088 1186 1122 quae

445 1134 594 1167 iteratam
631 1134 847 1166 visitationem
887 1142 1062 1176 exposcere
1101 1132 1187 1165 vide-

443 1188 574 1227 buntur,
601 1198 696 1230 quam
722 1187 866 1220 nondum
892 1186 1027 1226 visitata,
1054 1185 1186 1225 visitari,

444 1246 616 1284 ceteraque
643 1240 750 1273 omnia
768 1245 799 1272 et
819 1240 945 1282 singula
969 1238 1187 1271 visitationem

446 1294 635 1327 huiusmodi
662 1293 894 1327 concernentia
919 1293 1003 1333 fieri,
1030 1292 1108 1335 geri,
1127 1296 1188 1324 sta-

445 1347 491 1380 tui
518 1353 549 1381 et
574 1347 718 1381 ordinari
739 1357 775 1380 ae
795 1346 976 1380 executioni
998 1345 1186 1379 demandari

447 1401 579 1441 debere,
595 1406 709 1434 tenore
731 1400 962 1444 praesentium,
983 1400 1189 1433 decernimus

448 1459 479 1487 et
503 1454 713 1494 mandmnus3
733 1465 769 1487 ac
787 1464 899 1487 omnes
925 1459 955 1486 et
982 1453 1126 1496 singulas
1146 1453 1189 1485 fa-

449 1508 598 1548 cultates,
619 1507 800 1551 privilegia,
820 1506 948 1550 gratias,
968 1505 1190 1550 praeeminen-

450 1560 519 1601 tias,
545 1560 787 1604 praerogativas
812 1566 843 1593 et
867 1560 994 1593 indulta
1019 1569 1191 1603 quaecum-

449 1624 513 1656 que
537 1613 714 1657 praedictis
735 1612 955 1646 cardinalibus
974 1618 1006 1645 et
1023 1613 1189 1655 praelatis,

450 1676 631 1710 eorumque
656 1665 922 1708 Congregationi,
939 1676 1067 1698 necnon
1088 1665 1192 1698 omni-

448 1719 508 1752 bus
533 1724 564 1752 et
589 1719 725 1762 singulis
756 1719 948 1752 officialibus
980 1724 1012 1751 et
1036 1717 1191 1751 ministris

449 1772 664 1816 supradictis,
690 1784 707 1805 a
732 1772 919 1805 memoratis
944 1772 1135 1805 Innocentio
1161 1777 1213 1804 (ιιἸ

448 1825 613 1858 Clemente
639 1824 949 1868 praedecessoribus
974 1834 1122 1868 persnas
1144 1835 1193 1857 re-

448 1878 591 1921 spective
617 1878 740 1911 litteras
767 1879 906 1921 desuper
931 1882 1096 1910 emanatas
1114 1887 1191 1920 quo-

448 1931 494 1964 vis
521 1931 618 1964 modo
644 1931 822 1974 respective
849 1941 1004 1964 concessa
1038 1935 1070 1963 et
1102 1929 1193 1962 attri-

448 1985 536 2025 buta,
555 1995 614 2028 per
639 1984 760 2017 obitum
787 1984 976 2017 eorumdem
1003 1983 1193 2027 praedeces-

450 2047 560 2071 sorum
587 2036 719 2070 minime
744 2047 901 2077 cessasse,
918 2037 974 2070 sed
1000 2036 1031 2069 in
1058 2037 1124 2069 suis
1147 2047 1192 2069 ro-

449 2090 529 2123 bore
545 2095 575 2123 et
589 2089 739 2122 firmitate
754 2100 958 2132 permanere,
976 2089 1192 2132 omnibusque

451 2148 484 2177 et
508 2142 644 2186 singulis
669 2143 845 2186 praedictis
870 2143 1050 2186 respective
1086 2143 1193 2175 adhuc

453 2202 641 2239 competere
667 2201 698 2229 et
723 2196 893 2239 suffragari
924 2197 1055 2236 debere,
1083 2196 1192 2229 decer-

453 2249 559 2282 nimus
576 2249 700 2293 pariter
717 2254 750 2282 et
774 2250 996 2289 declaramus,
1023 2254 1063 2289 et,
1087 2255 1193 2293 quate·

453 2313 513 2336 nus
540 2314 621 2346 opus
647 2303 696 2343 sit,
723 2304 898 2343 facultates,
918 2303 1096 2346 privilegia,
1124 2313 1194 2345 gra-

454 2357 536 2397 tias,
562 2357 861 2399 praeeminentias,
891 2356 1133 2399 praerogativas
1164 2361 1195 2388 et

454 2409 578 2442 indulta
603 2409 788 2442 huiusmodi
815 2409 938 2442 eisdem
975 2408 1194 2441 cardinalibus

456 2467 489 2495 et
512 2461 686 2505 praelatis,
714 2472 894 2504 eorumque
919 2460 1193 2503 Congregationi,

457 2525 493 2548 ac
511 2514 704 2548 officialibus
730 2519 761 2547 et
782 2514 937 2547 ministris
954 2513 1140 2556 praedictis,
1163 2513 1195 2545 in

458 2568 610 2601 omnibus
636 2573 667 2600 et
691 2578 750 2611 per
774 2568 884 2600 omnia
903 2594 910 2608 ‚
937 2571 1034 2610 prout
1067 2567 1112 2599 eis
1145 2577 1196 2600 re-

459 2622 602 2665 spective
619 2633 634 2654 a
653 2621 845 2665 supradictis
871 2620 1061 2652 innocentio
1084 2624 1112 2652 et
1132 2620 1195 2653 Clc-

1027 233 1208 260 BULLARIUM
1232 232 1389 258 ROMANUM

1230 288 1338 316 mente
1379 281 1689 326 praedecessoribus
1735 292 1890 316 concessa
1935 286 1968 314 et

1229 335 1381 368 attributa
1407 336 1546 374 fuerunt,
1574 341 1672 374 motu,
1705 334 1850 374 seientia,
1887 335 1968 368 deli-

1229 389 1398 421 beratione
1425 394 1455 421 et
1480 388 1646 431 potestatis
1679 387 1881 430 plenitudine
1912 398 1967 430 pa-

1229 442 1328 480 ribus,
1354 442 1460 474 denuo
1493 441 1711 481 concedimus,
1739 440 1909 473 tribuimus
1935 446 1967 473 et

1228 494 1443 537 impartimur.

1272 548 1286 590 g
1311 547 1342 579 ⁶2.
1371 548 1596 587 [leem-nentes,
1624 553 1684 581 etc.
1701 547 1721 579 ¹.

1273 602 1286 643 g
1311 600 1342 633 3.
1371 600 1438 633 Non
1466 601 1682 639 obstantibus,
1706 600 1903 643 praemissis,
1928 610 1965 632 ac

1229 653 1383 686 omnibus
1409 658 1441 686 et
1465 653 1616 696 singulis,
1643 658 1704 686 etc.
1720 652 1742 685 ⁴².

1272 706 1341 749 gli.
1367 706 1523 739 Volumus
1555 712 1676 745 autem,
1711 711 1744 738 ut
1779 705 1964 738 earumdem

1228 759 1471 803 praesentiuum
1497 759 1695 799 litterarum,
1724 758 1827 791 etc.³.

1274 812 1386 844 Datum
1412 811 1544 852 Romae,
1569 812 1652 855 apud
1671 811 1702 845 S.
1722 811 1854 844 Mariam
1871 811 1967 845 Maio-

1230 875 1296 898 rem
1318 892 1324 905 ,
1351 865 1409 897 sub
1436 866 1557 898 annulo
1581 865 1766 905 piscatoris,
1792 864 1843 898 die
1868 874 1967 898 xxviii

1229 918 1315 958 maii,
1350 927 1501 957 iunccxxi,
1541 917 1751 961 pontificatus
1783 917 1883 951 nostri
1913 927 1968 951 an-

1229 982 1271 1005 no
1298 982 1321 1005 1.

1266 1034 1323 1061 Dat.
1345 1033 1388 1061 die
1408 1034 1441 1061 28
1463 1033 1524 1060 maii
1547 1033 1623 1065 1721,
1641 1032 1734 1068 pontif.
1755 1040 1824 1060 anno
1844 1038 1862 1059 1.

1566 1176 1628 1210 Vll.

1232 1257 1456 1300 Confirmatio*
1500 1256 1661 1289 decrelum
1702 1255 1971 1299 Conqreyatiom‘s

1275 1311 1494 1354 episcoporum
1519 1314 1548 1343 et
1572 1309 1780 1352 reyularz'um
1815 1308 1853 1341 de
1876 1308 1972 1341 aller-

1275 1364 1388 1396 ηαιίιίἲ
1407 1363 1587 1406 officiorum
1599 1372 1658 1405 pro
1669 1361 1841 1404 provincia
1857 1360 1889 1394 S.
1905 1361 1972 1394 An-

1277 1417 1360 1449 tonii
1383 1416 1420 1448 in
1444 1415 1619 1447 Lusitania
1643 1415 1785 1457 fratrum
1802 1412 1971 1446 Minorum

1276 1469 1313 1501 cle
1328 1467 1541 1502 Obseruantia
1564 1466 1842 1499 Discalceatorum
1858 1464 1880 1498 ⁴.

1401 1546 1595 1574 Innocentius
1616 1545 1697 1578 Papa
1716 1544 1805 1575 xm,

1373 1591 1409 1617 ad
1430 1591 1562 1617 futuram
1581 1589 1628 1616 rei
1647 1589 1831 1616 memoriam.

1279 1662 1293 1705 ἓ
1311 1662 1342 1695 1.
1363 1661 1479 1704 Nuper,
1494 1671 1555 1704 pro
1569 1665 1662 1704 parte
1682 1659 1876 1693 dilectorum
1891 1658 1974 1692 filio-

1234 1727 1306 1749 rum
1321 1714 1539 1748 Emmanuelis
1557 1724 1575 1746 a
1594 1713 1704 1746 Gloria
1724 1714 1973 1747 nonnullorum-

1976 232 2067 260 Amo.
2091 232 2157 260 ¹721

2003 558 2123 582 elnusutao.

2045 613 2161 637 Dei-ocati·

1988 641 2151 662 contrariorum.

2017 718 2078 739 Fides
2105 721 2160 740 tran·

1976 748 2113 772 sumptorum.

2010 1673 2127 1701 Exposiiio.

1236 1779 1298 1812 que
1322 1761 1457 1801 fratrum
1476 1777 1628 1810 expresse
1654 1766 1875 1809 professorum
1899 1770 1988 1809 pro-'

1235 1823 1358 1855 vinciae
1385 1821 1416 1854 S.
1444 1820 1577 1854 Antonii
1604 1820 1635 1852 in
1661 1819 1823 1852 Lusitania
1846 1819 1975 1852 Ordinis

1235 1876 1396 1908 Minorum
1413 1873 1514 1907 sancti
1532 1872 1697 1906 Francisci
1716 1872 1755 1905 de
1769 1872 1976 1905 observantia

1235 1929 1506 1962 Discaleeatorum
1532 1931 1806 1970 nuncupatorum,
1832 1925 1975 1969 Congre-

1236 1982 1358 2026 gationi
1380 1980 1616 2014 venerabilium
1638 1980 1770 2012 fratrum
1790 1984 1975 2011 nostrorum

1235 2036 1266 2069 S.
1290 2036 1328 2068 R.
1351 2035 1385 2068 Ε.
1414 2034 1627 2068 cardinalium
1665 2031 1804 2075 negotiis
1837 2037 1869 2065 et
1900 2042 1976 2065 con-

1236 2089 1463 2122 sultationibus
1485 2087 1709 2131 episcoporum
1731 2091 1763 2119 et
1780 2085 1976 2128 regularium

1235 2141 1443 2186 praepositae
1480 2140 1649 2184 exposito,
1688 2139 1775 2182 quod
1800 2138 1888 2181 ipsi,
1915 2147 1975 2180 pro

1235 2197 1323 2229 bono
1348 2194 1437 2238 pacis
1463 2199 1494 2227 et
1518 2193 1642 2238 pacifici
1670 2193 1814 2225 eiusdem
1843 2190 1976 2235 provin-

1274 2277 1282 2301 1
1307 2274 1405 2301 Omnia
1425 2275 1454 2300 ut
1472 2281 1553 2308 supra
1573 2280 1632 2308 pag.
1650 2272 1666 2298 7
1686 2272 1701 2297 b
1721 2274 1747 2298 et
1765 2279 1820 2307 seq.
1842 2270 1880 2306 (n.
1902 2270 1949 2306 T.).

1271 2318 1287 2345 2
1307 2318 1401 2344 Cetera
1421 2321 1450 2344 ut
1470 2325 1532 2352 pag.
1553 2317 1570 2343 8
1589 2325 1607 2342 α
1625 2316 1667 2350 (R.
1689 2317 1739 2349 T.).

1271 2362 1288 2389 3
1308 2362 1421 2396 Reliqua
1441 2365 1471 2388 ut
1489 2360 1554 2387 ibid.
1575 2361 1612 2395 (n.
1632 2359 1681 2394 12).

1273 2408 1286 2433 Ιι
1307 2407 1327 2432 Α
1348 2406 1485 2433 Clemente
1505 2405 1538 2432 xl
1559 2408 1643 2431 const.
1665 2404 1709 2430 ed.
1730 2409 1846 2438 nnccxm
1875 2402 1918 2431 die
1943 2403 1978 2431 23

1236 2451 1400 2482 decembris,
1422 2450 1516 2485 pontif.
1538 2457 1596 2482 xui,
1620 2452 1746 2477 revocata
1773 2448 1823 2476 suit
1849 2448 1978 2476 dismem-

1236 2496 1324 2524 bratio
1345 2499 1494 2522 conventus
1513 2495 1538 2521 S.
1560 2493 1656 2521 Luciae
1673 2498 1699 2520 et
1714 2493 1804 2528 ospitii
1819 2494 1851 2520 de
1869 2493 1977 2526 Portici;

1238 2546 1264 2568 et
1284 2540 1364 2567 buius
1390 2539 1527 2566 Pontificis
1547 2542 1633 2565 const.
1654 2538 1697 2565 ed.
1719 2545 1852 2571 moccxxu,
1873 2538 1916 2565 die
1941 2537 1976 2565 22

1238 2585 1315 2617 iunii,
1336 2583 1430 2619 pontif.
1452 2590 1480 2618 n,
1502 2587 1575 2609 extat
1598 2583 1754 2610 commissio
1777 2583 1878 2610 nuncio
1905 2582 1978 2609 Nea-

1238 2629 1306 2664 polis
1326 2636 1407 2663 super
1427 2626 1521 2654 eadem
1541 2627 1791 2654 dismembratione.
