2269 3203
76 215 126 243 Αη.
143 215 173 244 C.
194 215 259 242 1701

106 1398 183 1418 Preces
212 1397 263 1427 duli-

80 1427 169 1445 nitu-runi
203 1430 263 1451 eapi-

80 1453 115 1472 iuti
131 1452 242 1477 gonerutis.

908 212 1051 237 CLEMENS

270 265 391 298 neralis
415 264 544 298 Ordinis
570 264 703 296 fratrum
729 262 888 296 Minorum
918 261 1017 295 sancti

272 318 433 352 Francisci
459 317 728 352 Conventualium
755 322 1016 360 nuncupatorum

272 373 305 405 in
335 376 495 406 conventu
532 370 580 403 Ss.
616 371 667 404 XII
706 370 940 413 Apostolorum
980 370 1019 402 dc

272 425 357 459 Urbe
386 425 462 458 dicti
487 424 618 457 Ordinis
641 423 814 457 novissime
842 423 1017 462 celebrati,

271 478 369 522 quod,
387 478 463 512 licet
488 477 656 521 provincia
684 477 848 510 Marchiae
875 477 1019 510 eiusdem

271 531 399 565 Ordinis
425 531 509 564 inter
534 542 587 564 eas
612 530 798 574 provincias
830 535 1021 563 numeretur

272 596 355 629 quae
367 584 579 618 conventibus
592 590 621 617 et
637 583 790 617 fratribus
803 583 903 626 magis
918 584 1020 616 abun-

272 639 373 679 dant,
400 649 436 671 ac
462 637 628 681 provincia
655 637 778 680 primae
804 637 915 670 classis
942 647 1020 669 nun-

272 696 428 735 cupetur3
449 690 665 724 nihilominus
692 691 802 724 nullus
825 690 856 723 in
875 692 912 723 ea
926 690 1020 723 adest

271 750 453 779 conventus
478 745 511 777 in
537 755 601 788 quo
627 744 805 786 collegium
828 743 926 776 studii
952 754 1020 776 616-

272 803 358 832 6111111
378 798 568 842 reperiatur,
588 797 730 841 indeque
756 797 790 829 sit
819 802 853 829 ut
871 796 1018 839 religiosi

272 852 418 887 eiusdem
442 852 630 895 provinciae
648 878 655 891 ‚
682 852 737 895 qui
773 862 806 884 se
837 851 868 883 in
902 851 1018 884 studiis

272 912 304 940 et
328 905 486 949 regentiis
513 906 637 945 tertiae,
664 906 828 938 secundae
847 910 879 937 61
895 905 1018 948 primae

272 959 388 994 classis
414 959 542 992 Ordinis
570 959 756 992 huiusmodi
784 959 837 991 diu
864 968 1020 991 exercue-

272 1018 357 1053 runt,
373 1012 411 1045 ad
438 1012 601 1054 regentias
627 1012 844 1055 collegiorum
871 1011 1019 1044 eiusdem

271 1065 425 1106 Ordinis,
453 1066 729 1108 quemadmodum
755 1065 794 1098 ad
821 1065 941 1108 gradus
967 1075 1019 1108 pa-

273 1120 433 1153 ternitatis
458 1119 644 1162 provinciae
670 1118 940 1162 consequendos¹
962 1128 1020 1161 per

272 1173 524 1206 constitutiones
551 1173 653 1215 ipsius
678 1172 807 1205 Ordinis
827 1172 1018 1205 auctoritate

272 1225 374 1259 felicis
399 1225 638 1259 recordationis
664 1225 783 1258 Urbani
822 1226 925 1268 Papae
956 1225 1018 1258 vttt

271 1279 536 1324 praedecessoris
555 1279 655 1312 nostri
674 1279 883 1312 confirmatas
912 1279 1020 1322 requi-

272 1333 377 1373 ritur,
403 1332 533 1366 difficile
558 1332 744 1375 promoveri
770 1334 909 1365 valeant.

317 1387 332 1430 ἓ
357 1386 389 1419 2.
416 1386 492 1419 Cum
517 1391 634 1425 autem,
653 1386 735 1418 sicut
760 1386 871 1418 eadem
892 1385 1021 1429 exposi-

275 1439 319 1473 tio
356 1439 586 1482 subiungebat,
613 1439 643 1472 in
681 1445 843 1472 conventu
881 1439 1019 1472 civitatis

274 1498 405 1526 nostrae
423 1492 650 1526 Urbinatensis
675 1492 864 1536 provinciae
892 1493 1021 1536 praedi-

275 1551 344 1580 ctae
365 1546 505 1579 studium
532 1546 664 1590 quidem
691 1547 814 1589 primae
837 1546 949 1580 classis
967 1546 1021 1580 Or-

275 1600 360 1633 dinis
397 1600 575 1643 supradicti
613 1600 795 1641 habeatur,
836 1601 861 1633 si
887 1601 1019 1634 veroin

276 1654 338 1686 hoc
373 1654 488 1686 eodem
515 1660 679 1686 conventu
710 1665 811 1687 unum
843 1655 1019 1698 collegium

276 1717 335 1750 pro
362 1707 488 1739 duobus
513 1708 719 1749 regentibus,
738 1708 852 1741 decem
870 1709 1021 1751 collegia-

276 1761 362 1793 libus
389 1765 420 1793 et
446 1760 572 1793 duobus
597 1760 815 1793 baccalaureis
837 1761 919 1804 erigi
945 1772 1021 1795 6011-

277 1813 424 1856 tingeret,
451 1823 515 1847 non
541 1813 637 1846 modo
664 1814 780 1847 fratres
810 1815 913 1848 dictae
938 1826 1017 1859 pro-

276 1866 409 1905 vinciae,
436 1867 493 1900 sed
532 1867 627 1900 eliam
663 1868 845 1901 saeculares
875 1869 1020 1902 eiusdem

274 1919 426 1959 civitatis,
449 1919 481 1951 in
507 1930 570 1962 qua
596 1920 790 1952 universitas
808 1921 906 1953 studii
925 1933 1020 1964 gene-

274 1973 350 2006 ralis
369 1971 488 2006 erecta‘z
506 1973 678 2016 reperitur,
698 1974 736 2006 ad
755 1974 936 2008 litterarum
954 1980 1021 2008 stu-

274 2026 326 2060 dia
352 2026 453 2069 magis
481 2026 713 2066 excitarentur,
730 2038 789 2060 nec
808 2038 865 2071 per
883 2029 1020 2062 erectio-

273 2090 350 2113 nem
374 2079 504 2122 collegii
532 2080 717 2114 huiusmodi
754 2086 928 2115 consuetus
960 2083 1021 2116 col-

273 2133 439 2176 legialiurn
469 2144 505 2166 ac
531 2139 772 2177 consequenter
797 2135 894 2168 etiam
920 2136 1021 2179 magi-

274 2193 418 2220 strorum
440 2187 515 2220 dicti
533 2187 662 2221 Ordinis
681 2199 837 2221 numerus
857 2191 1020 2223 ullatenus

274 2246 473 2283 augeretur,
515 2247 638 2274 attento
676 2243 765 2285 quod
802 2243 841 2275 ad
886 2243 1019 2276 effectus

275 2292 433 2326 eiusmodi
459 2294 634 2327 erectionis
669 2295 779 2328 dilecti
814 2296 938 2339 pariter
962 2296 1018 2329 filii

277 2346 392 2379 fratres
435 2346 677 2390 provinciarum
718 2348 950 2392 Neapolitanae
989 2356 1020 2384 et

276 2398 468 2432 Bononiesis
487 2401 632 2434 eiusdem
652 2401 781 2435 Ordinis
800 2404 1018 2445 consentiant,

275 2456 310 2484 ut
330 2463 348 2485 a
363 2452 593 2496 Neapolitanae
613 2455 744 2498 quidem
768 2464 902 2500 septem,
925 2468 942 2490 a
960 2458 1019 2491 Bo-

277 2504 444 2538 noniensis
468 2517 543 2540 vero
568 2508 810 2550 provinciarum
833 2510 1018 2544 huiusmodi

315 2577 326 2601 1
350 2573 420 2602 Edit.
439 2575 518 2604 Main.
537 2577 602 2613 legit
615 2580 825 2615 consequendas
840 2583 878 2616 (a.
896 2583 944 2616 T.).

313 2619 329 2647 2
344 2618 442 2649 Nescio
459 2628 493 2650 an
509 2620 577 2650 desit
595 2623 728 2660 particula
742 2632 799 2653 non
815 2625 852 2661 (a.
870 2626 918 2661 T.).

1078 213 1108 237 xl
1133 213 1181 237 rr.
1724 204 1761 238 31

1061 261 1211 305 collegiis
1237 266 1300 295 tres
1325 262 1514 304 collegiales
1549 262 1726 306 respective
1752 273 1806 296 se-

1061 320 1250 357 gregentur,
1277 315 1356 358 quin
1383 315 1448 348 imo
1479 326 1539 348 nec
1558 320 1737 348 conventus
1756 315 1811 347 Ur-

1064 367 1243 401 binatensis
1261 369 1450 412 praedictus
1471 369 1538 402 ullo
1558 368 1674 401 exinde
1696 369 1808 402 maiori

1061 433 1158 465 quani
1194 427 1289 455 antea
1324 433 1424 455 onere
1460 427 1661 465 gravaretur,
1685 433 1755 455 cuni
1777 423 1809 456 111

1063 486 1100 508 60
1133 475 1290 518 aequalis,
1324 476 1423 508 aede
1457 476 1620 519 praesenti
1660 476 1809 515 habetur,

1063 529 1292 572 religiosorum
1314 540 1471 562 numerus
1487 529 1676 571 haberetur,
1691 540 1726 562 ac
1745 535 1810 564 tres

1062 582 1217 622 leeturac,
1244 582 1369 625 logicae
1406 583 1539 622 scilicet,
1574 583 1809 627 philosophiae

1063 640 1095 668 61
1119 636 1379 680 metaphysieae,
1408 647 1489 680 quae
1522 636 1646 669 ibidem
1672 638 1732 670 sub
1757 648 1811 671 no-

1063 689 1206 722 minibus
1231 690 1432 723 baccalaurei
1453 695 1644 731 conventus,
1663 691 1808 734 magistri

1063 743 1190 784 artium,
1217 749 1247 776 et
1275 743 1421 786 magistri
1455 743 1552 777 studii
1580 744 1619 777 de
1645 743 1808 787 praesenti

1062 797 1191 836 adsunt,
1219 808 1236 829 a
1263 797 1357 829 dictis
1385 797 1610 839 eollegialibus
1636 798 1675 830 de
1700 803 1809 831 cetero

1063 856 1314 884 exercerentur:
1343 850 1438 883 nobis
1456 856 1632 894 propterea
1660 850 1736 884 dicti
1756 862 1810 884 ex-

1062 910 1221 948 ponentes
1255 904 1424 937 liumiliter
1456 904 1634 947 supplicari
1661 905 1809 938 fecerunt

1062 963 1097 990 ut
1128 957 1159 990 in
1187 957 1377 1001 praemissis
1414 963 1598 1001 opportune
1632 958 1807 1001 providere

1063 1016 1094 1044 et
1130 1016 1164 1043 ut
1200 1011 1282 1043 infra
1321 1011 1495 1053 indulgere
1527 1011 1566 1044 de
1603 1011 1807 1054 benignitate

1063 1065 1244 1108 apostolica
1269 1064 1494 1107 dignaremur.

1106 1118 1121 1160 ξ
1144 1117 1176 1151 3.
1203 1117 1267 1150 Nos
1287 1117 1392 1160 igitur,
1415 1117 1468 1161 qui
1494 1118 1616 1151 dictum
1641 1117 1807 1158 Ordinem,

1063 1171 1154 1204 cuius
1179 1171 1310 1213 egregia
1339 1176 1489 1204 constant
1521 1171 1553 1203 in
1579 1171 1721 1204 Ecclesia
1750 1172 1806 1205 Dei

1063 1225 1186 1265 merita,
1207 1236 1243 1257 ac
1262 1225 1423 1258 civitatem
1446 1225 1695 1258 Urbinatensem
1718 1236 1809 1269 prae-

1063 1279 1180 1311 dictam
1215 1278 1352 1322 patriam
1386 1283 1530 1311 nostram
1563 1279 1807 1312 dilectissimam

1063 1332 1246 1365 litterarum
1283 1331 1398 1365 studiis
1436 1338 1468 1365 61
1505 1332 1675 1366 virtutibus
1704 1333 1807 1376 magis

1063 1385 1232 1429 magisque
1257 1385 1288 1418 in
1315 1385 1383 1419 dies
1409 1386 1526 1419 ssorcre
1553 1387 1728 1430 propensis
1754 1386 1809 1420 de-

1063 1439 1243 1472 sideramus
1270 1438 1452 1479 atsectibus,
1473 1439 1614 1482 ipsortun
1642 1450 1808 1484 exponen-

1065 1494 1142 1526 tium
1169 1493 1249 1527 votis
1278 1493 1339 1526 hac
1369 1493 1401 1526 111
1419 1503 1466 1533 re,
1487 1498 1643 1536 quantum
1662 1504 1732 1527 cum
1752 1494 1809 1528 Do·

1063 1547 1150 1580 mino
1187 1557 1380 1591 possumus,
1408 1547 1629 1581 favorabiliter
1661 1558 1809 1583 annuere

1063 1601 1217 1640 volentes,
1240 1606 1398 1634 eteorum
1417 1601 1597 1643 singulares
1617 1612 1773 1645 personas
1792 1614 1810 1635 a

1064 1654 1230 1698 quibusvis
1248 1655 1606 1696 excommunicationis,
1624 1656 1810 1699 suspensio-

1064 1708 1113 1740 nis
1140 1713 1171 1741 et
1195 1707 1379 1748 interdicti,
1413 1708 1549 1752 aliisque
1578 1708 1809 1742 ecclesiasticis

1063 1761 1242 1801 sententiis,
1261 1761 1405 1794 censuris
1428 1765 1458 1795 et
1476 1761 1600 1805 poenis,
1625 1772 1642 1794 a
1667 1761 1735 1795 iure
1760 1763 1808 1796 vel

1064 1815 1103 1847 ab
1134 1815 1277 1853 homine,
1296 1814 1406 1858 quavis
1435 1815 1607 1848 occasione
1638 1816 1687 1848 vel
1713 1817 1809 1848 causa

1064 1868 1145 1909 latis,
1163 1868 1188 1900 si
1218 1868 1334 1911 quibus
1361 1868 1610 1911 quomodolibet
1633 1869 1808 1902 innodatae

1065 1922 1216 1961 existunt,
1243 1922 1280 1954 ad
1308 1921 1457 1955 effectum
1482 1922 1703 1965 praesentium
1722 1923 1810 1956 dum-

1065 1980 1148 2008 taxat
1168 1975 1449 2018 consequendum,
1468 1975 1582 2008 harum
1601 1975 1685 2009 serie
1704 1976 1809 2010 absol-

1063 2033 1174 2062 ventes
1201 2033 1232 2062 et
1258 2029 1420 2062 absolutas
1451 2029 1517 2062 sore
1546 2035 1726 2071 censentes,
1750 2030 1809 2063 liu-

1063 2082 1202 2115 iusniodi
1241 2082 1530 2126 supplicationibus
1571 2083 1740 2125 inclinati,
1776 2083 1808 2117 in

1063 2136 1232 2178 praedicto
1265 2141 1424 2169 conventu
1459 2136 1669 2170 Urbinatensi
1708 2148 1808 2170 unum

1063 2189 1237 2231 collegium
1269 2190 1326 2222 sub
1352 2190 1558 2224 invocatione
1583 2190 1636 2224 SS.
1664 2190 1809 2224 Nominis

1064 2241 1130 2274 lesu
1158 2252 1217 2285 pro
1251 2242 1379 2275 duobus
1405 2244 1594 2286 regentibus
1627 2254 1664 2277 ac
1694 2244 1808 2277 docem

1063 2296 1291 2339 collegialibus
1336 2308 1371 2330 ac
1419 2298 1547 2331 duobus
1586 2298 1807 2331 baccalaureis

1062 2349 1191 2383 Ordinis
1218 2351 1375 2394 praedicti
1403 2352 1651 2395 professoribus,
1679 2363 1750 2384 cum
1775 2363 1809 2385 o-

1062 2405 1192 2437 mnibus
1220 2411 1252 2438 61
1285 2405 1424 2448 singulis
1452 2405 1642 2449 privilegiis,
1667 2417 1806 2449 praero-

1062 2458 1187 2501 gativis,
1211 2459 1493 2502 praeeminentiis,
1516 2459 1629 2502 gratiis
1651 2465 1682 2492 et
1707 2459 1808 2492 indul-

1063 2512 1100 2544 tis
1134 2512 1276 2554 collegio
1315 2512 1346 2544 S.
1383 2513 1630 2545 Bonavcnturae
1675 2513 1706 2545 in
1737 2513 1805 2554 pri-

1061 2565 1205 2598 modie-to
1232 2571 1392 2598 conventu
1420 2566 1541 2598 dudum
1571 2577 1588 2598 a
1613 2565 1807 2598 recolendae

1061 2618 1236 2652 memoriae
1267 2618 1357 2652 Sixto
1383 2618 1467 2663 Papa
1493 2618 1514 2650 V
1550 2617 1806 2662 praedecessore

1819 215 1867 240 An.
1889 213 1918 239 C.
1938 213 2000 241 ¹701

1847 1132 1919 1152 Annuit
1950 1132 2003 1152 ron·

1820 1158 1878 1179 tifex.
