2269 3203
256 239 304 266 An.
321 238 350 266 c,
374 239 440 266 1712
486 229 550 263 5⁶24

446 298 517 320 rum
529 297 643 331 vepres
659 287 868 321 suffocabant.
884 287 999 320 Paulus
1014 287 1184 330 episcopus

446 341 610 384 praefatus
631 341 659 374 vi
684 341 889 375 decretorum
907 340 1040 374 Concilii
1058 339 1187 373 Triden-

447 393 504 427 tini
526 394 732 437 pcrniciosos
758 392 944 427 huiusmodi
971 398 1081 426 sentes
1107 393 1187 426 evel-

446 446 514 480 lere
536 447 680 491 cupienS,
707 447 792 480 beati
820 446 967 479 Andreae
993 448 1103 489 opera,
1129 455 1188 488 op-

446 506 590 543 portuno
617 500 694 533 satis
720 499 868 539 consilio,
893 499 937 531 uti
968 498 1089 531 statuit.
1125 499 1188 531 An-

447 553 540 585 dreas
566 563 652 594 ergo,
671 553 734 585 dux
759 551 876 585 ceteris
895 551 971 584 viris
990 551 1067 584 huic
1092 552 1186 594 operi

447 605 499 649 pie
525 605 791 639 adlaborantibus
811 606 912 643 datus,
934 615 1013 648 opus
1032 604 1111 638 illud
1130 603 1187 637 dif-

448 659 627 692 sicillimum
653 669 757 702 usque
779 659 817 692 ad
843 664 1020 692 extremum
1038 657 1186 702 perfecit,

449 712 636 755 evulsisque
661 712 723 745 alte
749 711 862 745 defixis
885 711 1036 744 vitiorum
1071 709 1189 743 radici-

449 764 520 805 bus,
537 766 624 798 clero
642 765 790 808 praefato
805 765 912 797 bonae
940 769 1043 796 terrae
1069 772 1187 796 nomen

448 817 546 858 dedit,
567 817 720 860 bonoque
739 816 981 850 reformationis
1006 816 1130 849 semine
1155 815 1187 848 in

448 881 517 903 eam
535 870 653 903 deinde
672 870 829 913 proiecto,
849 869 1017 912 multiplex
1037 869 1187 901 excidens

448 923 650 967 secundaque
669 924 823 957 virtutum
849 922 964 955 messis
989 931 1081 965 spem
1108 920 1189 963 agri-

448 977 549 1017 colae,
577 976 722 1021 qnamvis
747 976 883 1016 avidam,
912 986 977 1008 non
1003 974 1130 1008 fefellit.

269 1039 437 1077 'suaemngw-
492 1030 506 1073 ς
530 1030 583 1063 17.
603 1030 730 1063 Interea
747 1030 786 1062 ad
807 1028 938 1072 propria
956 1038 1031 1061 suae
1049 1027 1189 1069 Congre-

254 1069 440 1113 fcffss'SClanlit'uss'.
449 1083 590 1126 gationis
607 1083 809 1116 incrementa
824 1082 920 1115 totius
936 1080 1103 1114 Insubriae
1120 1090 1190 1123 pro-

448 1135 572 1169 vinciae
586 1136 730 1168 visitator
743 1134 932 1177 designatus
950 1133 1057 1173 suit,et
1071 1131 1189 1166 deinde

448 1188 679 1229 Mediolanum,
706 1192 741 1220 ut
766 1187 797 1220 in
823 1188 906 1220 nova
932 1186 1029 1220 domo
1055 1195 1190 1228 praepo-

448 1242 499 1275 siti
526 1252 661 1274 munere
689 1242 890 1284 fungeretur,
911 1239 1091 1282 delegatus,
1108 1247 1190 1270 nova

449 1295 599 1328 exhibuit
618 1294 650 1327 S.
667 1294 782 1327 Carolo
801 1303 876 1326 suae
893 1291 1067 1335 probitatis
1085 1301 1191 1324 exem-

447 1349 512 1391 pla.
540 1347 622 1380 Illud
659 1347 811 1391 equidem
847 1345 1076 1390 praecipuum,
1102 1343 1189 1387 quod

449 1411 485 1433 cx
505 1400 720 1443 eleemosynis
738 1410 755 1432 a
770 1398 899 1432 liberali
918 1398 1063 1431 ciusdem
1087 1396 1118 1430 S.
1135 1395 1191 1429 Ca-

447 1453 508 1487 roli
535 1464 631 1487 manu
656 1453 804 1497 quolibet
828 1462 941 1485 mense
968 1451 1029 1484 sibi
1048 1450 1188 1490 donatis,

449 1507 615 1548 Andreas,
641 1507 697 1541 illa
730 1512 852 1540 tantum
883 1505 1034 1550 portione
1066 1506 1191 1538 retenta

449 1571 531 1604 quae
556 1561 595 1594 ad
621 1561 771 1594 alendam
797 1560 944 1593 eiusdem
969 1559 1085 1592 domus
1103 1557 1191 1590 sami-

449 1613 526 1647 liam
551 1614 627 1646 satis
653 1618 733 1653 erat,
761 1613 933 1656 reliquum,
951 1621 1025 1644 vere
1050 1610 1080 1644 S.
1102 1609 1191 1643 Caie-

451 1665 515 1699 tani
541 1666 636 1707 filius,
667 1666 856 1700 remittebat
880 1664 1027 1705 donanti,
1055 1663 1107 1707 qui
1134 1663 1191 1696 do-

449 1729 527 1752 num
551 1730 569 1752 a
590 1730 625 1753 se
643 1718 778 1752 missum
796 1718 934 1762 pulchra
950 1717 1076 1750 virtutis
1093 1717 1190 1749 usura

449 1773 620 1806 adauctum
645 1772 685 1805 ad
710 1782 743 1805 se
769 1771 890 1804 reverti
915 1770 1103 1803 mirabatur.
1143 1769 1189 1802 Ad

450 1825 627 1859 Romanam
653 1825 862 1869 postmodum
888 1834 923 1857 ac
942 1823 1189 1866 Neapolitanam

449 1879 632 1922 provincias
657 1878 845 1911 visitaturus
870 1876 1015 1917 accessit,
1036 1875 1116 1909 etin
1143 1875 1188 1908 eis

448 1930 686 1974 perlustrandis
712 1929 865 1963 maximas
889 1928 1001 1962 Ordini
1026 1938 1084 1961 suo
1109 1927 1191 1960 utili-

450 1988 533 2017 tates
560 1984 724 2017 indefcsso
750 1983 862 2016 labore
887 1981 1084 2026 procuravit.

256 2042 441 2091 Sltgffiffdggffl
494 2037 509 2080 ἓ
533 2035 584 2070 18.
609 2036 757 2077 Demum,
777 2036 835 2069 etsi
860 2036 899 2069 ab
917 2035 1005 2069 omni
1031 2034 1190 2078 praeemi-

255 2095 316 2117 caur.
366 2075 396 2095 ρ’
451 2088 581 2122 nenti-ae
618 2089 718 2132 gradu
755 2089 958 2129 abhorreret,
995 2088 1115 2120 invitus
1151 2087 1190 2120 ad

450 2141 567 2174 iterum
592 2141 726 2184 praefati
753 2140 783 2174 S.
804 2141 894 2174 Pauli
921 2141 1052 2174 domum
1074 2149 1191 2182 regen—

451 2195 548 2235 dam,
586 2194 651 2228 Deo
689 2195 733 2227 sic
769 2194 989 2237 disponente,
1031 2192 1191 2236 expetitus

451 2247 520 2288 fuit,
538 2253 574 2280 ut
598 2247 735 2290 insignis
762 2247 832 2281 eius
859 2247 959 2279 virtus
981 2247 1059 2279 illuc
1079 2256 1191 2278 rursus

450 2301 532 2333 elata
557 2301 695 2333 caeleste
720 2301 830 2333 lumen
856 2298 1019 2342 copiosius
1046 2297 1192 2331 effunde-

448 2358 509 2387 ret.
547 2352 590 2385 Ea
620 2352 742 2396 quippe
779 2356 994 2395 tempestate,
1019 2350 1190 2384 deficiente

448 2405 584 2448 Neapoli
602 2406 744 2445 annona,
763 2405 926 2447 populosa
943 2404 999 2436 illa
1015 2402 1125 2436 civitas
1143 2413 1192 2435 se-

450 2458 566 2492 ditiose
587 2457 754 2490 ferebatur
770 2456 803 2489 in
823 2455 1017 2499 principem.
1044 2456 1190 2488 Andreas

448 2511 566 2545 ieiunis
591 2510 758 2544 ventribus
776 2508 959 2552 animisque
976 2508 1191 2542 clamantibus

1015 239 1195 263 mummium
1221 238 1376 264 ROMAMJM

1971 239 2023 267 An.
2044 239 2073 268 C.
2090 240 2158 268 ¹712

1229 288 1427 331 pauperibus
1461 288 1641 328 distribuit,
1673 289 1899 332 solemnesque
1926 288 1966 322 ad

1230 340 1438 374 avertendam
1454 341 1534 374 caeli
1552 341 1633 374 iram
1647 340 1904 385 supplicationes
1920 341 1967 374 in·

1231 393 1320 426 dixit.
1340 393 1542 437 Quapropter
1560 394 1643 427 illius
1658 393 1756 427 verbo
1772 399 1803 427 et
1818 395 1967 437 exemplo

1231 447 1461 491 quamplurimi
1482 447 1521 480 ad
1540 447 1774 490 poenitentiam
1789 447 1931 481 'revocati
1950 458 1968 480 a

1230 500 1458 533 seditiosorum
1484 500 1578 533 turba
1603 511 1636 534 se
1661 499 1901 540 subtraxerunt,
1922 500 1967 532 sa-

1231 558 1345 596 ctaque
1365 558 1412 586 est
1429 553 1552 597 populo
1571 553 1616 586 illi
1635 553 1795 586 aestuanti
1813 552 1969 596 tranquil-

1231 607 1303 640 litas
1329 616 1456 649 magna.

1274 659 1289 702 §
1313 659 1367 692 19.
1386 659 1445 692 Tot
1463 659 1572 702 itaque
1593 659 1782 693 meritorum
1800 659 1897 693 radiis
1915 669 1971 693 co-
2000 669 2163 704 tpszmvtriqyes

1231 723 1297 745 ram
1316 712 1381 745 Deo
1399 712 1555 752 elucebat,
1574 718 1604 745 et
1621 712 1808 745 hominibus
1825 722 1860 745 ac
1877 696 2163 757 prae-{inussswhfflffi‘

1232 765 1303 797 fatis
1329 764 1453 798 duobus
1479 765 1635 797 emanatis
1660 765 1700 798 ab
1725 775 1764 798 co
1787 766 1868 798 votis
1894 775 1972 799 con-

1231 822 1355 850 stanter
1388 817 1591 858 incumbens,
1623 817 1971 861 mortificationemque

1231 869 1301 902 lesu
1315 869 1433 903 Christi
1453 870 1484 902 in
1499 880 1638 913 corpore
1653 881 1712 903 suo
1727 870 1972 910 circumferens,

1231 923 1381 965 propriae
1407 933 1537 966 semper
1573 923 1618 956 ita
1655 924 1781 956 obstitit
1805 923 1972 964 voluntati,

1232 981 1276 1015 ut,
1298 975 1424 1008 divinae
1449 975 1570 1018 gratiae
1597 976 1770 1009 roboratus
1797 976 1971 1020 praesidio,

1233 1038 1351 1061 novum
1373 1029 1412 1061 de
1438 1029 1490 1061 die
1515 1028 1548 1061 in
1566 1028 1649 1062 diem
1668 1029 1876 1072 perfectionis
1894 1039 1970 1072 gra-

1233 1082 1308 1115 dum
1333 1081 1557 1121 contenderet,
1575 1087 1606 1115 et
1623 1082 1809 1125 asperrimis
1835 1082 1882 1114 sui
1904 1092 1974 1115 cor-

1233 1135 1321 1178 poris
1346 1134 1608 1167 afflictationibus
1631 1134 1853 1178 poenitentiae
1880 1134 1975 1167 victi-

1234 1197 1317 1219 mam
1335 1192 1465 1220 sanctae
1486 1186 1743 1220 mortificationis
1770 1187 1880 1230 gladio
1905 1197 1975 1220 ma-

1233 1244 1350 1273 ctatam
1376 1249 1446 1272 sese
1471 1239 1604 1272 offerret
1628 1239 1704 1279 Deo,
1723 1239 1778 1282 qui
1801 1238 1898 1272 huius
1917 1239 1975 1272 ho-

1233 1293 1314 1326 stiae
1340 1293 1493 1325 odoratus
1519 1292 1653 1325 odorem
1672 1291 1846 1332 suavitatis,
1865 1301 1975 1334 quam-

1233 1345 1328 1389 plura
1353 1345 1585 1378 charismatum
1603 1344 1688 1377 dona
1704 1344 1793 1378 fideli
1820 1344 1974 1386 bonoque

1233 1408 1328 1431 servo
1353 1408 1410 1431 suo
1436 1398 1476 1430 ad
1501 1398 1710 1431 illustrandas
1743 1397 1811 1430 eius
1837 1397 1973 1430 virtutes

1234 1450 1345 1494 largiri
1378 1451 1527 1493 dignatus
1565 1455 1624 1483 est.
1660 1449 1799 1482 Emicuit
1827 1450 1912 1483 inter
1936 1459 1975 1483 ea

1234 1503 1387 1537 divinitus
1412 1504 1565 1537 collatum
1596 1513 1632 1535 ac
1664 1513 1748 1546 pene
1784 1502 1847 1536 sibi
1882 1502 1975 1536 sami-

1234 1558 1312 1590 liare
1338 1556 1533 1600 prophetiae
1551 1556 1673 1597 lumen,
1693 1565 1756 1599 quo
1782 1555 1912 1599 quidem
1936 1554 1975 1588 il-

1234 1611 1398 1650 lustratus,
1416 1609 1522 1642 futura
1540 1614 1572 1642 ct
1591 1608 1738 1642 absentia
1763 1608 1854 1652 quasi
1879 1618 1975 1652 prae-

1233 1664 1337 1697 sentia
1368 1672 1465 1706 saepe
1498 1661 1588 1703 vidit,
1613 1662 1804 1705 occultaque
1839 1659 1974 1694 humani

1233 1716 1339 1750 cordis
1365 1714 1540 1759 aliquando
1565 1713 1726 1758 cognovit.

1277 1769 1292 1812 ἓ
1316 1767 1369 1801 ⁶20.
1389 1768 1506 1801 Verum
1526 1773 1672 1801 octavum
1691 1767 1753 1800 iam
1772 1777 1870 1810 supra
1887 1772 1973 1800 octo·
2009 1774 2067 1794 Anno
2090 1772 2167 1794 setam

1234 1822 1394 1865 gesimam
1420 1832 1496 1854 suae
1523 1820 1636 1854 aetatis
1660 1830 1791 1861 annum,
1817 1821 1871 1863 qui
1904 1802 2168 1853 eratffffssffifflt

1234 1879 1362 1908 nostrae
1401 1873 1616 1917 reparationis
1641 1882 1776 1912 nncvln,
1812 1857 2167 1931 ειῑιίηςεηεὲἓῑὲἶρῇἕξὲῗεῖῗᾶ

1234 1927 1347 1960 beatus
1384 1927 1537 1967 Andreas,
1570 1925 1677 1969 primo
1714 1935 1805 1958 mane
1831 1935 1847 1959 e
1872 1929 1973 1959 strato
2097 1920 2102 1926 '

1234 1991 1386 2023 surgens,
1413 1990 1449 2013 ac
1473 1979 1629 2013 sacellum
1665 1979 1842 2022 ingressus,
1868 1982 1901 2012 et
1923 1988 1974 2012 sa-

1234 2033 1452 2067 cerdotalibus
1478 2032 1517 2065 de
1543 2041 1633 2065 more
1658 2030 1858 2065 ornamentis
1882 2030 1976 2064 indu-

1233 2091 1292 2126 tus,
1312 2086 1349 2119 ad
1369 2095 1457 2119 aram
1474 2085 1590 2118 missae
1611 2084 1803 2118 sacrificium
1828 2083 1975 2118 celebra-

1236 2144 1326 2171 turus
1352 2138 1511 2179 accessit,
1548 2137 1602 2171 ubi
1638 2148 1713 2172 vero
1738 2148 1807 2171 rem
1833 2137 1975 2171 divinam

1234 2202 1331 2235 agere
1357 2192 1473 2235 coepit,
1492 2191 1530 2224 ad
1560 2191 1615 2224 illa
1640 2191 1737 2224 verba
1761 2190 1908 2223 Imroibo
1932 2188 1975 2222 ad

1233 2244 1338 2278 altare
1362 2244 1432 2284 Dei,
1466 2244 1510 2276 ita
1535 2248 1672 2286 repente
1698 2242 1870 2286 apoplexia
1893 2251 1972 2286 per-

1234 2308 1345 2331 cussus
1379 2297 1447 2337 fuit,
1474 2302 1508 2329 ut
1533 2296 1595 2329 nisi
1629 2296 1779 2329 minister
1813 2295 1974 2330 sacrificio

1234 2349 1413 2383 inserviens
1439 2350 1503 2382 iam
1529 2349 1591 2381 iam
1616 2348 1976 2392 labentem-supposita

1234 2413 1330 2436 manu
1347 2406 1574 2442 sustentasset,
1594 2401 1626 2434 in
1645 2407 1763 2435 terram
1782 2402 1973 2443 corruisset,

1233 2456 1258 2488 si
1284 2465 1438 2488 corruere
1474 2455 1586 2497 utique
1622 2459 1751 2498 poterat
1787 2455 1879 2488 sortis
1917 2454 1975 2488 ille

1233 2517 1342 2549 senex,
1368 2518 1463 2551 quem
1489 2512 1637 2541 senectus
1653 2507 1782 2541 Christo
1800 2516 1975 2551 occupave-

450 2564 582 2608 provide
613 2562 775 2602 occurrit;
809 2572 905 2603 nam,
935 2560 1093 2604 quidquid
1126 2559 1191 2593 sru-
1233 2566 1282 2594 rat
1305 2561 1510 2600 servientem,
1543 2566 1574 2594 et
1606 2571 1702 2604 quem
1734 2566 1878 2594 extrema
1902 2559 1972 2594 dies

449 2617 549 2652 menti
575 2616 609 2652 in
634 2615 812 2652 domestico
837 2615 957 2650 horreo
983 2613 1188 2657 servabatur,
1232 2613 1405 2649 Salvatoris
1426 2613 1593 2649 invenerat
1612 2613 1816 2650 militantem.
