2269 3203
40 223 92 250 An.
108 222 138 251 C.
159 222 223 250 1711

70 1666 189 1688 clausulae.

869 219 970 245 CLEME
975 220 1010 245 NS
1035 220 1068 245 XI
1092 221 1141 245 PF.

235 281 293 315 pro
319 271 488 312 damnatis,
514 270 707 314 reprobatis,
727 270 896 311 revocatis,
912 281 977 302 cas-

235 324 325 365 satis,
350 324 461 364 irritis,
488 323 594 362 nullis,
615 322 764 356 invalidis
783 328 812 355 ct
834 322 975 363 abolitis,

236 377 422 421 viribusque
447 383 477 409 et
503 376 616 409 effectu
643 376 772 419 penitus
791 382 819 409 ct
842 377 975 409 omnino

236 431 356 471 vacuis,
370 441 501 473 semper
526 430 640 463 baberi
666 431 817 463 volumus
837 435 868 462 ct
887 441 976 462 man-

236 484 361 523 damus,
381 488 412 515 et
437 488 550 516 contra
576 483 630 515 illa
650 483 755 526 deque
775 494 886 515 corum
907 483 978 515 nnl-

235 537 323 569 litate
357 546 465 569 coram
504 536 569 569 Deo
595 541 826 580 protestamur.
855 536 977 569 Firmas

234 595 406 632 praeterea
431 600 468 622 ac
494 590 597 622 salvas
622 600 692 622 csse
719 589 867 622 similiter
893 590 978 622 volu-

234 652 303 675 mus
326 648 422 686 atque
441 642 647 675 decernimus
665 653 885 686 quascumque
904 653 978 674 een-

234 705 323 728 suras
361 700 389 727 et
417 705 538 738 poenas
564 696 823 735 ecclesiasticas,
849 706 930 738 quas
958 696 976 727 ii

235 759 357 789 omnes,
375 749 426 792 qui
446 750 623 792 praemissa
635 754 876 792 perpetrarunt,
893 760 978 782 man-

235 802 352 835 darunt
389 803 439 835 vel
472 808 540 835 rata
566 803 765 843 babuerunt,
791 813 846 835 seu
874 803 905 834 in
933 802 978 835 eis

235 855 406 895 auxilium,
433 856 607 889 consilium
638 857 687 889 vel
722 856 864 889 savorem
890 866 978 899 quo-

235 909 416 942 modolibet
456 909 710 952 praestiterunt,
746 910 977 953 cuiuscumque

235 963 511 1006 praeeminentiae
529 968 559 996 et
573 962 739 1005 dignitatis
759 963 891 1003 suerint,
908 973 979 1006 pro-

235 1020 308 1058 pter
352 1015 468 1048 cadem
510 1015 692 1058 praemissa
729 1015 842 1059 quovis
880 1015 990 1048 modo>

236 1068 456 1109 incurrerunt,
481 1080 498 1101 a
523 1069 652 1112 quibus,
678 1075 750 1112 post
782 1070 978 1111 condignam

235 1120 399 1154 Ecclesiae
414 1122 603 1164 praestitam
619 1123 890 1162 satisfactionem,
904 1133 980 1156 non-

236 1176 299 1208 nisi
325 1187 342 1209 a
367 1176 462 1209 nobis
488 1187 542 1210 seu
570 1177 714 1210 Romano
741 1177 897 1210 Pontissee
920 1188 979 1221 pro

236 1234 385 1271 tempore
403 1229 561 1262 existente
583 1231 827 1273 (praeterquam
846 1230 877 1262 in
899 1241 979 1263 mor-

237 1282 276 1314 tis
300 1282 446 1322 articulo,
462 1287 494 1315 et
518 1288 593 1315 tunc
617 1293 687 1315 cum
714 1284 929 1316 reincidentia
947 1283 978 1316 in

237 1334 365 1367 easdem
393 1345 546 1368 censuras
572 1346 611 1369 eo
627 1336 699 1379 ipso
718 1347 782 1379 quo
808 1336 980 1370 convalue-

236 1388 316 1431 rint)
330 1388 454 1422 absolvi
470 1394 501 1422 et
514 1389 646 1422 liberari
659 1391 797 1423 valeant.
815 1390 978 1424 Facultate

236 1441 370 1485 insuper
399 1443 496 1475 nobis
530 1448 561 1475 et
598 1443 704 1476 eidem
743 1443 878 1476 Sanctae
905 1443 978 1477 Sedi

237 1504 389 1538 expresse
407 1498 581 1536 reservata,
603 1502 763 1540 qnatenus
783 1497 827 1530 illi
847 1497 977 1530 minime

236 1548 397 1582 redierint
422 1549 461 1582 ad
488 1559 556 1590 cor,
576 1550 613 1582 ad
633 1549 695 1583 alia
714 1552 869 1584 canonica
889 1556 918 1584 et
935 1562 980 1583 se-

237 1601 365 1635 veriora
389 1603 533 1635 remedia
567 1603 840 1647 quandocumque
867 1614 980 1647 proce-

239 1655 351 1688 dendi.
367 1655 589 1689 Decernentes
611 1655 720 1695 etiam,
739 1657 868 1689 easdem
887 1667 979 1700 prae-

239 1713 348 1740 sentes
373 1708 496 1741 litteras
523 1713 554 1740 et
578 1708 610 1740 in
637 1709 682 1741 eis
708 1715 861 1742 contenta
887 1720 981 1753 quae-

239 1771 384 1804 cumque,
411 1761 508 1794 etiam
536 1772 573 1793 ex
604 1771 641 1794 eo
667 1761 753 1804 quod
786 1763 922 1804 praefati
949 1769 977 1795 et

238 1814 291 1847 alii
318 1813 516 1857 quicumque
534 1814 565 1846 in
585 1814 776 1857 praemissis
791 1825 845 1847 seu
865 1825 979 1848 eornm

239 1866 368 1911 aliquo¹
394 1868 444 1900 ius
470 1868 519 1900 vel
545 1866 703 1900 interesse
731 1867 978 1907 liabentes,se11

238 1921 362 1954 habere
377 1920 625 1964 quomodolibet
642 1921 907 1964 praetendentes,
928 1932 981 1954 eu-

238 1974 336 2006 iusvis
361 1979 479 2014 status,
507 1974 641 2016 gradus,
667 1974 803 2013 ordinis,
822 1975 980 2017 praeemi-

239 2027 371 2061 nentiae
398 2032 430 2060 et
455 2027 622 2070 dignitatis
649 2027 796 2067 existant,
824 2038 879 2060 seu
901 2029 980 2061 alias

239 2080 394 2125 specifica
419 2085 449 2115 et
479 2081 645 2114 individua
680 2082 846 2114 mentione
873 2088 900 2114 ct
929 2092 982 2114 ex-

238 2136 409 2180 pressione
435 2135 536 2178 digni,
561 2135 627 2168 illis
652 2145 714 2168 non
741 2135 981 2176 consenserint,

239 2199 300 2222 nec
325 2189 364 2222 ad
391 2199 429 2222 ea
452 2188 564 2229 vocati,
592 2188 679 2222 citati
707 2194 739 2222 et
764 2189 884 2229 auditi,
911 2199 983 2221 cau-

238 2252 368 2286 saeque,
391 2247 527 2286 propter
547 2252 626 2286 quas
652 2248 840 2285 praesentes
858 2253 983 2275 emana*

239 2295 317 2335 rint,
344 2294 541 2328 sufficienter
562 2296 731 2335 adductae,
752 2295 936 2328 verificatae
953 2300 983 2327 et

195 2364 199 2366 ἡ
241 2346 432 2381 iustificatae
453 2357 520 2381 non
547 2349 679 2388 suerint,
698 2353 750 2380 aut
770 2359 806 2381 ex
826 2348 886 2380 alia
908 2358 984 2391 qua-

240 2399 319 2432 libet
344 2401 440 2433 etiam
466 2401 671 2444 quantumvis
703 2401 840 2434 iuridica
869 2407 899 2434 et
923 2401 985 2444 pri-

241 2453 391 2495 vilegiata
411 2457 517 2493 causa,
540 2456 660 2493 colore,
687 2460 858 2498 praetextu
883 2459 914 2487 et
939 2465 986 2487 ca-

241 2505 308 2549 pite
329 2533 336 2547 ,
364 2506 460 2539 etiam
495 2507 528 2538 in
564 2518 702 2551 corpore
738 2508 820 2541 iuris
856 2509 983 2548 clauso,

243 2558 338 2591 etiam
365 2559 518 2599 enormis,
543 2560 790 2593 enormissimae
817 2566 849 2593 et
874 2561 983 2593 totalis

279 2623 289 2650 1
314 2621 384 2648 Edit.
407 2621 488 2648 Μαίη.
510 2621 575 2657 legit
595 2623 714 2657 aliquod
736 2626 771 2659 {Pu
788 2625 838 2660 T.).

1020 270 1187 310 laesionis,
1211 270 1301 303 nullo
1320 280 1460 314 unquam
1477 277 1623 314 tempore
1644 272 1681 304 de
1695 272 1765 303 sub-

1020 324 1180 366 reptionis
1206 323 1255 356 vel
1283 323 1486 367 obreptionis
1520 329 1573 356 aut
1604 324 1762 357 nullitatis

1020 376 1108 415 vitio,
1124 387 1180 409 scu
1200 376 1391 409 intentionis
1407 383 1547 415 nostrae,
1564 383 1616 409 aut
1632 377 1766 409 interes-

1021 440 1054 462 se
1074 430 1263 463 habentium
1284 432 1475 469 consensus,
1495 431 1598 469 alioue
1618 430 1763 473 quolibet

1022 483 1116 516 etiam
1135 484 1352 527 quamtumvis
1371 495 1489 526 magno
1508 490 1540 516 et
1560 484 1764 517 substantiali

1020 546 1056 568 ac
1089 537 1266 579 incogitato
1295 543 1325 570 ct
1358 537 1598 579 inexcogitabili
1634 537 1764 569 defectu

1021 591 1152 630 notari,
1177 591 1374 634 impugnari,
1404 591 1554 632 infringi,
1582 591 1764 630 retractari,

1022 642 1052 675 in
1072 644 1326 676 controversiam
1347 644 1462 684 vocari,
1482 651 1536 676 aut
1553 644 1591 676 ad
1611 643 1764 676 terminos

1021 695 1100 728 iuris
1126 696 1247 735 reduci,
1270 707 1323 729 sen
1342 697 1495 729 adversus
1521 698 1593 730 illas
1611 697 1766 740 aperitio-

1022 749 1070 781 nis
1088 749 1164 788 oris,
1185 750 1400 782 restitutionis
1421 750 1451 782 in
1474 751 1647 793 integrum,
1665 750 1766 783 alind-

1021 812 1058 834 ve
1084 802 1313 845 quodcumque
1339 802 1435 842 iuris,
1472 803 1542 835 facti
1569 804 1616 835 vel
1644 803 1764 844 gratiae

1021 855 1200 888 remedium
1236 856 1388 889 intentari
1419 857 1466 889 vel
1499 856 1685 899 impetrari,
1713 861 1764 887 aut

1021 909 1220 952 impetrato,
1251 920 1307 942 seu
1335 909 1430 942 etiam
1456 915 1556 949 motu,
1581 909 1716 942 scientia
1735 916 1767 942 et

1021 963 1190 1005 potestatis
1216 962 1422 1006 plenitudine
1448 963 1583 1006 paribus
1610 973 1766 996 concesso

1021 1017 1070 1048 rel
1104 1022 1271 1057 emanato,
1296 1017 1479 1060 quempiam
1513 1017 1544 1049 in
1572 1017 1691 1050 iudicio
1717 1017 1765 1049 vel

1022 1075 1111 1102 extra
1131 1070 1210 1102 illud
1232 1070 1277 1102 uti
1304 1081 1360 1103 seu
1387 1081 1419 1103 se
1445 1071 1554 1103 invare
1580 1072 1645 1104 ullo
1671 1072 1766 1103 modo

1022 1133 1136 1165 posse,
1161 1123 1216 1155 sed
1236 1122 1322 1165 ipsas
1339 1130 1529 1165 praesentes
1547 1123 1670 1156 litteras
1685 1134 1767 1156 sem—

1022 1186 1082 1218 per
1105 1175 1226 1216 firmas,
1251 1176 1375 1209 validas
1401 1182 1433 1209 et
1458 1177 1605 1209 efficaces
1626 1177 1766 1210 existere

1023 1233 1055 1260 ct
1081 1228 1160 1269 sore,
1187 1239 1329 1271 suosque
1355 1230 1523 1271 plenarios
1551 1235 1582 1262 et
1615 1230 1764 1272 integros

1023 1279 1153 1313 etl'ectus
1179 1281 1286 1314 sortiri
1313 1286 1341 1313 et
1368 1282 1529 1321 obtinere,
1558 1292 1593 1314 ac
1626 1282 1701 1321 illis,
1728 1281 1767 1314 ad

1023 1343 1103 1375 quos
1117 1338 1238 1376 spectat
1260 1339 1289 1366 et
1308 1344 1368 1377 pro
1383 1340 1529 1377 tempore
1549 1335 1766 1377 quandocum-

1023 1396 1084 1429 que
1110 1387 1285 1430 spectabit,
1318 1387 1553 1421 inviolabiliter
1589 1393 1619 1421 ct
1657 1389 1769 1422 incon-

1022 1449 1116 1473 cusse
1143 1441 1320 1479 observari,
1349 1441 1460 1485 sicque
1480 1447 1508 1475 et
1531 1453 1597 1475 non
1623 1443 1719 1475 aliter
1736 1443 1768 1475 in

1022 1494 1210 1537 praemissis
1235 1506 1295 1539 per
1320 1506 1543 1540 quoscumque
1568 1496 1692 1530 iudices
1718 1507 1769 1529 or-

1023 1546 1169 1580 dinarios
1195 1554 1227 1580 et
1260 1548 1448 1591 delegatos,
1477 1549 1571 1582 etiam
1598 1559 1769 1582 causarum

1023 1600 1134 1643 palatii
1155 1601 1329 1643 apostolici
1354 1602 1536 1642 auditores,
1563 1612 1599 1635 ac
1623 1602 1654 1635 S.
1676 1602 1712 1635 P..
1732 1602 1767 1635 E.

1023 1653 1223 1694 cardinales,
1261 1654 1357 1686 etiam
1394 1655 1433 1687 de
1460 1656 1562 1688 latere
1589 1657 1712 1698 legatos
1738 1661 1770 1688 et

1024 1706 1169 1739 eiusdem
1189 1707 1282 1740 Sedis
1300 1707 1450 1747 nuncios,
1469 1709 1587 1741 aliosve
1605 1708 1768 1752 quoslibet

1024 1770 1230 1803 quacumque
1255 1761 1514 1804 praeeminentia
1542 1769 1573 1794 et
1608 1769 1768 1805 potestate

1025 1813 1195 1856 fungentes
1222 1819 1251 1846 et
1278 1814 1464 1853 suncturos,
1503 1816 1628 1848 sublata
1665 1816 1710 1848 eis
1738 1821 1766 1847 ct

1025 1876 1136 1898 corum
1162 1866 1296 1900 cuilibet
1313 1867 1424 1910 quavis
1447 1868 1541 1900 aliter
1558 1868 1723 1900 iudicandi
1738 1873 1769 1900 et

1024 1919 1263 1962 interpretandi
1303 1920 1453 1953 facultate
1486 1927 1517 1953 et
1554 1921 1767 1961 auctoritate,

1024 1971 1163 2005 iudicari
1195 1978 1223 2005 ct
1250 1973 1378 2006 deliniri
1394 1973 1532 2014 debere;
1547 1973 1721 2006 acirritum
1739 1979 1771 2007 et

1024 2025 1121 2057 inane
1155 2026 1179 2057 si
1206 2036 1299 2059 secus
1337 2036 1438 2069 super
1467 2026 1519 2059 liis
1545 2037 1561 2059 a
1587 2037 1768 2070 quoquam,

1025 2078 1140 2121 quavis
1161 2079 1367 2117 auctoritate,
1392 2080 1534 2112 scienter
1552 2081 1599 2113 vel
1618 2080 1771 2123 ignoran-

1025 2143 1084 2171 ter,
1110 2132 1284 2175 contigerit
1310 2133 1473 2165 attentari.

1069 2186 1083 2228 g
1109 2185 1138 2218 3.
1165 2184 1234 2218 Nou
1266 2185 1472 2218 obstantibus
1496 2187 1696 2230 praemissis,
1723 2198 1770 2227 ac,
1807 2197 1963 2218 Contrariorum

1781 2224 1898 2249 derogatio.

1026 2245 1185 2283 quatenus
1203 2249 1283 2283 opus
1302 2239 1354 2279 sit,
1372 2242 1482 2272 nostra
1501 2246 1531 2272 et
1548 2240 1769 2274 Cancellariae

1026 2293 1226 2337 apostolicae
1253 2294 1368 2336 regula
1393 2294 1432 2326 de
1450 2294 1519 2327 iure
1538 2295 1685 2338 quaesito
1704 2305 1769 2327 non

1028 2346 1186 2385 tollendo,
1214 2346 1351 2389 aliisque
1377 2347 1574 2390 apostolicis,
1593 2358 1628 2380 ac
1649 2348 1681 2380 in
1699 2348 1770 2380 uni-

1026 2400 1205 2433 versalibus
1230 2400 1549 2444 provincialibusque
1577 2407 1608 2435 ct
1633 2401 1770 2445 synoda-

1027 2454 1110 2486 libus
1128 2454 1274 2487 conciliis
1288 2454 1392 2494 editis⁷
1412 2455 1620 2497 generalibus
1633 2456 1681 2487 vel
1700 2465 1770 2498 spe-

1027 2507 1173 2547 cialibus,
1194 2508 1486 2541 constitutionibus
1504 2514 1535 2541 et
1553 2508 1770 2542 ordinationi—

1026 2560 1098 2600 bus,
1118 2571 1177 2594 nec
1194 2571 1258 2594 non
1285 2561 1463 2604 quibusvis,
1491 2562 1588 2594 etiam
1610 2562 1770 2593 iuramen—

1028 2620 1071 2654 to,
1096 2613 1344 2648 confirmatione
1366 2615 1559 2658 apostolica,
1583 2615 1631 2648 vc]
1658 2615 1768 2658 quavis

1657 212 1722 246 4:353
1768 222 1816 249 An,
1834 221 1863 249 c.
1885 222 1949 250 im
