2269 3203
110 224 161 253 An.
181 224 210 253 C.
229 225 293 253 1721

132 871 253 892 nectat-atio
264 877 295 892 111.

109 898 186 918 Omnes
199 898 294 918 subditos

109 930 150 945 non
168 924 220 944 alibi
233 930 294 950 quain

110 951 130 970 in
156 954 295 971 universitate

109 977 242 997 Urbnnatcnst
251 983 295 1003 pus·

109 1010 132 1023 so
148 1004 240 1024 lauream
259 1005 294 1024 do-

109 1031 210 1050 ‹toratem
238 1036 293 1051 aect-

109 1062 167 1082 perc.

948 223 1088 246 CLEMENS
1116 223 1146 246 xl
1172 224 1221 247 PP-

305 273 447 307 dinalem
472 272 689 307 Corradinum
714 277 950 316 nuncupatum,
975 276 1049 304 tunc

306 326 573 370 pro-auditorem
610 330 771 366 nostrum,
800 324 905 365 sactis,
933 324 1049 357 iuliae-

305 386 422 421 rcntes,
449 380 604 420 civitates,
630 380 751 424 oppida
776 385 806 413 et
834 381 904 413 loca
929 379 1047 419 omnia,

306 445 389 477 quac
415 434 545 467 ducatui
560 433 683 473 Urbini,
703 439 850 476 tempore
873 443 936 476 quo
957 443 1050 476 prae-

306 487 389 520 fatae
413 487 493 520 sixti
518 486 781 530 praedecessoris
807 485 935 519 litterae
962 496 1050 518 ema-

306 545 442 580 narunt,
462 540 612 573 subiecta
637 544 748 579 erant,
776 538 835 571 sub
861 538 1049 572 carumdem

307 593 487 626 litterarum
529 592 748 637 dispositione
786 602 852 625 non
894 602 1045 635 compre-

306 647 420 687 hendi,
438 656 499 680 nec
516 647 584 679 ullo
603 646 700 679 modo
717 645 960 688 comprehensa
977 655 1050 678 cen-

306 700 369 733 seri
386 727 394 740 ,
421 710 457 732 ac
481 699 526 732 ita
552 710 568 732 a
601 698 860 742 quibuscumque
886 698 1048 731 iudicibus

305 757 467 797 perpetuo
505 751 639 785 iudicari
677 758 714 785 ac
751 751 878 786 definiri
913 752 1046 793 debere,

306 806 483 846 statuimus,
501 805 706 838 decernimus
733 809 765 838 et
785 805 1003 838 declaramus.

350 859 364 902 g
390 858 442 892 ΞΟ,
470 858 605 891 Demum
624 859 722 901 (cum,
742 857 825 890 sicut
849 857 1047 902 accepimus,

309 911 434 945 tametsi
471 911 619 955 pluribus
656 911 784 952 edictis,
822 921 961 954 quorum
983 910 1050 954 pri-

307 976 394 998 mum
430 976 447 998 a
482 965 628 1009 praefato
666 964 870 998 Guidobaldo
905 964 1049 998 secundo

307 1019 421 1053 Urbini
459 1019 560 1058 duce,
589 1018 640 1052 die
676 1029 742 1052 xvu
774 1018 896 1051 mensis
922 1017 1048 1061 augusti

306 1082 392 1105 anno
418 1081 538 1112 uDva,
563 1072 625 1105 alia
649 1081 726 1104 vero
752 1071 935 1104 recentiora
960 1082 977 1104 a
1003 1070 1050 1103 di-

305 1124 407 1158 rersis
443 1124 589 1157 eiusdem
630 1123 768 1157 civitatis
804 1134 863 1167 pro
902 1129 1048 1167 tempore

305 1176 421 1219 legatis
459 1182 492 1210 et
527 1176 716 1220 vicelegatis
752 1178 958 1220 promulgata
983 1177 1050 1209 sue-

305 1235 391 1271 runt,
416 1230 591 1263 salubriter
618 1235 746 1262 cautum
772 1240 807 1262 ac
832 1240 984 1274 expresse
999 1241 1050 1262 ve⁴

307 1285 397 1318 titum
424 1285 532 1326 suerit,
559 1294 599 1316 ne
626 1284 749 1317 subditi
775 1284 920 1316 eiusdem
953 1284 1049 1317 duca-

305 1346 355 1373 tus
383 1345 415 1372 et
440 1338 615 1381 legationis
642 1337 717 1370 alibi
745 1348 840 1380 quam
867 1337 898 1369 in
930 1348 1050 1371 memo-

305 1399 374 1427 rato
398 1392 605 1426 Urbinatensi
633 1392 805 1425 doctorum
824 1391 963 1434 collegio
981 1393 1050 1424 lau-

305 1457 392 1481 ream
428 1452 460 1479 et
493 1445 628 1489 gradum
663 1445 847 1478 doctoratus
879 1445 1047 1488 accipiant,

307 1506 363 1541 ct,
390 1499 445 1544 qui
472 1509 562 1532 secus
589 1499 743 1538 fecerint,
769 1498 808 1531 ab
839 1498 991 1532 omnibus
1019 1505 1049 1531 et

307 1553 567 1597 quibuscumque
593 1552 732 1596 publicis
763 1552 795 1584 in
821 1554 857 1585 ea
881 1552 1048 1596 provincia

307 1606 499 1640 muneribus
527 1616 563 1639 ac
589 1605 702 1639 officiis
729 1606 962 1647 excludantur,
989 1617 1049 1639 nec

306 1661 431 1693 ibidem
457 1659 604 1693 doctoris
629 1659 866 1702 professionem
893 1670 1047 1693 exercere

307 1724 463 1758 umquam
477 1713 620 1756 possint,
644 1712 868 1753 nihilominus,
887 1713 1047 1746 eiusmodi

306 1767 486 1800 edictorum
504 1765 717 1808 dispositione
731 1765 927 1808 posthabita,
944 1776 1050 1809 quam-

305 1821 415 1864 plures
451 1819 573 1852 subditi
609 1818 648 1852 ad
684 1819 816 1862 publica
851 1829 987 1852 munera
1018 1825 1049 1852 et

307 1875 498 1907 doctoratus
539 1872 729 1905 exercitium
768 1872 890 1905 ibidem
929 1872 1048 1916 passim

307 1927 529 1965 admittantur,
555 1926 633 1959 licet
654 1926 838 1959 doctoratus
859 1926 1000 1969 insignia
1015 1926 1047 1959 in

306 1980 476 2025 praedicto
501 1979 641 2022 collegio
660 1980 793 2013 minime
819 1981 1047 2025 susceperint),

305 2045 365 2068 nos
389 2033 530 2078 proinde
556 2034 749 2067 eorumdem
775 2034 953 2067 edictorum
979 2045 1049 2068 exe-

305 2087 440 2128 cutioni,
467 2097 503 2120 ac
524 2086 626 2130 ipsius
652 2087 782 2131 collegii
814 2088 935 2129 decori,
962 2088 1048 2122 utili-

307 2142 361 2176 tati
387 2147 420 2176 et
443 2141 661 2183 incremento,
697 2148 852 2186 quantum
884 2153 955 2175 cum
987 2143 1048 2176 Do-

304 2195 392 2229 mino
427 2205 625 2239 possumus,
651 2201 841 2240 opportune
873 2197 1046 2230 consulere

305 2249 495 2292 cupientes,
526 2249 803 2292 quemadmodum
832 2249 961 2282 illustre
993 2260 1046 2283 ce-

306 2303 380 2336 teris
412 2303 562 2336 omnihus
597 2304 780 2346 exemplum
806 2304 967 2346 praebere
992 2314 1047 2336 cu-

305 2355 442 2388 ravimus
459 2382 466 2396 ,
493 2356 568 2389 dum
595 2356 750 2390 anteactis
777 2357 870 2390 annis
896 2358 977 2390 duos
1008 2368 1045 2391 ex

306 2419 460 2452 germano
484 2410 584 2443 fratre
620 2410 800 2443 secundum
833 2421 964 2450 carnem
989 2421 1047 2444 ne-

304 2469 398 2506 potes
422 2466 560 2503 nostros,
585 2462 738 2496 nimirum
765 2464 920 2497 dilectum
945 2464 1046 2498 fitium

305 2520 450 2548 nostrum
475 2515 685 2556 Annibalem,
704 2517 800 2551 modo
817 2517 848 2551 S.
872 2518 991 2552 Mariae
1012 2518 1045 2551 in

1093 276 1184 312 tum,
1213 276 1243 305 et
1269 271 1424 305 dilectum
1451 272 1574 316 pariter
1608 273 1708 306 tilium
1744 273 1841 316 tnagi-

1092 330 1193 358 strum
1219 325 1436 359 Alexandrum
1463 325 1632 365 Albanum,
1653 326 1683 359 in
1703 328 1840 370 utraque

1093 378 1260 420 signatura
1284 380 1395 411 nostra
1425 389 1511 412 nunc
1536 379 1793 412 referendarium
1810 386 1841 413 et

1093 430 1242 464 Gamerae
1269 436 1398 465 nostrae
1434 431 1645 474 Apostolicac
1671 433 1838 472 clericum,

1094 485 1239 527 quamvis
1266 484 1450 517 litterarum
1477 484 1591 517 studiis
1618 485 1649 517 in
1672 484 1732 517 hae
1758 485 1840 518 alma

1093 537 1178 570 Urbe
1205 540 1316 571 nostra
1341 548 1473 581 operam
1499 543 1689 578 navassent,
1723 549 1789 571 non
1809 551 1841 571 a-

1094 591 1151 623 libi
1189 597 1296 623 tamen
1333 601 1430 634 quam
1464 591 1577 624 Urbini
1621 591 1654 623 in
1693 592 1839 634 praefato

1093 644 1234 687 collegio
1261 655 1316 678 eos
1343 645 1530 678 doctoratus
1554 646 1665 678 laurea
1686 645 1839 688 insigniri

1095 697 1266 737 voluimus,
1294 697 1336 730 ita
1358 708 1451 738 nunc,
1471 705 1585 731 tenore
1605 698 1840 742 praesentium,

1094 750 1275 794 apostolica
1289 751 1492 791 auctoritate,
1511 751 1726 790 deceruimus,
1746 762 1840 795 prae-

1094 803 1231 847 cipimus
1259 809 1291 836 et
1315 804 1517 845 mandamus,
1543 810 1577 837 ut
1602 805 1634 837 in
1660 810 1838 848 posterum,

1094 863 1191 900 atque
1209 857 1383 900 perpetuis
1402 857 1516 889 suturis
1535 858 1750 901 temporibus,
1769 859 1840 891 sub-

1095 909 1150 943 diti
1175 908 1366 953 praedictae
1397 910 1582 952 legationis,
1610 911 1674 953 qui,
1705 915 1838 954 peracto

1094 963 1276 996 studiorum
1311 963 1487 1005 curriculo,
1525 964 1685 997 doctorali
1728 965 1839 997 laurea

1093 1016 1200 1049 ornari
1227 1017 1397 1056 voluerint,
1425 1028 1495 1050 eam
1522 1017 1552 1050 in
1580 1023 1759 1051 memorato
1778 1019 1839 1051 col-

1093 1070 1180 1111 legio
1196 1069 1329 1103 omnino
1351 1070 1499 1113 recipere
1520 1076 1704 1112 teneantur,
1721 1076 1760 1111 et,
1781 1071 1837 1115 qui

1094 1122 1171 1156 alibi
1197 1123 1302 1166 ipsam
1340 1123 1539 1167 receperint,
1577 1124 1614 1157 ad
1654 1124 1838 1157 exercenda

1092 1176 1225 1219 publice
1251 1186 1386 1209 munera
1422 1181 1452 1209 et
1476 1176 1589 1217 officia,
1617 1182 1712 1220 atque
1739 1177 1836 1210 etiam

1093 1230 1132 1262 ad
1159 1229 1338 1272 gerendum
1374 1231 1560 1273 quarumvis
1597 1242 1766 1264 causarum
1804 1231 1836 1263 in

1093 1293 1300 1327 quocumque
1327 1283 1397 1316 soro
1424 1275 1642 1327 patrocinium
1674 1284 1706 1316 in
1732 1284 1838 1317 omni-

1092 1338 1152 1370 bus
1192 1337 1338 1370 eiusdem
1376 1337 1548 1380 legationis
1590 1338 1668 1371 locis
1702 1348 1835 1381 prorsus

1093 1391 1255 1424 inhabiles
1277 1396 1307 1424 et
1332 1391 1505 1434 incapaces
1531 1392 1596 1425 sint
1620 1403 1656 1425 ac
1693 1403 1762 1425 esse
1788 1392 1836 1424 in-

1094 1445 1295 1488 telligantur,
1317 1455 1377 1477 nce
1402 1445 1476 1478 illos
1503 1456 1519 1478 a
1545 1456 1707 1489 quoquam
1736 1445 1774 1478 ad
1793 1445 1835 1486 id,

1091 1504 1320 1542 praeterquam
1347 1508 1365 1531 a
1389 1498 1483 1532 nobis
1510 1503 1541 1532 et
1558 1509 1574 1531 a
1594 1499 1738 1532 Romano
1757 1499 1837 1531 Pon-

1093 1552 1177 1586 tifice
1202 1562 1261 1596 pro
1290 1557 1436 1596 tempore
1463 1552 1631 1592 existente,
1653 1552 1834 1596 habilitari,

1092 1616 1199 1650 neque
1225 1616 1297 1639 cum
1323 1606 1402 1650 ipsis
1427 1617 1525 1650 super
1562 1606 1747 1640 huiusmodi
1781 1607 1836 1640 de—

1093 1660 1177 1693 fectu
1203 1659 1386 1703 dispensari
1426 1670 1567 1703 unquam
1592 1671 1705 1703 posse,
1732 1665 1835 1701 motu,

1092 1713 1235 1754 scientia,
1263 1713 1500 1747 deliberatione
1519 1724 1555 1746 ac
1580 1714 1750 1757 potestatis
1771 1715 1835 1757 ple-

1091 1766 1240 1799 nitudine
1265 1767 1447 1806 similibus,
1473 1767 1655 1808 statuimus,
1691 1767 1836 1801 decerni-

1092 1830 1161 1852 mus
1187 1825 1219 1853 et
1244 1820 1460 1854 declavamus.

1136 1874 1150 1917 g
1187 1873 1241 1906 ⁶21.
1268 1873 1490 1907 Decernentes
1529 1875 1677 1918 pariter,
1705 1875 1833 1909 easdem
1862 1885 2031 1907 cumaeam-

1844 1913 1957 1938 plissuuae,

1092 1931 1285 1971 praesentes
1317 1927 1452 1969 litteras,
1483 1933 1513 1960 et
1538 1928 1570 1961 in
1608 1929 1654 1962 eis
1680 1934 1835 1963 contenta

1091 1991 1331 2026 quaecumque,
1359 1981 1455 2015 etiam
1494 1993 1529 2015 ex
1569 1993 1606 2015 eo
1641 1983 1729 2026 quod
1755 1983 1835 2017 inte-

1090 2046 1181 2069 resse
1200 2035 1231 2067 in
1250 2034 1437 2078 praemissis
1451 2035 1611 2069 habentes
1637 2046 1691 2069 seu
1711 2037 1834 2070 habere

1091 2089 1340 2134 quomodolibet
1374 2089 1651 2133 praetendentes,
1694 2091 1834 2124 cuiusvis

1091 2148 1206 2182 status,
1248 2142 1367 2185 gradus
1383 2169 1390 2183 ‚
1431 2142 1554 2176 ordinis
1596 2149 1628 2176 et
1667 2143 1833 2187 dignitatis

1091 2195 1238 2236 existant,
1265 2195 1328 2229 illis
1355 2206 1421 2229 non
1447 2197 1690 2238 consenserint,
1714 2208 1774 2231 nec
1794 2199 1834 2232 ad

1091 2260 1128 2283 ea
1151 2249 1276 2290 vocati,
1299 2248 1387 2282 citati
1417 2254 1448 2282 et
1480 2249 1602 2291 auditi,
1629 2261 1833 2294 causaeque,

1090 2308 1229 2347 propter
1253 2313 1334 2347 quas
1353 2309 1544 2346 praesentes
1558 2304 1752 2345 emanarint,
1771 2305 1835 2337 suf-

1089 2356 1238 2390 ficienter
1255 2357 1426 2397 adductae,
1453 2357 1639 2390 verificatae
1664 2363 1696 2390 et
1719 2357 1832 2390 iustiti<

1089 2415 1179 2443 eatae
1204 2420 1270 2443 non
1295 2409 1435 2451 suerint,
1462 2415 1517 2443 aut
1541 2420 1578 2443 ex
1603 2411 1667 2444 alia
1689 2411 1835 2454 qualibet

1089 2464 1187 2497 etiam
1207 2463 1414 2507 quantumvis
1434 2463 1570 2496 iuridiea
1589 2464 1833 2507 etprivilegiata

1089 2517 1204 2558 causei,
1246 2519 1378 2558 colore,
1413 2523 1586 2561 praetextu
1633 2523 1664 2551 et
1703 2517 1808 2560 capite
1825 2544 1832 2555 ,

305 2567 481 2601 Cosmedin
506 2568 678 2603 diaconum
711 2571 742 2604 S.
771 2571 808 2604 R.
835 2571 870 2604 E.
898 2572 1045 2605 cardina·
1089 2572 1185 2605 etiam
1203 2571 1235 2604 in
1251 2582 1388 2615 corpore
1402 2571 1482 2604 iuris
1499 2571 1833 2610 clauso‚etiamenor-

304 2622 368 2655 lem
393 2625 426 2654 et
449 2621 663 2655 camerarium
689 2623 851 2658 Albanum
876 2635 1044 2669 nuncupa·
1088 2624 1161 2667 mis,
1195 2624 1440 2658 enormissimae
1472 2629 1504 2658 et
1531 2623 1640 2657 totalis
1665 2622 1830 2666 laesionis,

390 2683 471 2712 Bau.
492 2684 578 2713 Rom.
596 2699 629 2705 -
649 2685 709 2714 Vol.
733 2686 809 2717 XXI.
958 2686 1006 2714 109

1738 216 1802 249 865
1848 226 1896 251 An.
1918 225 1945 252 C.
1966 225 2028 252 1721
