2269 3203
92 231 142 259 An.
163 229 191 257 C.
210 229 278 258 1710

121 440 149 461 Do
174 440 220 460 loco
235 439 277 459 col·

93 468 152 494 lego.

123 1174 152 1195 De
175 1175 281 1201 qualitati-

96 1201 134 1222 bus
175 1202 280 1227 eligendo-

96 1234 149 1251 rurn,
157 1234 203 1249 eum
213 1235 281 1254 paena

96 1258 170 1275 contra
199 1256 281 1276 dissua-

96 1281 169 1301 dentes
178 1283 281 1304 accudere

96 1307 123 1328 ad
138 1308 259 1335 collegium.

913 230 1054 255 etmtENs
1079 229 1113 255 XI
1138 231 1187 254 Pr.

285 284 416 309 conventu
445 279 475 310 S.
500 280 701 310 Bai-tholomaei
732 280 761 309 in
786 278 879 309 Insula
907 280 1024 308 eiusdem

289 327 402 358 Ordinis
420 340 434 358 α
453 333 531 359 suerri
549 329 758 367 Fonyreyatione
775 328 898 367 generati
914 329 944 358 de
960 328 1027 357 Pro-

287 379 412 415 payandci
436 378 503 408 Fide
520 378 732 417 confirmandae.

329 439 348 460 1.
373 430 442 461 Cum
460 440 473 460 a
494 431 725 469 Congregatione
742 431 912 470 particulari
931 430 1029 460 habita

289 478 335 507 die
358 487 396 508 κη
420 479 596 518 septembris
618 487 725 509 unccix
750 480 911 509 resolutum
929 479 1028 515 suerit,

288 536 351 557 esse
373 528 579 558 destinandum
614 528 709 558 locum
739 537 790 557 seu
823 528 1029 557 dormitorium

288 576 317 606 in
342 577 420 606 dicto
442 582 587 607 conventu
612 586 663 616 pro
696 577 851 607 duodecim
882 576 1030 614 religiosis

288 626 479 664 expediendis
501 626 536 656 ad
553 627 615 656 loca
640 631 750 664 sancta,
771 631 799 656 et
819 626 980 665 respective
995 625 1029 655 ud

288 674 360 704 alias
384 675 548 713 missiones,
574 679 601 704 et
624 679 705 714 pater
727 675 909 705 Caelestinus
937 684 952 704 a
976 674 1032 703 Me-

288 723 405 753 diolano
428 724 714 754 vicecommissarius
730 724 876 762 generalis
900 723 1030 761 assigua-

290 772 363 802 verit
386 772 589 802 dormitorium
606 782 621 802 e
644 777 803 812 conspectu
822 772 921 811 palatii
938 772 1030 801 domi-

291 829 395 850 norum
417 820 452 850 de
475 820 599 851 Sabellis
621 821 779 851 continens
804 820 956 850 duodecim
975 819 1031 849 cel-

290 868 332 898 las
354 874 381 899 et
405 869 477 899 alias
499 870 651 907 contiguas
682 879 734 909 pro
763 869 922 899 lectoribus
952 870 1030 899 iuxta

290 926 445 947 numerum
463 918 585 948 inferius
603 918 836 958 praefigendum,
855 918 1031 948 confirman-

290 965 324 995 da
343 966 459 996 videtur
480 966 554 996 dicta
589 967 748 1005 assignatio
781 971 808 996 et
838 967 969 1006 ponenda
1002 967 1031 996 in

290 1014 436 1054 principio
460 1015 637 1053 dormitorii,
655 1015 700 1045 vel
720 1016 749 1045 in
766 1015 830 1046 loco
852 1015 969 1055 aptiori,
987 1016 1032 1046 in-

290 1063 426 1102 scriptio:
446 1063 606 1102 Colleyium,
623 1073 688 1102 seu,
704 1064 892 1094 Seminarium
905 1074 955 1103 pro
967 1066 1032 1094 mis-

291 1112 412 1140 sionibus
433 1117 587 1141 sanctorum
611 1117 636 1142 et
662 1113 779 1142 aliorum
804 1113 934 1142 Iocorum.

331 1169 361 1190 11.
387 1160 422 1190 Ut
451 1161 622 1191 missionum
651 1171 768 1198 munus,
801 1162 879 1201 quod
908 1171 974 1192 vere
1004 1171 1033 1191 a·

293 1209 467 1247 postolicum
490 1214 545 1246 est,
569 1219 621 1249 per
646 1210 724 1239 viros
754 1210 949 1249 undequaque
972 1210 1033 1239 ido-

293 1264 363 1285 neos
385 1256 463 1285 omni
486 1258 557 1285 cura
583 1260 610 1285 et
643 1257 755 1285 fervore
777 1266 809 1286 ac
836 1266 903 1285 cum
933 1257 1031 1287 fructu

292 1308 471 1339 exerceatur,
496 1304 647 1334 incumbat
669 1305 803 1343 superior
818 1305 964 1342 generalis
981 1305 1033 1335 eli-

291 1362 358 1392 gere
382 1353 534 1391 religiosos
554 1353 681 1391 regulari
698 1353 868 1393 disciplina,
887 1354 1032 1393 probitate.

290 1412 418 1439 morum,
432 1412 465 1432 ac
488 1403 549 1432 zelo
571 1402 681 1441 gloriae
706 1402 753 1432 Dei
778 1403 935 1441 praeditos,
953 1403 1031 1433 etad

291 1452 457 1482 animarum
481 1452 602 1482 salutem
633 1452 742 1481 eximia
765 1452 906 1482 charitate
928 1461 1031 1482 accen-

291 1509 350 1535 sos,
374 1501 436 1540 qui,
462 1501 551 1531 veluti
575 1501 749 1531 candelabra
773 1510 862 1540 super
889 1502 1030 1532 montium

291 1549 367 1588 iugis
384 1550 451 1586 sita,
465 1550 499 1579 ad
517 1549 654 1580 tenebras
673 1553 729 1579 tam
747 1550 928 1580 infidelitatis
944 1559 1030 1590 quam

291 1599 446 1629 haereseos
468 1609 520 1638 pro
543 1599 656 1629 viribus
671 1600 871 1629 dissolvendas
887 1600 945 1630 sint
960 1600 1030 1639 apti,

291 1648 401 1687 quique
425 1657 478 1678 nec
502 1648 629 1678 minores
651 1649 709 1678 sint
731 1649 815 1678 annis
843 1649 1033 1688 vigintiquin-

292 1707 360 1736 que,
385 1707 438 1727 nec
463 1697 717 1737 trigesimoquinto
740 1699 877 1735 maiores,
902 1699 1031 1737 exceptis

292 1751 389 1776 tamen
419 1746 577 1776 lectoribus
610 1746 742 1777 iubilatis
765 1751 793 1776 et
824 1747 1031 1776 sexennalibus

292 1805 392 1826 sacrae
416 1796 578 1835 theologiae
594 1797 629 1826 ad
646 1797 698 1826 has
714 1797 869 1826 missiones
891 1796 1031 1826 divinitus

294 1846 411 1880 vocatis
448 1846 606 1876 dummodo
644 1850 739 1876 tamen
776 1846 1031 1885 quadragesimum

293 1903 402 1924 annum
425 1904 482 1924 non
506 1895 659 1933 excedant,
684 1894 805 1925 robusta
831 1904 946 1934 qnoque
969 1904 1032 1925 cor-

293 1943 372 1982 poris
395 1943 563 1974 valetudine
580 1944 708 1984 polleant
725 1944 760 1974 ad
778 1944 885 1982 iugiter
899 1944 1034 1974 laboran—

293 1991 362 2022 dum
386 1991 415 2022 in
440 1992 527 2023 vinea
548 1992 676 2031 Domini,
703 1997 730 2023 et
753 1993 872 2032 quidem
896 1992 1034 2023 indistin-

293 2044 349 2077 cte,
373 2045 431 2071 tam
454 2051 506 2081 pro
529 2041 601 2072 locis
623 2041 849 2072 Terraesanctae
872 2050 958 2081 quam
982 2051 1033 2081 pro

293 2089 358 2119 aliis
381 2089 590 2126 missionibus;
609 2090 772 2129 theologiae
789 2091 899 2130 pariter
914 2099 1031 2120 cursum

293 2138 485 2178 expleverint,
516 2148 548 2169 ae
576 2139 700 2169 lectores
729 2148 780 2169 seu
811 2140 1033 2169 concionatores

293 2187 414 2225 tuerint,
438 2193 488 2218 aut
511 2188 613 2218 saltem
630 2188 659 2218 in
678 2189 781 2219 morali
799 2189 942 2227 theologia
959 2188 1033 2218 bene

293 2237 419 2272 versati;
443 2237 568 2276 illosque
591 2247 649 2267 non
672 2247 707 2267 ex
729 2238 791 2268 sola
814 2237 906 2272 ltalia,
927 2237 976 2267 sed
999 2247 1032 2267 ex

293 2284 431 2315 omnibus
454 2286 613 2324 provinciis
637 2286 781 2316 advocare
803 2291 896 2321 curet,
920 2291 948 2316 et
971 2286 1034 2325 plu-

294 2341 341 2362 res
363 2333 451 2363 etiam
473 2343 507 2364 ex
530 2336 590 2364 una
612 2335 776 2373 provincia,
800 2335 957 2364 dummodo
991 2335 1033 2364 sic

295 2380 380 2411 electi
412 2383 576 2421 praedictas
610 2382 736 2412 habeant
769 2383 947 2422 qualitates;
972 2392 1033 2412 mo-

295 2433 421 2468 neatque
452 2430 572 2469 insuper
599 2431 808 2470 provinciales,
843 2431 1032 2469 guardianos,

296 2486 310 2506 a
326 2486 437 2517 rosque,
470 2479 494 2508 si
522 2489 594 2518 opus
617 2480 716 2518 suerit,
741 2480 904 2518 religiosos,
929 2489 964 2510 ne
987 2490 1034 2510 ac-

295 2526 398 2556 cedere
413 2526 542 2557 volentes
559 2528 618 2558 ullo
636 2529 721 2558 modo
737 2529 898 2565 retrahant3
911 2534 949 2568 et,
967 2539 1035 2560 con-

296 2579 341 2605 tra
363 2574 436 2604 tales
457 2575 660 2606 dissuadentes
682 2586 714 2606 ac
737 2578 812 2606 male
834 2578 1033 2615 consulentes,

297 2633 404 2665 poenas
427 2624 622 2655 comminetur
639 2625 811 2664 privationis
828 2626 907 2656 vocis
923 2626 1034 2656 activae

1072 283 1097 308 et
1123 278 1262 318 passivae,
1300 279 1429 319 aliasque
1460 277 1580 309 arbitrio
1609 287 1708 309 sacrae
1740 279 1813 310 Con-

1072 328 1260 366 gregationis

1112 391 1151 411 nt.
1177 382 1206 411 ln
1231 382 1294 421 ipso
1318 382 1450 419 ingressu
1474 381 1580 420 singuli
1598 382 1734 411 exercitia
1757 383 1812 422 spi<

1074 431 1188 460 ritualia
1214 434 1351 469 peragant
1376 439 1426 468 per
1448 430 1545 459 decem
1564 435 1610 460 aut
1631 431 1731 460 saltem
1752 435 1814 460 octo

1073 479 1146 516 dies,
1172 488 1237 508 cum
1256 488 1341 508 omne
1357 479 1463 508 donum
1485 480 1644 518 perfectum
1661 479 1814 509 desursum

1074 528 1109 557 sit
1133 528 1312 557 descendens
1336 537 1350 556 a
1374 527 1459 557 Patre
1482 527 1638 563 luminum,
1661 533 1689 557 et
1711 528 1816 557 deinde

1074 577 1241 606 immediate
1265 576 1292 605 in
1317 575 1452 606 manibus
1475 575 1544 605 dicti
1573 576 1663 614 patris
1686 577 1818 615 superio-

1075 626 1115 655 ris
1138 624 1284 663 generalis
1307 624 1501 662 cismontani,
1526 629 1591 661 aut,
1616 634 1649 654 eo
1679 624 1814 662 absente,

1075 674 1196 704 alterius
1219 673 1254 702 ab
1269 684 1302 703 eo
1318 673 1489 712 deputandi,
1515 673 1711 702 iuramentum
1735 673 1815 703 iuxta

1075 723 1293 762 infrasciiptam
1316 723 1470 752 sorrnulam
1496 727 1655 761 praestent,
1686 722 1817 762 illudque

1075 772 1108 801 ad
1144 780 1256 800 sacram
1290 771 1550 809 Congregationem
1587 771 1816 801 transmittatur.

1116 820 1250 850 Formula
1274 819 1432 850 iuramenti
1458 820 1523 850 talis
1546 825 1607 849 est:

1114 869 1169 907 Eyo
1200 871 1289 908 frater
1317 869 1352 898 N.
1376 868 1430 905 N.⁷
1460 871 1600 908 proshssus
1634 869 1660 897 in
1685 872 1817 897 conventu

1074 918 1108 948 N.
1142 919 1301 957 prouinciae
1336 917 1370 947 N.
1407 916 1519 947 Ordinis
1554 919 1642 946 saneti
1676 917 1819 946 Francisei

1074 968 1105 996 de
1128 967 1307 997 observantia
1322 991 1329 1003 ,
1354 968 1414 996 iuro
1436 971 1461 996 et
1486 968 1615 1005 promitto
1637 967 1665 995 in
1694 966 1820 995 manibu³

1074 1016 1252 1054 paternitatis
1283 1019 1389 1044 restrae
1419 1016 1660 1044 reverendissimae
1688 1014 1732 1051 N.,
1762 1017 1820 1044 sire

1075 1065 1228 1104 superioris
1249 1064 1384 1102 dvleyati,
1409 1074 1451 1093 me
1472 1065 1504 1093 at»
1527 1065 1574 1093 hoc
1595 1065 1744 1094 seminario
1766 1074 1816 1093 uon

1076 1115 1280 1151 discessurum,
1310 1124 1394 1152 neque
1416 1114 1554 1142 discedere
1579 1118 1792 1152 procuraturznn
1810 1137 1817 1149 ,

1077 1164 1192 1191 mediate
1213 1163 1254 1191 rel
1277 1163 1443 1197 immediate,
1466 1172 1515 1200 per
1534 1172 1573 1190 me
1590 1172 1639 1191 uec
1659 1172 1708 1200 per
1731 1165 1817 1191 inter-

1074 1213 1190 1250 positam
1213 1222 1368 1250 personum,
1392 1213 1445 1240 nisi
1468 1222 1500 1239 iar
1523 1211 1644 1249 legitinui
1662 1214 1744 1240 causti
1767 1213 1816 1240 sul—

1076 1261 1206 1289 vmittendii
1234 1271 1249 1288 ιι
1275 1262 1443 1299 paternitate
1471 1263 1561 1289 vesu-11
1589 1260 1817 1289 rererendissimd

1076 1309 1116 1338 vel
1132 1320 1146 1337 α
1166 1310 1262 1338 vestris
1283 1309 1480 1338 suecessoribus
1498 1310 1626 1337 canonice
1639 1308 1816 1345 intrantibus,

1075 1363 1100 1387 el
1117 1368 1167 1387 uon
1184 1358 1262 1387 ulicis.
1287 1358 1415 1396 Insuper,
1437 1367 1488 1396 pro
1504 1358 1566 1396 {idei
1582 1357 1732 1386 catholicae
1752 1368 1817 1396 pro-

1073 1407 1215 1445 pnyundae
1236 1409 1329 1440 cuusd,
1354 1416 1385 1435 ac
1415 1406 1503 1435 salute
1531 1406 1686 1445 infidelium
1716 1416 1818 1444 procu-

1076 1456 1175 1491 randn',
1198 1456 1232 1485 ad
1250 1455 1307 1485 loca
1327 1455 1547 1493 Tcrruesunclae,
1565 1459 1612 1484 aut
1627 1455 1709 1484 aliam
1724 1465 1820 1494 quam-

1074 1515 1189 1543 cumque
1204 1505 1377 1544 prorinciam
1392 1504 1431 1533 rel
1448 1514 1573 1542 regnum,
1591 1505 1650 1533 εἰη]
1663 1504 1757 1542 (zl'qwi
1775 1514 1819 1533 re-

1072 1554 1260 1591 puynnntitiet
1274 1553 1441 1591 exceptione,
1458 1553 1682 1591 quandocumque
1699 1553 1813 1585 iturum,

1074 1606 1099 1631 et
1121 1602 1155 1630 ad
1177 1602 1253 1631 illum
1278 1606 1383 1640 partem
1414 1611 1448 1630 er
1477 1601 1556 1630 dictis
1586 1601 1651 1630 Iocis
1677 1605 1723 1630 aut
1753 1611 1818 1639 pro-

1074 1651 1186 1687 vinciis,
1217 1651 1251 1680 ad
1274 1660 1354 1689 quum
1384 1661 1399 1678 α
1424 1651 1591 1689 paternitate
1621 1653 1712 1679 vestrd
1743 1659 1817 1678 reve-

1075 1700 1239 1728 rendissinui
1261 1709 1307 1728 ero
1330 1699 1481 1728 destinatus
1510 1703 1533 1727 el
1562 1700 1673 1728 missus.
1700 1697 1747 1728 Sic
1776 1708 1818 1726 me

1076 1748 1149 1778 Deus
1171 1749 1297 1786 adiuvet,
1328 1751 1353 1778 ei
1381 1748 1446 1778 haec
1467 1752 1561 1777 salicta
1584 1748 1633 1777 Dei
1655 1746 1816 1785 Evanyelia.

1076 1797 1132 1834 Eyo
1156 1797 1188 1826 N.
1211 1796 1246 1827 N.
1270 1797 1381 1835 affirmo
1404 1801 1431 1825 ut
1454 1806 1539 1835 supra
1562 1806 1644 1824 ηιαιιιι
1660 1796 1786 1835 propria.

1116 1853 1153 1874 ιν.
1178 1845 1209 1874 lu
1232 1845 1310 1875 dicto
1333 1845 1491 1874 seminario
1515 1849 1705 1884 permaneant
1723 1844 1816 1883 spatio

1076 1894 1201 1924 duorum
1221 1903 1379 1931 annorum,
1397 1898 1424 1923 et
1443 1903 1500 1923 non
1517 1894 1603 1930 ultra,
1621 1894 1678 1923 nisi
1696 1893 1816 1923 sortasse

1076 1952 1142 1972 cum
1164 1942 1263 1982 aliquo
1286 1942 1322 1972 ob
1346 1943 1471 1980 insignis
1494 1951 1575 1981 spem
1599 1942 1746 1981 profectus
1771 1941 1816 1971 vel

1077 2002 1110 2021 ex
1134 1991 1189 2021 ali-‘i
1218 1991 1350 2030 legitima
1379 1992 1465 2021 causa
1495 1991 1665 2021 censuerint
1694 1991 1816 2020 lectores

1078 2040 1303 2080 protrahendam
1336 2049 1398 2070 esse
1433 2049 1543 2070 moram
1577 2040 1611 2070 ad
1644 2040 1814 2078 triennium,

1077 2089 1163 2128 idque
1186 2098 1252 2119 cum
1282 2088 1502 2128 dispensatione
1533 2089 1562 2119 in
1585 2088 1702 2128 scriptis
1726 2088 1817 2128 patris

1077 2138 1240 2177 superioris
1272 2138 1418 2177 generalis
1452 2138 1626 2168 cismontani
1659 2141 1687 2167 et
1716 2146 1816 2167 sacrae

1077 2186 1326 2225 Congregationis.

1116 2243 1144 2264 v.
1169 2235 1200 2264 ln
1223 2235 1360 2265 omnibus
1383 2235 1549 2273 collegiales
1572 2235 1698 2272 subsint,
1732 2238 1817 2274 prout

1077 2284 1162 2314 etiam
1187 2284 1321 2318 lectores,
1345 2284 1528 2314 obedientiae
1550 2285 1703 2322 guardiani
1726 2289 1754 2314 et
1769 2293 1818 2314 su-

1078 2334 1227 2372 periorum
1260 2332 1378 2363 Ordinis
1410 2333 1582 2372 respective,
1616 2333 1702 2363 sicuti
1726 2333 1815 2364 ceteri

1078 2383 1182 2412 fratres
1206 2386 1234 2411 et
1257 2382 1380 2412 lectores
1402 2382 1437 2411 de
1460 2382 1582 2418 familia,
1600 2391 1633 2411 ac
1656 2382 1691 2411 de
1714 2382 1749 2411 iis
1770 2381 1818 2411 lia-

1078 2431 1192 2468 beatur,
1216 2432 1284 2462 dum
1304 2433 1333 2461 in
1352 2432 1510 2461 seminario
1527 2431 1751 2471 permanserint,
1771 2439 1818 2459 ea-

1077 2480 1143 2510 dem
1167 2481 1253 2517 ratio‚
1278 2489 1310 2510 ac
1343 2481 1367 2509 si
1402 2481 1489 2510 huius
1512 2480 1678 2519 provinciae
1711 2480 1815 2508 fratres

1078 2534 1186 2565 essent,
1211 2534 1271 2559 tum
1295 2530 1372 2559 circa
1396 2530 1631 2569 praecedentiam
1654 2529 1732 2558 quta
1752 2537 1814 2558 sus-

1078 2578 1242 2616 ceptionem
1273 2578 1390 2608 hahitus
1413 2579 1492 2617 (cum
1516 2578 1569 2607 hac
1602 2582 1697 2607 tamen
1720 2576 1815 2606 decla-

1053 2626 1202 2670 ‘rationffi
1232 2631 1367 2665 respectu
1402 2626 1544 2656 lectorum
1573 2625 1763 2656 iubilatorum
1790 2628 1817 2655 et

1707 221 1772 255 373
1819 230 1868 257 An.
1890 230 1920 257 c.
1939 231 2006 258 1710

1854 389 1881 408 1¹2*
1898 396 1968 408 eurum
1982 396 2011 408 ιιι-

1826 422 1896 437 gres-u
1908 422 1954 435 vum
1972 416 2010 435 sut·-

1827 448 1858 460 tnu
1870 448 1880 461 3
1893 447 2011 462 tutamen-1.

1861 1855 1889 1874 Dc
1913 1856 1970 1874 mora
1995 1862 2013 1875 nt

1827 1883 1924 1907 colieglo.

1855 2243 1884 2264 De
1898 2249 1939 2270 qua
1955 2244 2013 2263 stimi·

1828 2271 1856 2291 lta
1868 2274 1887 2291 et
1903 2276 2012 2296 μνηνιηιη

1828 2299 1927 2318 censeam
1943 2300 1992 2316 sint.
