2269 3203
279 209 328 236 An.
347 209 375 236 o.
399 208 467 236 17¹4
513 198 576 233 6⁶24

292 1649 405 1670 Clausulaa
414 1654 460 1675 spe-

275 1677 342 1696 011110,-
367 1679 387 1696 et
416 1682 461 1697 aiu-

276 1703 390 1729 ptisanam.

473 257 695 302 deputationis
708 259 840 293 alterius
860 259 967 292 vicarii
987 258 1019 291 in
1034 258 1209 301 spirituali-

473 313 532 345 bus
554 313 716 355 generalis
741 325 757 345 a
778 312 944 355 praedicto
962 312 1093 344 Nicolao
1113 310 1209 343 Maria

473 365 626 409 episcopo
662 360 762 399 factae
789 367 837 398 rel
870 364 1035 397 faciendae
1061 363 1209 396 notitiam

473 418 657 459 habuerint,
673 419 820 451 eumdem
838 418 1083 450 Emmanuelem
1109 416 1210 449 archi·

473 472 643 505 diaconum
675 478 709 504 ut
742 471 895 504 vicarium
927 471 1110 513 generalem
1144 479 1207 502 am-

472 524 559 567 plius
585 529 779 566 agnoscant,
806 529 860 556 aut
891 523 938 556 illi
968 528 1077 556 actum
1107 523 1207 556 ullum

473 576 677 610 obedientiae
708 580 890 619 praestent;
925 576 999 609 illos
1030 575 1116 609 serio
1143 587 1210 608 mo-

473 635 595 670 nentes,
622 640 657 662 ac
684 635 746 663 tam
772 630 818 662 eis
845 640 940 672 quam
970 629 1118 662 universo
1151 640 1210 673 po-

473 683 550 727 pulo
587 683 722 716 civitatis
762 688 795 717 et
830 682 988 716 dioecesis
1021 683 1209 716 huiusmodi

473 736 564 770 enixe
591 736 841 779 praecipientes,
867 742 902 768 ut
927 736 955 769 ei
983 736 1147 769 dumtaxat
1169 735 1209 768 vi-

473 789 561 822 cario
587 789 741 832 generali,
766 790 819 833 qui
837 800 854 822 a
872 794 1050 822 memorato
1075 788 1209 822 Nicolao

472 842 570 876 Maria
605 843 760 887 episcopo
798 843 970 886 deputatus
1009 842 1067 875 suit
1090 843 1140 875 vel
1177 842 1209 874 in

472 901 641 939 posterum
669 896 887 939 deputabitur,
924 905 1100 938 congruam
1135 895 1211 927 obe-

472 947 626 981 dientiam
645 948 840 988 exliibcant;
860 948 1022 992 simulque
1041 947 1152 987 sciant,
1173 958 1209 980 ea

472 1000 589 1041 omnia,
617 1011 699 1044 quae
726 1000 763 1033 de
789 1006 898 1034 cetero
930 1000 1101 1033 vicariatus
1128 1000 1210 1033 eius-

472 1054 558 1087 modi
593 1053 696 1093 titulo,
722 1054 786 1086 sire
818 1064 835 1087 a
865 1053 1052 1096 supradicto
1084 1052 1210 1085 Emma-

472 1107 568 1140 nuele
593 1107 835 1147 archidiacono,
861 1107 928 1140 sive
954 1118 971 1139 a
996 1106 1108 1149 quovis
1135 1105 1208 1146 alio,

472 1160 525 1204 qui
551 1160 675 1204 absque
701 1163 809 1193 nostra
835 1171 890 1193 seu
924 1159 1059 1203 praefati
1088 1158 1209 1192 Nicolai

471 1215 587 1248 Mariae
621 1214 767 1258 episcopi
798 1214 947 1247 facultate
977 1213 1053 1246 dieti
1079 1213 1211 1245 vicaria-

464 1265 525 1301 tus
561 1267 786 1301 auctoritatem
812 1267 872 1300 sibi
898 1266 1144 1311 quomodolibet
1176 1277 1209 1298 u-

472 1327 633 1365 surparet,
646 1321 715 1364 geri
731 1321 943 1364 contingeret,
959 1320 1092 1353 omnino
1108 1319 1208 1360 irrita,

472 1374 611 1408 invalida
629 1381 661 1408 et
681 1374 801 1414 inania,
824 1374 1010 1417 nulliusque
1030 1373 1155 1407 roboris
1175 1383 1210 1406 ae

471 1428 625 1461 momenti
650 1428 730 1467 fore,
756 1426 1031 1470 quemadmodum
1051 1435 1110 1459 nos
1136 1436 1208 1459 vere

472 1482 526 1514 illa
562 1492 622 1524 pro
658 1481 767 1520 irritis,
801 1480 952 1513 invalidis
991 1486 1022 1513 et
1058 1479 1208 1513 inanibus

472 1535 623 1568 habenda
645 1545 729 1574 esse,
747 1534 861 1566 harum
877 1533 969 1574 serie,
987 1533 1138 1567 similiter
1157 1533 1210 1566 de—

472 1589 648 1621 claramus.

515 1641 530 1684 ἓ
548 1640 576 1673 7.
591 1640 810 1673 Decernentes
829 1639 958 1683 pariter,
974 1638 1104 1672 easdem
1120 1650 1210 1683 prae-

471 1699 579 1727 sentes
606 1692 730 1726 litteras
757 1692 838 1725 etin
865 1692 910 1725 eis
935 1698 1089 1725 contenta
1114 1702 1210 1735 quae-

471 1757 627 1790 cumque,
655 1746 750 1779 etiam
778 1756 814 1778 ex
848 1757 885 1779 eo
922 1746 1008 1789 quod
1050 1746 1209 1788 praedicti

471 1799 579 1834 etalii
611 1799 808 1843 quicumque
835 1798 866 1831 in
901 1799 1090 1841 praemissis
1128 1799 1211 1832 inte-

471 1863 560 1886 resse
579 1852 737 1885 habentes
756 1862 812 1884 seu
828 1852 947 1885 habere
963 1852 1210 1895 quomodolibet

470 1905 742 1950 praetendentes,
770 1905 907 1938 cuiusvis
932 1911 1042 1946 status,
1069 1904 1208 1947 gradus,

470 1958 602 1999 ordinis,
621 1957 896 2002 praeeminentiae
915 1964 946 1991 et
964 1957 1129 2001 dignitatis
1146 1958 1210 1991 exi-

471 2018 566 2052 stant,
578 2022 634 2045 seu
650 2012 728 2045 alias
744 2011 894 2055 specifica
908 2017 939 2045 et
952 2011 1211 2045 individuamen-

472 2066 558 2098 tione
581 2070 612 2098 et
630 2065 839 2108 expressione
858 2065 957 2108 digni,
973 2065 1036 2098 illis
1056 2075 1120 2098 non
1139 2075 1212 2098 con-

471 2118 642 2159 senserint,
664 2128 723 2151 nec
742 2118 780 2151 ad
806 2128 843 2151 ea
861 2119 977 2159 vocati,
997 2119 1085 2151 citati
1107 2124 1139 2152 et
1157 2130 1211 2152 au-

472 2171 541 2212 diti,
560 2182 750 2215 causaeque,
766 2178 901 2215 propter
922 2183 1000 2215 quas
1022 2178 1211 2216 praesentes

472 2224 664 2263 emanarint,
690 2224 891 2258 sufficienter
915 2225 1085 2265 adductae,
1110 2225 1211 2258 veriti-

472 2282 560 2310 catae
582 2283 612 2310 et
637 2277 827 2310 iustificatae
853 2288 918 2310 non
947 2278 1078 2318 fuerint,
1100 2283 1155 2310 aut
1173 2289 1208 2310 ex

473 2331 534 2363 alia
552 2330 699 2373 qualibet
724 2330 819 2363 etiam
845 2331 1049 2373 quantumvis
1074 2330 1210 2363 iurIdica

472 2382 719 2426 etprivilegiata
737 2385 840 2423 eausa,
858 2384 977 2423 colore,
993 2389 1161 2426 praetextu
1179 2389 1210 2416 et

472 2436 577 2479 capite
595 2463 602 2476 ,
633 2435 727 2469 etiam
762 2436 792 2467 111
823 2446 959 2478 corpore
986 2435 1062 2468 iuris
1088 2437 1208 2476 clauso,

473 2489 568 2522 etiam
595 2488 749 2528 enormis,
775 2489 1018 2521 euormissimae
1045 2494 1076 2521 et
1102 2489 1210 2522 totalis

473 2541 640 2582 laesionis,
659 2541 749 2574 nullo
768 2551 908 2584 unquam
931 2547 1075 2585 tempore
1090 2542 1128 2574 de
1143 2541 1212 2574 sub-

1050 211 1229 235 nun-immi
1254 210 1361 233 ROMA.)
1368 211 1407 233 [ΞΜ

1253 257 1339 298 vitio,
1365 268 1420 291 seu
1447 256 1638 290 intentionis
1664 263 1803 297 nostrae,
1831 258 1880 291 vel
1907 258 1990 291 inte-

1254 321 1341 343 resse
1368 310 1559 344 habentium
1584 312 1772 350 consensus,
1791 310 1893 344 aliove
1911 322 1990 354 quo-

1253 363 1333 396 libet
1358 363 1453 396 etiam
1479 364 1683 407 quantumvis
1716 374 1833 406 magno
1859 369 1890 397 et
1915 365 1990 397 sub-

1253 417 1392 450 stantiali
1411 428 1446 450 ac
1464 417 1679 460 inexcogitato
1699 423 1731 450 et
1751 417 1990 460 inexcogitabili

1253 469 1518 514 individuamque
1542 470 1787 513 expressionem
1805 471 1989 513 requirente

1254 522 1379 556 defectu
1406 523 1520 563 notari,
1547 523 1745 566 impugnari,
1772 523 1916 566 infringi,
1944 523 1991 556 in-

1254 575 1399 615 validari,
1415 576 1594 615 retractari,
1614 576 1646 608 in
1664 576 1921 609 controversiam
1938 586 1991 609 vo-

1254 628 1329 669 cari,
1356 633 1411 660 aut
1435 629 1474 661 ad
1499 629 1653 662 terminos
1682 629 1761 662 iuris
1786 628 1907 669 reduci,
1933 639 1990 661 seu

1254 681 1408 714 adversus
1435 681 1506 714 illas
1532 681 1724 725 aperitionis
1750 681 1826 721 oris,
1861 681 1991 714 restitu-

1254 733 1352 766 tionis
1377 733 1407 765 in
1428 734 1604 776 integrum,
1621 734 1747 767 aliudve
1762 734 1990 777 quodcumque

1253 786 1343 827 iuris,
1365 787 1447 827 faeti,
1474 788 1522 820 vel
1548 788 1668 830 gratiae
1687 786 1868 821 remedium
1888 786 1992 820 inten-

1255 840 1312 873 tari
1338 841 1387 874 vel
1412 840 1603 884 impetrari,
1630 846 1685 874 aut
1708 841 1903 884 impetrato,
1934 851 1991 873 seu

1255 892 1350 925 etiam
1376 898 1474 934 motu,
1500 893 1634 926 seientia
1651 899 1682 926 et
1697 893 1865 937 potestatis
1885 893 1991 936 pleni-

1255 945 1366 978 tudine
1398 945 1530 989 paribus
1559 957 1716 980 concesso
1747 947 1795 980 vel
1820 952 1988 989 emanato,

1255 999 1439 1042 quempiam
1456 999 1489 1032 in
1507 1000 1626 1033 iudicio
1652 1001 1700 1033 vel
1726 1005 1815 1033 extra
1839 999 1920 1032 illud
1947 999 1991 1033 uti

1255 1062 1313 1084 seu
1330 1062 1365 1085 se
1377 1051 1486 1086 iuvare
1504 1053 1570 1086 ullo
1586 1053 1684 1086 modo
1701 1063 1818 1096 posse;
1834 1053 1891 1086 sed
1905 1052 1991 1096 ipsas

1254 1111 1442 1148 praesentes
1467 1105 1592 1140 litteras
1617 1116 1746 1150 semper
1769 1105 1890 1146 firmas,
1915 1105 1991 1138 vali-

1254 1158 1310 1191 das
1333 1163 1364 1191 et
1382 1158 1527 1192 efficaces
1550 1159 1691 1192 existere
1706 1164 1738 1192 et
1761 1159 1841 1198 fore,
1860 1169 1895 1191 ac
1921 1157 1992 1202 qui-

1254 1213 1453 1256 buscumque
1491 1212 1568 1246 iuris
1605 1222 1662 1246 seu
1693 1212 1765 1245 facti
1791 1212 1991 1253 defectibus,

1255 1265 1308 1309 qui
1323 1266 1476 1299 adversus
1495 1266 1565 1299 illas
1579 1277 1597 1299 a
1613 1265 1771 1299 saeculari
1789 1265 1991 1309 potissimum

1255 1324 1426 1362 potestate,
1441 1329 1497 1352 seu
1512 1319 1678 1362 praedicto
1700 1323 1844 1352 assertae
1865 1328 1992 1351 monar-

1254 1372 1347 1405 chiae
1373 1371 1498 1405 Siculae
1525 1372 1689 1411 tribunali,
1709 1371 1748 1404 ad
1768 1370 1916 1404 effectum
1932 1370 1992 1403 im-

1254 1424 1406 1468 pediendi
1432 1435 1489 1458 seu
1522 1425 1708 1458 retardandi
1743 1435 1851 1457 earum
1877 1434 1992 1457 execu-

1255 1477 1397 1518 tionem,
1433 1478 1544 1522 quovis
1576 1478 1674 1511 modo
1711 1488 1769 1511 seu
1808 1488 1843 1510 ex
1881 1477 1991 1521 quavis

1254 1533 1349 1564 eausa
1367 1531 1488 1574 opponi
1507 1542 1562 1565 sen
1581 1531 1676 1564 obiici
1696 1536 1838 1574 possent,
1858 1529 1990 1564 minime

1255 1585 1501 1628 refragantibus,
1520 1595 1596 1618 suos
1616 1584 1783 1628 plenarios
1800 1590 1831 1617 et
1847 1584 1991 1627 integros

1255 1637 1385 1671 etl'ectus
1411 1638 1520 1671 sortiri
1547 1644 1579 1671 et
1595 1638 1758 1679 obtinere,
1779 1648 1897 1681 easque
1915 1647 1991 1681 pro-

1254 1698 1377 1736 pterea,
1395 1692 1544 1726 omnibus
1566 1698 1596 1726 et
1615 1693 1752 1735 singulis
1769 1702 1828 1736 per
1845 1692 1992 1725 eamdem

1255 1747 1457 1780 saecularem
1488 1751 1680 1790 potestatem
1715 1745 1780 1778 sive
1809 1756 1868 1789 per
1903 1745 1991 1778 idem

1255 1804 1410 1832 assertum
1435 1798 1577 1831 tribunal
1613 1797 1860 1842 quomodolibet
1885 1797 1989 1831 allatis

1255 1862 1312 1884 seu
1338 1850 1510 1885 afferendis
1536 1851 1780 1895 impedimentis
1806 1851 1935 1894 penitus
1960 1856 1991 1884 et

1255 1905 1385 1940 omnino
1412 1904 1550 1945 reiectis,
1566 1915 1601 1937 ae
1619 1914 1824 1948 nequaquam
1846 1903 1989 1944 attentis,

1255 1959 1293 1992 ab
1315 1958 1390 1999 illis,
1414 1958 1452 1991 ad
1471 1968 1551 2001 quos
1569 1962 1693 2000 spectat
1709 1961 1741 1990 et
1760 1966 1821 2000 pro
1843 1961 1990 2000 tempore

1254 2012 1524 2056 quandocumque
1552 2011 1731 2054 spectabit,
1757 2009 1991 2044 inviolabiliter

1255 2070 1286 2098 et
1311 2065 1499 2098 inconcusse
1525 2063 1710 2105 observari,
1737 2063 1847 2107 sieque
1869 2068 1900 2096 et
1924 2073 1990 2097 non

1254 2118 1350 2151 aliter
1370 2117 1402 2150 in
1419 2117 1606 2161 praemissis
1624 2127 1683 2160 per
1700 2126 1921 2160 quoscumque
1947 2115 1991 2149 iu-

1254 2170 1341 2204 dices
1365 2170 1546 2204 ordinarios
1566 2175 1597 2203 et
1614 2170 1790 2212 delegatos,
1809 2169 1904 2202 etiam
1920 2179 1991 2202 cau-

1253 2235 1358 2257 sarum
1383 2223 1491 2267 palatii
1510 2222 1679 2266 apostolici
1701 2222 1875 2262 auditoreS,
1891 2232 1926 2255 ac
1944 2221 1989 2255 di-

1253 2283 1322 2311 ctae
1348 2277 1379 2310 S.
1404 2277 1439 2309 R.
1459 2276 1492 2309 E.
1514 2276 1705 2316 cardinales
1721 2275 1816 2308 etiam
1835 2275 1874 2308 de
1890 2277 1990 2309 latere

1253 2332 1374 2373 legatos
1393 2336 1424 2363 et
1438 2330 1601 2373 praefatae
1615 2328 1706 2362 Sedis
1726 2329 1876 2369 nuncios,
1894 2329 1991 2362 alios·

1254 2393 1289 2415 ve
1311 2382 1475 2425 quoslibet
1500 2392 1703 2425 quacumque
1736 2381 1990 2425 praeeminentia

1253 2441 1284 2468 et
1309 2441 1469 2478 potestate
1488 2435 1660 2478 fungentes
1675 2440 1707 2467 ct
1723 2435 1900 2475 functuros‚
1918 2434 1991 2467 sub-

1254 2489 1317 2521 lata
1337 2488 1382 2521 eis
1407 2494 1437 2521 et
1462 2499 1574 2521 eorum
1603 2488 1737 2521 cuilibet
1760 2488 1871 2532 quavis
1897 2488 1991 2521 aliter

1254 2541 1417 2574 iudicandi
1449 2546 1480 2574 et
1512 2541 1751 2585 interpretandi
1784 2542 1933 2574 facultate
1959 2546 1991 2574 et

473 2594 633 2640 reptionis
659 2595 708 2629 vel
748 2594 951 2640 obreptionis
977 2600 1030 2629 aut
1055 2594 1210 2631 nullitatis
1255 2594 1460 2637 auctoritate,
1486 2595 1622 2630 iudicari
1647 2601 1678 2629 et
1703 2594 1830 2630 definiri
1848 2594 1988 2629 debere:

1999 209 2048 236 An.
2065 209 2093 236 C.
2114 210 2181 237 ¹71⁴
