2269 3203
105 224 153 252 An.
175 222 290 253 c.t712

917 224 1056 247 ereneus

300 282 383 315 quae
411 272 567 306 celebrari
594 272 782 315 contigisse!
811 272 841 304 in
869 271 973 314 aliqua
1001 281 1037 303 ex

300 325 394 359 dictis
413 325 586 369 provinciis
608 336 680 358 cuni
708 330 781 357 voto
807 324 873 357 sive
901 323 1037 366 suffugio

298 379 444 423 priorum
471 390 526 412 seu
554 378 746 411 vicariorum
773 378 956 417 domorum,
981 388 1036 409 seu

298 438 526 471 conventuum,
547 432 576 464 in
597 431 713 474 quibus
729 441 792 463 uon
816 430 963 463 alebatur
981 431 1038 462 sal-

300 490 363 518 tem
389 491 462 518 octo
488 484 717 527 religiosorum
749 494 925 522 numerus,
953 483 1038 515 iuxta

298 539 536 582 praescriptum
561 537 771 581 quarrumlam
792 537 971 570 litterarum
997 536 1038 569 si-

298 591 382 625 milis
399 590 575 624 memoriae
595 590 683 623 Pauli
704 590 761 622 ΙΨ.
780 590 810 627 Υ,
832 589 928 622 etiam
943 600 1037 632 prac-

298 643 480 678 decessoris
506 643 624 683 nostri,
651 643 703 675 die
734 653 808 676 xxnt
842 642 1037 685 septembris

298 707 396 732 uncxt
441 697 471 729 in
505 696 600 730 simili
637 696 738 729 forma
774 695 883 728 Brevis
915 695 1038 738 pariter

297 749 539 794 expeditarum,
565 759 624 792 per
657 759 735 792 quas
769 748 971 781 statuebatur
1003 752 1038 779 ut

296 809 474 836 conventus
511 802 655 846 praefati,
683 801 735 844 qui
764 811 931 834 numerum
965 806 1036 833 octo

297 856 524 899 religiosorum
551 860 733 888 sustentare
756 866 819 888 non
839 854 1034 898 potuissent,

296 909 454 953 supprimi
474 909 646 948 delmi-ene
665 909 689 941 si
708 919 782 941 vcro
804 907 834 940 id
854 906 1034 941 executioni

296 961 485 995 demandari
511 972 576 995 non
614 961 778 1001 valuisset,
805 961 971 1003 regulares
997 960 1035 993 ad

296 1015 377 1048 alios
401 1020 578 1048 conventus
600 1025 655 1047 seu
682 1015 719 1047 ad
747 1014 826 1048 alias
853 1014 967 1047 domos
990 1024 1036 1046 re-

296 1068 424 1109 gulares
440 1067 703 1106 transserrentur;
727 1066 769 1099 ita
791 1072 823 1098 ut
842 1066 871 1098 in
891 1066 1036 1109 partibus

296 1120 460 1153 Indiaruln
485 1131 551 1153 non
577 1120 777 1163 reperiretur
801 1118 1034 1153 monasterium

296 1177 349 1205 aut
375 1173 532 1216 regularis
559 1173 683 1212 domus,
710 1173 740 1205 in
779 1183 842 1216 quo
880 1182 934 1204 seu
973 1182 1035 1215 qua

250 1222 252 1224 Ι
294 1226 402 1259 minor
426 1236 579 1259 uumerus
612 1232 684 1259 OClO
719 1226 954 1259 monachorum
980 1236 1034 1258 SOU

112 1663 194 1684 Causae
202 1668 285 1684 corusci·-

102 1690 204 1710 vaudinus
212 1689 286 1710 suffra-

100 1717 129 1741 gii
143 1718 167 1737 ut
181 1717 202 1737 in
217 1716 285 1737 rubri·

100 1749 133 1764 cz.

297 1280 428 1312 fratrum
465 1280 650 1322 regularem
689 1278 783 1311 vitain
822 1280 969 1318 ‹lucere13
1004 1284 1035 1310 et,

295 1332 383 1372 alias,
401 1338 499 1376 prout
520 1333 551 1364 in
571 1331 764 1376 supradictis
783 1332 970 1371 Clementis,
989 1332 1035 1363 bi-

294 1387 345 1419 nis
369 1386 459 1419 Pauli
486 1386 535 1426 lli,
561 1386 720 1428 Gregorii,
750 1386 836 1418 l'auli
862 1385 883 1415 Υ
910 1391 939 1417 et
966 1386 1035 1418 Ate-

294 1439 406 1472 xandri
428 1440 718 1483 praedecessorum
743 1441 960 1483 praelatorum
983 1451 1035 1472 ex-

294 1492 413 1536 peditis
431 1493 556 1532 litteris,
578 1504 713 1537 quarum
734 1499 863 1526 tenores
884 1503 1036 1536 praesen-

296 1545 380 1578 tibus
411 1556 470 1589 pro
503 1545 665 1589 expressis
701 1552 732 1578 et
765 1545 894 1578 insertis
920 1546 1032 1578 haberi

296 1600 454 1637 volumus,
481 1599 613 1632 uberius
649 1599 818 1632 dicebatur
851 1599 1032 1632 contineri:

297 1657 329 1685 et
346 1652 377 1684 in
394 1652 506 1685 eadem
528 1652 731 1695 expositione
750 1652 923 1686 subiuncto
946 1653 1033 1695 quod

296 1705 470 1739 memorati
496 1706 584 1738 Pauli
613 1706 633 1736 Υ
660 1706 923 1749 praedecessoris
949 1705 1035 1738 litte-

296 1770 349 1792 rae
376 1759 445 1792 aliis
472 1759 662 1802 supradictis
688 1764 718 1792 et
739 1770 816 1802 piae
836 1759 951 1792 ceteris
971 1759 1034 1792 illis

296 1812 439 1845 eiusdem
462 1812 634 1845 Alexandri
663 1812 925 1854 praedecessoris
953 1812 1035 1844 litte-

294 1865 351 1905 ris,
379 1876 460 1908 quae
496 1865 659 1908 posterius
685 1870 887 1903 emanarunt,
922 1866 1034 1898 adrer-

295 1919 450 1953 sabantur
476 1917 682 1961 (minusrpie¹
709 1918 865 1951 eiusn‘iodi
899 1918 984 1951 Pauli
1012 1919 1033 1949 Y

294 1973 558 2017 praedecessoris
577 1972 717 2009 litterae,
735 1982 869 2015 quarum
888 1972 1033 2005 executio

294 2025 428 2059 arbitrio
466 2025 697 2069 episcoporum
739 2030 814 2058 tuno
846 2025 877 2057 in
911 2024 1032 2058 eisdem

294 2079 440 2122 partibus
467 2078 673 2111 existentium
712 2077 883 2111 commissa
920 2078 1033 2117 suerat,

293 2137 329 2165 ut
348 2131 374 2164 si
393 2131 437 2164 ita
461 2141 520 2175 pro
547 2131 644 2164 divini
671 2131 776 2164 cultus
804 2136 976 2173 augmento
1002 2136 1034 2163 et

294 2185 453 2228 regularis
478 2184 668 2228 disciplinae
704 2184 908 2217 observantia
935 2195 1032 2228 expe-

294 2239 362 2272 dire
387 2239 596 2277 iudicassent,
622 2249 720 2281 super
737 2249 800 2281 quo
823 2248 932 2271 eorum
958 2248 1032 2271 con·

294 2292 431 2325 scientia
457 2292 664 2330 onerabatur,
705 2292 743 2323 ab
777 2291 823 2323 eis
849 2291 1030 2324 executioni

293 2344 424 2378 minime
451 2344 662 2378 demandatae
696 2344 963 2387 reperiebantur)
995 2355 1031 2377 ae

294 2408 330 2430 ex
350 2398 502 2431 diuturna
518 2397 718 2441 experientia
736 2403 941 2441 compertum
965 2398 1032 2431 sue-

293 2455 344 2483 rat
367 2450 454 2493 quod
474 2450 607 2483 eaedem
623 2450 712 2483 Pauli
731 2451 753 2481 Υ
772 2451 1031 2494 praedecessoris

294 2503 422 2537 litterae
463 2507 537 2535 tunc
573 2503 855 2546 producebantur,
901 2504 1030 2547 quando

329 2575 343 2601 1
365 2562 499 2607 Deinceps
517 2574 635 2608 syntaxis
655 2582 740 2608 usque
760 2574 793 2601 ad
813 2574 927 2602 verbum
947 2583 1030 2609 repe-

294 2617 449 2647 riebantur
467 2624 521 2643 non
541 2616 606 2643 satis
625 2617 753 2644 cohaeret
771 2618 809 2651 (a.
826 2618 874 2652 T.).

382 2671 461 2699 Bull.
482 2670 564 2699 Rom.
584 2684 619 2691 —
642 2670 702 2698 Vol.
723 2671 798 2699 XXI.
943 2670 978 2698 68

1084 224 1113 246 xl
1139 224 1185 247 rr.
1720 214 1783 249 537

1081 271 1335 314 praetendentes
1361 272 1604 314 agnoecclmnt,
1632 283 1682 311 se,
1709 277 1818 305 votum

1082 323 1261 356 serentibus·
1280 324 1328 356 vel
1346 335 1410 356 nou
1429 324 1608 356 serentibus
1627 325 1720 357 dictis
1736 326 1819 368 prio<

1081 377 1177 416 ribus,
1204 387 1299 420 posse
1325 376 1445 409 includi
1478 378 1526 410 rel
1554 377 1701 415 excludi;
1736 379 1818 411 adeo

1081 436 1114 461 ut
1141 430 1203 462 boc
1229 435 1353 462 tantum
1380 430 1529 462 tenderet
1563 429 1600 462 ad
1628 431 1820 472 perturban-

1081 483 1137 516 das
1171 483 1272 515 dietas
1309 483 1492 526 provincias
1527 489 1557 516 et
1591 483 1628 515 ad
1668 484 1819 516 serendas

1081 536 1251 569 continuas
1277 536 1456 569 discordias
1481 536 1565 568 inter
1590 536 1762 578 religiosos
1789 542 1820 569 ct

1080 590 1119 622 ad
1137 589 1340 622 validandam
1363 590 1411 622 vel
1435 590 1666 622 zmnullandaui
1686 590 1725 621 ad
1744 600 1819 632 pro-

1082 643 1187 686 prium
1213 643 1339 675 libitum
1367 643 1578 676 electionem:
1616 642 1818 686 proindeque

1080 696 1186 729 eidem
1213 695 1462 738 Congregationi
1495 695 1709 729 cardinalium
1736 706 1817 738 sup-

1080 749 1197 792 plicato
1225 755 1259 781 ut
1284 749 1353 792 ipsa
1383 749 1466 782 eirea
1489 749 1666 793 praemissa
1687 749 1817 782 solitum

1080 802 1165 834 iuxta
1192 802 1357 845 antiquam
1384 801 1506 844 praxim
1533 801 1662 834 Ordinis
1688 807 1720 834 et
1744 812 1818 844 pro-

1079 854 1256 887 vinciarum
1281 854 1498 897 praefatarum
1524 854 1646 886 servari
1684 855 1818 887 manda-

1079 912 1137 947 ret,
1163 918 1279 950 nempe
1305 912 1361 947 ut,
1389 906 1543 950 praelatis
1571 906 1657 939 Pauli
1686 907 1707 938 Υ
1728 917 1819 950 prac-

1079 961 1261 995 decessoris
1288 961 1404 994 litteris
1439 960 1570 992 minime
1603 960 1817 997 obstantibus,

1079 1013 1193 1046 domus
1219 1023 1275 1046 seu
1293 1018 1480 1051 conventus,
1501 1011 1531 1044 in
1554 1011 1669 1054 quibus
1692 1011 1817 1044 tametsi

1079 1077 1234 1099 numerus
1253 1071 1324 1099 octo
1347 1065 1572 1108 religiosorum
1596 1075 1659 1097 non
1677 1065 1819 1097 aleretur

1079 1119 1127 1152 vel
1146 1124 1389 1158 sustentaretur,
1410 1119 1440 1151 in
1460 1117 1599 1161 pristino
1625 1116 1710 1150 eius'
1734 1121 1817 1149 statu

1079 1177 1358 1210 conservarentur,
1391 1172 1514 1204 attenta
1546 1170 1706 1214 spirituali
1731 1169 1818 1203 utili-

1080 1229 1142 1257 tate
1170 1235 1251 1268 quae
1277 1235 1313 1257 ex
1333 1224 1518 1256 assistentia
1540 1228 1570 1255 et
1603 1223 1728 1256 fervore
1751 1234 1816 1255 me-

1079 1283 1282 1311 moratorum
1309 1278 1536 1319 religiosorum
1564 1276 1597 1309 in
1616 1277 1818 1309 instruendis

1079 1331 1110 1363 in
1147 1331 1307 1373 mysteriis
1351 1331 1424 1363 {idei
1461 1330 1592 1373 populis
1633 1330 1817 1363 earumdem

1078 1385 1218 1428 partium
1242 1384 1488 1428 proveniebant,
1507 1388 1606 1427 prout
1622 1383 1818 1417 venerabilis

1078 1440 1175 1470 trater
1195 1438 1370 1470 modernus
1390 1437 1655 1481 archiepiscopus
1676 1437 1707 1470 S.
1728 1437 1816 1470 Fidei

1079 1491 1110 1524 in
1148 1491 1271 1524 eisdem
1304 1491 1402 1524 indiis
1439 1491 1604 1534 praefatae
1637 1491 1817 1534 Congrege-

1080 1545 1158 1578 tioni
1185 1545 1400 1578 cardinalium
1428 1545 1599 1584 retulerat,
1626 1554 1661 1577 ac
1687 1544 1818 1587 insuper

1079 1604 1113 1630 ut
1132 1597 1317 1631 huiusmodi
1338 1598 1506 1630 domorum
1528 1607 1582 1629 seu
1602 1602 1817 1630 conventuum

1078 1651 1203 1694 priores
1237 1657 1269 1684 et
1301 1650 1409 1684 vicarii
1443 1662 1521 1684 voce
1562 1650 1626 1683 sive
1664 1650 1817 1694 suffragio

1078 1705 1109 1737 in
1142 1704 1357 1737 electionibus
1395 1705 1540 1747 priorum
1570 1704 1816 1747 provincialium

1078 1759 1109 1790 in
1142 1764 1309 1801 posterum
1343 1758 1485 1800 gaudere
1523 1758 1697 1797 deberent,
1736 1758 1817 1790 itaut

1077 1812 1258 1845 electiones
1301 1812 1385 1843 iuxta
1427 1816 1573 1843 tenorem
1614 1811 1809 1851 Clementis,

1077 1865 1165 1897 Pauli
1184 1865 1234 1905 Ill,
1255 1864 1402 1907 Gregorii
1430 1870 1461 1897 ct
1479 1864 1653 1897 Alexandri
1679 1865 1815 1907 praede-

1077 1928 1241 1951 cessorum
1263 1917 1478 1961 praefatorum
1498 1917 1679 1950 litterarum
1699 1918 1815 1950 exinde

1078 1970 1252 2011 faciendae,
1279 1982 1337 2014 pro
1365 1970 1477 2002 validis
1511 1975 1542 2002 et
1567 1969 1733 2002 canonicis
1760 1970 1815 2002 lia-

1076 2023 1253 2056 berentur:
1281 2023 1442 2056 emanavit
1468 2023 1506 2055 ab
1532 2023 1646 2056 eadem
1673 2023 1815 2066 Congre-

1076 2076 1206 2119 gatione
1232 2077 1400 2109 decretum
1427 2076 1551 2109 tenoris
1578 2076 1631 2118 qui
1659 2076 1814 2120 sequitur,

1075 2129 1248 2163 videlieet:

1114 2209 1201 2238 Sacra
1233 2209 1425 2247 Congregatio
1458 2209 1758 2240 eminentIssimorum
1787 2215 1814 2240 et

1074 2257 1387 2288 reverendissimorum
1409 2257 1524 2288 S.R.E.
1548 2258 1740 2288 cardinalium
1765 2268 1815 2289 ne-

1074 2307 1164 2345 gociis
1191 2310 1219 2336 et
1252 2306 1518 2336 consultationibus
1550 2307 1753 2346 episcoporum
1787 2312 1815 2337 et

1074 2356 1251 2394 regularium
1275 2355 1450 2394 praeposita,
1465 2355 1500 2385 ad
1516 2364 1602 2395 quam
1612 2356 1814 2386 sanctissimus

1073 2404 1209 2434 dominus
1232 2408 1330 2434 noster
1353 2404 1514 2444 supplicem
1534 2405 1610 2434 hunc
1626 2404 1756 2435 libellum
1772 2414 1815 2435 re-

1073 2453 1164 2489 misit,
1188 2452 1285 2482 audito
1313 2457 1394 2492 patre
1419 2452 1555 2491 magistro
1578 2453 1708 2491 generali
1730 2452 1814 2483 Ordi-

1073 2503 1129 2538 nis,
1153 2503 1297 2532 referente
1319 2501 1551 2532 eminentissimo
1567 2502 1601 2532 de
1618 2502 1731 2539 Abdua,
1748 2511 1813 2532 cen-

1073 2551 1131 2581 suit
1160 2560 1193 2580 ac
1222 2551 1352 2581 decrevit
1384 2551 1557 2581 servandum
1591 2551 1721 2588 solitum,
1756 2559 1812 2580 non

1111 2619 1120 2644 1
1135 2617 1230 2653 Aptius
1241 2617 1300 2654 lege
1312 2625 1414 2646 eorum
1426 2618 1466 2646 vel
1478 2618 1509 2645 in
1518 2618 1645 2653 priscino
1656 2617 1766 2652 iurem.
1775 2618 1812 2651 τ).

1830 224 1878 251 An.
1901 224 1928 250 C.
1949 224 2014 250 1712

1838 2218 1949 2239 Decretum
1959 2219 2011 2239 Con-

1825 2246 1960 2272 gregatiouis.
