2269 3203
255 220 304 245 An.
321 219 349 246 c.
375 219 438 247 1716
486 210 549 245 714

448 269 524 311 gula
539 267 618 300 sacta
638 267 763 307 suerint,
784 278 889 301 coram
907 266 1084 300 Ordinariis
1101 267 1186 299 loco-

446 331 529 361 rum,
551 325 712 364 tamquam
726 320 816 353 Sedis
834 321 998 364 praefatae
1017 318 1185 361 delegatis,

447 373 498 406 vel
525 374 604 407 alias
624 377 834 413 examinatae,
853 373 1048 412 verificatae,
1067 381 1185 414 appro-

446 427 551 468 batae,
577 427 766 460 iustificatae
792 437 858 459 non
885 426 1020 465 suerint,
1049 435 1083 457 ac
1109 424 1183 467 qui-

447 490 587 523 cumque
612 480 642 512 in
667 479 854 522 praemissis
879 478 927 510 ius
951 478 1002 510 vel
1027 477 1185 509 interesse

447 533 613 572 habentes,
629 543 684 565 seu
702 533 821 565 babere
837 529 1082 574 quomodolibet
1096 539 1187 572 prae-

448 585 618 617 tendentes
640 583 780 616 cuiusvis
805 588 920 621 status,
948 582 1081 625 gradus,
1101 580 1187 613 ordi-

446 639 507 678 nis,
535 637 813 681 praeeminentiae
838 637 886 669 vel
913 635 1079 677 dignitatis
1096 662 1103 675 ‚
1131 644 1185 666 seu

448 691 509 723 alia
534 691 684 733 specifica
706 695 738 723 ct
763 689 928 722 individua
954 688 1121 722 mentione
1145 687 1187 719 di·

448 745 501 786 gni
531 744 675 783 existant,
698 743 820 775 eisdem
846 741 1032 785 praemissis
1059 751 1186 774 eorum-

447 808 508 840 que
534 796 670 839 singulis
696 806 761 828 non
788 795 1038 835 consenserint,
1064 805 1120 827 seu
1147 794 1185 827 ad

447 861 484 883 ca
503 849 602 882 vocati
628 860 683 882 scu
704 849 801 881 auditi
822 849 951 889 suerint,
966 848 1090 881 etiamsi
1116 857 1188 880 con-

448 903 571 935 sentire
597 913 651 935 scu
679 902 785 935 vocari
808 907 839 934 et
859 902 963 934 audiri
989 901 1187 942 debuissent,

447 963 501 989 aut
521 967 556 988 ex
575 955 637 988 alia
655 954 860 998 quantumvis
878 954 1021 993 iuridica,
1044 954 1188 996 legitima

448 1015 480 1041 et
504 1008 707 1052 privilegiata
733 1010 836 1048 causa,
857 1013 887 1040 ct
908 1007 1021 1050 quovis
1046 1008 1110 1040 alio
1137 1017 1188 1040 co·

446 1061 528 1101 lore,
550 1066 719 1104 praetextu
746 1066 777 1093 et
803 1060 918 1103 capite,
945 1060 1040 1093 etiam
1067 1060 1098 1092 in
1120 1070 1189 1093 cor-

445 1124 525 1157 pore
551 1113 630 1145 iuris
667 1115 798 1153 clauso,
829 1113 895 1145 ullo
927 1122 1068 1156 unquam
1104 1118 1184 1145 tem-

447 1177 529 1209 pore
548 1166 587 1198 de
605 1166 824 1208 subreptionis
842 1166 889 1198 vel
909 1165 1113 1209 obreptionis
1131 1176 1187 1198 seu

446 1219 603 1252 nullitatis
628 1219 716 1258 vitio,
743 1224 796 1250 aut
822 1218 1010 1251 intentionis
1044 1224 1185 1259 nostrae,

447 1272 551 1304 aliove
577 1271 724 1314 quolibet
756 1272 852 1304 ctiam
878 1271 1082 1315 quantumvis
1107 1272 1188 1304 sub-

447 1324 589 1357 stantiali
615 1325 740 1357 defectu
766 1322 891 1364 notari,
917 1324 1113 1368 impugnari,
1140 1324 1189 1357 in-

448 1377 564 1420 fringi,
590 1382 622 1409 et
646 1377 678 1409 in
699 1377 953 1410 controversiam
985 1377 1115 1417 vocari,
1150 1377 1189 1410 ad

448 1430 603 1463 terminos
621 1430 698 1462 iuris
723 1430 842 1470 reduci,
870 1435 923 1462 aut
942 1430 1092 1463 adversus
1117 1431 1189 1463 illas

448 1483 678 1526 quodcumque
704 1483 791 1523 iuris,
817 1483 890 1516 sacti
916 1484 965 1516 vel
990 1482 1112 1526 gratiae
1139 1493 1189 1516 re-

447 1536 590 1569 medium
613 1536 764 1569 intentari
788 1537 838 1569 vel
865 1536 1029 1580 impetrari
1052 1537 1189 1570 nullate-

447 1601 508 1623 nus
535 1600 652 1633 posse,
675 1589 682 1605 ¹
700 1600 844 1632 suosque
868 1589 1036 1633 plenarios
1056 1595 1088 1623 et
1107 1590 1189 1623 inte-

448 1654 525 1685 gros
550 1648 580 1675 ct
598 1642 826 1676 irrevocabiles
852 1648 1091 1686 perpetuosque
1116 1642 1188 1676 ell'e-

448 1702 518 1728 ctus
535 1696 646 1728 sortiri
667 1701 698 1728 et
719 1695 886 1735 obtinere,
912 1706 947 1728 ac
969 1696 1009 1728 ab
1027 1696 1188 1735 omnibus,

447 1749 486 1780 ad
520 1759 599 1791 quos
625 1753 752 1790 spectat
776 1753 807 1780 et
832 1748 1103 1791 quandocumque
1129 1758 1188 1791 pro

446 1806 594 1844 tempore
619 1800 789 1843 spectabit,
815 1800 1053 1834 inviolabiliter
1075 1801 1189 1835 obser-

446 1855 534 1893 vari,
574 1854 687 1897 sicque
725 1859 756 1886 et
791 1864 856 1886 non
888 1854 967 1886 alias
1000 1865 1059 1897 per
1092 1865 1188 1898 quos-

447 1917 584 1950 cumque
619 1907 745 1939 iudices
776 1906 961 1940 ordinarios
994 1912 1026 1940 et
1057 1907 1186 1950 delega·

448 1965 508 2000 tos,
532 1960 644 2003 quavis
671 1960 864 1993 auctoritate
887 1960 1072 2003 fungentes,
1091 1960 1187 1993 etiam

447 2023 616 2045 causarum
645 2013 756 2056 palatii
796 2013 969 2056 apostolici
1001 2013 1187 2056 auditores,

450 2077 486 2098 ac
511 2066 540 2098 S.
556 2066 591 2098 Ρι.
608 2066 642 2098 Ε.
671 2066 872 2107 cardinales,
902 2066 997 2100 etiam
1023 2067 1062 2100 de
1087 2068 1187 2100 latere

447 2120 589 2161 legatos,
617 2119 820 2162 vicelegatos,
846 2119 1003 2163 Sedisque
1022 2120 1187 2163 praefatae

447 2172 594 2212 nuncios,
610 2172 749 2205 iudicari
768 2178 799 2205 et
816 2172 944 2205 definiri
963 2173 1105 2213 debere3
1123 2171 1185 2215 et²‚

448 2223 473 2256 si
498 2235 594 2256 secus
619 2234 720 2267 super
745 2225 795 2256 his
821 2235 838 2256 a
862 2235 1041 2268 quoquam,
1076 2225 1188 2268 quavis

447 2276 664 2317 auctoritate,
700 2277 844 2310 scienter
878 2279 929 2310 vel
971 2277 1186 2319 ignoranter,

447 2329 624 2371 contigerit
658 2330 836 2370 attentari,
864 2329 991 2362 irritum
1017 2335 1049 2362 et
1073 2329 1187 2369 inane,

448 2382 559 2413 cadem
601 2381 794 2413 auctoritate
839 2383 950 2413 nostra
990 2380 1184 2413 decernatis.

447 2434 515 2465 Non
537 2434 741 2465 obstantibus
766 2434 886 2465 nostris
913 2439 944 2466 et
968 2433 1185 2466 Cancellariae

485 2515 494 2539 1
514 2512 614 2539 Desunt
643 2511 727 2537 verba
754 2512 802 2537 sed
822 2511 900 2545 ipsas
921 2514 1085 2545 praesentes
1110 2511 1187 2539 litte-

446 2565 505 2590 ras,
527 2560 591 2590 etc„
613 2560 642 2582 ut
661 2555 724 2582 alibi
742 2557 784 2589 (n.
806 2556 857 2589 T.).

481 2601 497 2628 2
517 2600 658 2629 Coniunctv
681 2602 706 2628 et
728 2607 777 2627 nos
793 2598 918 2629 addimus
932 2600 970 2636 (R.
987 2600 1035 2636 T.).

1015 218 1196 243 BULLARIUM
1222 217 1376 241 ROMANUM

1229 264 1435 308 Apostolicae
1474 263 1639 309 praefatae
1674 263 1796 307 regulis
1829 263 1868 296 de
1892 263 1963 295 iure

1229 318 1378 361 quaesito
1404 329 1467 351 non
1494 317 1650 358 tollendo,
1669 328 1705 350 ac
1726 317 1765 350 de
1790 316 1965 349 unionibus

1229 370 1364 414 aliisque
1393 371 1552 404 similibus
1566 370 1677 414 gratiis
1696 370 1734 402 ad
1751 374 1861 413 partes
1879 379 1965 401 coin-

1229 423 1419 464 mittendis,
1439 423 1559 457 vocatis
1591 423 1629 456 iis
1662 422 1717 466 qui
1743 422 1862 455 suerint
1891 432 1965 455 evo-

1229 476 1344 516 candi,
1374 487 1410 508 ac
1442 477 1481 509 de
1514 475 1728 519 exprimendo
1757 485 1833 507 vero
1857 485 1964 507 annuo

1231 527 1360 568 valore,
1400 539 1527 562 necnon
1564 527 1790 561 Lateranensis
1830 527 1964 567 Concilii

1230 580 1406 614 novissime
1437 581 1593 614 celebrati
1623 580 1763 613 uniones
1793 586 1966 624 perpetuas

1230 633 1292 665 nisi
1326 633 1357 665 in
1390 633 1519 666 casibus
1551 644 1568 666 a
1594 633 1663 666 iure
1699 633 1864 676 permissis
1895 632 1965 666 sieri

1230 685 1454 728 prohibentis,
1487 692 1519 719 et
1543 686 1614 719 aliis
1639 686 1843 730 apostolicis,
1870 686 1967 719 etiam

1230 738 1262 770 in
1287 738 1521 772 universalibus
1537 766 1544 778 ‚
1576 739 1828 782 provincialibus
1858 745 1890 772 et
1913 750 1965 783 sy-

1230 791 1402 825 nodalibus
1427 792 1590 833 conciliis,
1619 792 1713 825 editis
1737 793 1785 825 vel
1811 793 1966 833 edendis,

1231 844 1438 887 generalibus
1473 845 1522 878 vel
1557 844 1772 888 specialibus,
1809 846 1969 879 constitu-

1232 897 1375 930 tionibus
1410 902 1441 930 et
1465 897 1726 931 ordinationibus
1746 925 1753 939 ‚
1787 898 1969 942 privilegiis

1232 961 1382 993 quoque,
1412 950 1544 983 indultis
1570 955 1602 983 et
1624 951 1740 984 litteris
1765 951 1968 994 apostolicis,

1232 1003 1398 1047 quibusvis
1423 1003 1572 1046 personis
1588 1030 1595 1043 ‚
1628 1003 1686 1036 sub
1711 1004 1969 1047 quibuscumque

1233 1055 1401 1088 tenoribus
1427 1061 1459 1088 et
1483 1056 1606 1096 formis,
1625 1066 1662 1088 ac
1686 1055 1850 1098 quibusvis
1875 1057 1969 1089 etiam

1233 1108 1513 1152 derogatoriarum
1553 1108 1796 1151 derogatoriis‚
1834 1109 1970 1153 aliisque

1231 1161 1383 1194 clausulis
1398 1164 1428 1194 et
1446 1160 1591 1200 decretis,
1608 1161 1642 1193 in
1656 1161 1859 1194 contrarium
1875 1172 1972 1205 prae-

1232 1214 1404 1247 missorum
1417 1214 1596 1254 conccssis;
1609 1214 1724 1257 quibus
1737 1215 1888 1247 omnibus
1898 1213 1969 1247 etc.¹

1275 1268 1388 1300 Datum
1426 1267 1545 1300 Romae
1582 1268 1667 1310 apud
1693 1267 1724 1300 S.
1752 1267 1882 1300 Mariam
1910 1268 1972 1300 Ma-

1231 1321 1353 1362 iorem,
1387 1332 1472 1354 anno
1512 1321 1746 1353 Incarnationis
1787 1321 1969 1354 dominicae

1231 1384 1386 1414 Moccxvt,
1404 1384 1454 1407 xtv
1471 1374 1625 1406 kalendas
1659 1373 1863 1417 septembris,
1889 1384 1969 1417 pon-

1233 1426 1371 1460 tificatus
1397 1427 1498 1460 nostri
1524 1437 1609 1459 anno
1635 1436 1700 1459 ΧΠ.

1268 1490 1328 1517 Dat.
1350 1489 1393 1516 die
1417 1489 1447 1516 19
1468 1489 1576 1524 augusti
1594 1488 1672 1523 1716,
1691 1488 1790 1524 pontif.
1813 1497 1884 1516 anno
1901 1495 1955 1516 xvt.

1525 1631 1681 1665 ccxxxi.

1232 1712 1476 1754 Confirmanlur
1507 1722 1589 1744 nova
1626 1716 1750 1744 statuta
1783 1712 1967 1755 Conyreya-

1276 1766 1374 1797 tionis
1398 1766 1600 1798 musicorum
1624 1765 1790 1798 Romanae
1820 1763 1944 1798 L'rbis'.

1448 1845 1582 1872 clemens
1604 1845 1682 1878 Papa
1701 1845 1752 1877 xl,

1354 1889 1390 1916 ad
1410 1892 1587 1923 perpetuam
1605 1888 1650 1916 rei
1669 1888 1852 1917 memoriam.

1275 1959 1321 1992 Ad
1341 1958 1514 2003 pastoralis
1532 1958 1698 2001 dignitatis
1718 1958 1890 2001 fastigium,
1907 1969 1972 1993 me-

1231 2012 1303 2045 ritis
1330 2013 1406 2046 licet
1425 2012 1613 2055 imparibus,
1632 2022 1691 2055 per
1711 2010 1907 2045 ineffabilem
1927 2012 1970 2045 di-

1230 2065 1322 2098 vinae
1348 2064 1526 2109 sapientiae
1545 2070 1639 2108 atque
1657 2065 1851 2098 clementiae
1870 2065 1971 2098 abun-

1267 2164 1277 2189 1
1302 2161 1430 2197 Reliquae
1451 2161 1589 2188 clausulae
1609 2161 1642 2188 de
1662 2169 1736 2188 more
1755 2161 1834 2188 solito
1854 2161 1891 2195 (n.
1907 2161 1956 2195 τ.).

1265 2206 1281 2233 ⁶.)
1301 2207 1421 2241 Antiqua
1441 2209 1544 2233 statuta
1562 2207 1725 2233 confirmata
1743 2205 1821 2231 suere
1839 2205 1873 2231 ab
1887 2205 1972 2231 Inno-

1231 2250 1320 2276 centio
1337 2249 1381 2284 Xl,
1396 2253 1484 2276 const.
1500 2250 1544 2276 ed.
1561 2249 1606 2276 die
1622 2249 1655 2276 18
1670 2248 1745 2282 maii,
1763 2248 1861 2283 pontif.
1874 2258 1920 2281 ...ς
1937 2250 1970 2275 ah

1230 2293 1388 2320 Innocentio
1406 2293 1451 2319 1³11
1472 2296 1560 2319 const.
1577 2292 1620 2318 ed.
1637 2297 1733 2318 >mxcix
1745 2313 1752 2324 ,
1773 2292 1817 2318 die
1837 2291 1871 2318 16
1891 2292 1968 2324 iulii,

1230 2337 1372 2371 pontif.1x,
1385 2336 1535 2371 approbata
1547 2336 1622 2362 suere
1637 2335 1773 2370 quaedam
1789 2335 1900 2362 decreta
1915 2336 1971 2363 col-

1230 2381 1292 2413 legii
1308 2384 1452 2406 cautorum
1467 2380 1589 2414 capellae
1602 2379 1772 2414 pontificiae3
1786 2379 1818 2406 ab
1834 2379 1886 2406 hoc
1898 2380 1970 2406 Pon-

1230 2424 1300 2450 tittce
1313 2426 1401 2450 const.
1417 2424 1460 2449 ed.
1474 2429 1592 2454 atnccxu,
1606 2423 1650 2449 die
1667 2422 1698 2449 12
1715 2423 1789 2455 maii,
1805 2423 1905 2458 pontif.
1922 2430 1969 2458 xit,

1229 2468 1391 2494 confirmata
1417 2468 1527 2493 fuerunt
1551 2470 1652 2493 statuta
1672 2467 1856 2494 universitatis
1875 2467 1970 2494 harbi-

1230 2515 1372 2538 tonsorum
1390 2511 1486 2542 Urbis;
1502 2514 1528 2537 et
1543 2515 1630 2537 const.
1648 2511 1692 2537 ed.
1710 2517 1856 2542 mnccxvm.
1873 2512 1919 2538 die
1933 2511 1968 2539 23

1229 2556 1334 2590 aprilis,
1350 2555 1446 2590 pontis.
1463 2561 1537 2588 xviii,
1554 2555 1741 2590 approbantur
1756 2556 1966 2582 constitutiones

1228 2599 1390 2628 Academiae
1407 2599 1575 2634 theologicae
1595 2599 1731 2627 Romanae
1752 2598 1841 2628 Urbis.

1972 213 2024 240 An.
2045 213 2158 242 c.1716

2007 1967 2130 1990 Exordium.
