2269 3203
240 207 290 235 An.
311 207 339 234 c.
358 206 425 235 1707
471 197 535 231 286

307 1172 421 1198 fii-ragalim

238 1202 398 1220 contrariu-aun.

434 255 564 289 effectus
590 254 699 288 sortiri
726 259 758 288 et
783 254 946 296 obtinere,
973 265 1009 288 ac
1035 255 1074 288 ab
1095 254 1170 296 illis,

434 309 472 342 ad
499 319 581 352 quos
606 314 731 352 spectat
756 312 788 341 et.
812 319 873 352 pro
901 313 1045 352 tempore
1072 318 1173 351 quan-

434 363 616 406 documque
642 361 812 405 spectabit,
832 361 1061 394 inviolabiliter
1077 367 1108 394 et
1129 362 1171 393 in⁴

432 426 589 448 concusse
616 414 806 456 observari,
833 415 944 458 sicque
975 421 1006 447 et
1030 425 1095 447 non
1121 414 1173 447 ali-

433 473 481 500 ter
508 468 540 500 in
575 467 763 511 praemissis
797 478 854 511 per
885 478 1109 511 quoscumque
1127 468 1173 500 iu-

433 521 520 555 dices
545 522 729 555 ordinarios
771 526 803 554 et
842 521 1011 563 delegatos
1027 548 1034 561 ‚
1076 521 1172 553 etiam

432 585 601 608 causarum
631 574 743 618 palatii
779 574 951 618 apostolici
983 574 1171 613 auditores,

433 637 469 660 ac
493 627 525 660 S.
548 627 585 660 R.
614 627 648 659 E.
672 626 866 667 cardinales,
883 627 978 660 etiam
1005 627 1044 661 de
1071 627 1172 659 latere

434 681 556 723 legatos
571 686 602 714 et
619 680 709 713 Sedis
724 680 908 724 praedictae
923 681 1069 722 nuncios,
1082 681 1172 714 alios·

432 744 469 766 ve
492 733 657 777 quoslibet
685 745 889 778 quacumque
916 733 1173 778 praeeminentia

434 791 464 818 et
480 790 637 829 potestate
662 787 835 829 fungentes
859 793 890 820 et
908 788 1082 828 rancun-OS,
1102 788 1172 819 sub-

433 840 498 873 lata
523 840 569 872 eis
601 845 633 873 et
665 851 776 873 corum
811 840 945 874 cuilibet
978 840 1087 884 quavis
1115 840 1172 873 ali-

434 899 484 927 ter
508 893 672 927 iudicandi
698 900 730 928 et
755 894 993 939 interpretandi
1022 895 1171 927 facultate

434 952 465 980 et
478 948 679 989 auctoritate,
694 948 827 981 iudicari
843 953 873 981 et
888 947 1016 980 deliniri
1036 947 1169 988 debere,

432 1010 469 1033 ac
484 999 610 1033 irritum
635 1005 667 1034 et
690 1000 788 1033 inane
821 1000 845 1033 si
871 1011 964 1033 secus
988 1010 1089 1043 super
1120 999 1172 1032 his

433 1064 450 1086 a
475 1064 661 1097 quoquam,
690 1053 800 1097 quavis
826 1053 1041 1092 auctoritate,
1069 1053 1173 1085 scien-

432 1112 483 1139 ter
507 1108 556 1140 vel
575 1107 774 1148 ignoranter,
802 1106 978 1148 contigerit
1003 1105 1169 1139 attentari.

477 1160 491 1203 5
516 1159 569 1193 44.
597 1159 664 1193 Non
691 1159 895 1193 obstantibus
914 1159 1109 1203 praemissis,
1126 1169 1172 1198 ae,

432 1219 591 1257 quatenus
609 1224 689 1257 opus
707 1213 756 1253 sit,
784 1214 893 1246 nostra
920 1218 951 1245 et
975 1213 1172 1246 Cancellarie

433 1266 630 1309 apostolicae
656 1267 768 1310 regula
795 1266 833 1299 de
859 1266 927 1299 iure
944 1267 1090 1309 quaesito
1108 1275 1172 1298 non

434 1320 609 1361 tollendo,
647 1320 783 1363 aliisque
820 1319 1107 1352 constitutionibus
1144 1323 1196 1352 eti

434 1373 695 1407 ordinationibus
722 1373 930 1418 apostolicis,
958 1383 1086 1406 necnon
1108 1372 1174 1416 qui·

433 1426 554 1468 busvis,
582 1427 677 1460 etiam
704 1426 898 1467 iuramento,
925 1425 1173 1459 confirmatione

435 1480 621 1524 apostoliea,
655 1481 703 1514 vel
729 1480 838 1524 quavis
863 1479 1016 1512 firmitate
1042 1480 1105 1513 alia
1125 1490 1176 1513 ro-

434 1533 568 1575 boratis,
599 1533 724 1567 statutis
750 1537 782 1566 et
805 1533 1108 1573 consuetudinibus,
1141 1543 1176 1565 ac

435 1587 547 1619 usibus
574 1593 604 1620 et
628 1586 717 1630 stylis
739 1613 745 1627 ‚
774 1586 869 1620 etiam
906 1585 1176 1619 immemorabili-

435 1639 504 1680 bus,
530 1639 709 1684 privilegiis
736 1650 880 1683 quoque,
911 1639 1044 1672 indultis
1071 1645 1102 1672 et
1126 1640 1176 1672 lit-

436 1694 513 1726 teris
538 1693 735 1737 apostoliciS‚
755 1693 931 1737 praedictis
949 1692 1085 1736 aliisque
1107 1693 1176 1736 qui-

435 1746 578 1779 buslibet
603 1747 761 1791 personis,
784 1747 882 1780 etiam
900 1757 1103 1791 quacumque
1123 1757 1175 1779 ec-

435 1801 595 1834 lesiastica
621 1802 669 1834 vel
697 1801 859 1834 mundana
873 1801 1029 1844 dignitate
1052 1801 1176 1843 fulgen-

437 1855 531 1895 tibus,
556 1859 587 1888 et
604 1855 682 1888 alias
700 1854 950 1898 quomodolibet
968 1853 1174 1898 qualificatis,

437 1917 472 1941 ac
496 1908 672 1952 specialem
699 1907 943 1952 expressionem
981 1907 1177 1951 requirenti-

436 1962 520 2003 bus,
547 1962 607 1995 sub
633 1961 892 2006 quibuscumque
918 1962 1093 1994 verborum
1131 1966 1177 1995 te-

438 2015 573 2048 noribus
599 2022 629 2048 et
667 2015 797 2056 formis,
832 2026 867 2048 ac
901 2026 973 2061 cum
1011 2015 1177 2058 quibusvis

438 2069 534 2101 etiam
562 2068 841 2111 derogatoriarum
869 2068 1095 2111 derogatoriis,
1113 2068 1174 2101 ali-

439 2121 530 2165 isque
557 2121 809 2162 efficacioribus,
830 2122 1062 2155 efficacissimis
1085 2126 1117 2154 et
1134 2121 1177 2154 in-

439 2174 542 2208 solitis
568 2176 731 2215 clausulis,
756 2175 1024 2218 irritantibusque
1051 2181 1081 2208 et
1106 2175 1177 2208 aliis

440 2227 600 2267 decretis,
626 2228 721 2261 etiam
748 2233 834 2260 motu
852 2254 859 2268 ,
887 2228 1021 2260 scientia
1054 2233 1085 2260 et
1122 2238 1177 2271 po-

440 2281 565 2314 testatis
590 2281 795 2324 plenitudine
821 2281 1007 2320 similibus,
1034 2291 1069 2313 ac
1103 2291 1178 2314 con-

440 2334 671 2375 sistorialiter,
705 2340 737 2367 et
769 2334 846 2367 alias
872 2334 1121 2378 quomodolibet
1146 2335 1176 2366 in

440 2387 638 2421 contrarium
655 2387 909 2431 praemissorum
924 2387 1098 2427 concessis,
1118 2387 1179 2420 edi-

440 2442 480 2475 tis
500 2466 508 2483 ,
536 2441 637 2483 sactis,
666 2451 702 2474 ac
726 2440 848 2484 pluries
872 2440 996 2474 iteratis
1027 2445 1058 2473 et
1082 2450 1180 2483 quan-

441 2496 623 2539 tiscumque
650 2494 773 2528 vicibus
805 2494 1023 2538 approbatiS,
1063 2493 1179 2526 consu·-

440 2549 535 2583 matis
556 2554 588 2582 et
609 2548 791 2588 innovatis,
819 2547 936 2591 quibus
963 2547 1116 2580 omnibus
1150 2553 1181 2580 et

441 2601 587 2646 singulis,
615 2601 741 2635 etiamsi
767 2610 825 2644 pro
851 2600 981 2633 illorum
1008 2599 1178 2632 sufficienti

1013 205 1192 230 BULLARIUM
1217 205 1373 229 ROMANUM

1216 254 1427 296 derogatione
1454 252 1492 285 de
1513 252 1576 286 illis
1602 261 1780 295 eorumque
1808 250 1882 284 totis
1909 255 1951 284 te-

1216 307 1351 341 noribus
1387 306 1562 351 specialis,
1595 304 1765 349 specifica,
1801 314 1950 348 expressa

1216 366 1247 393 et
1272 360 1462 400 individua,
1489 370 1526 392 ac
1550 359 1589 392 de
1615 359 1713 392 verbo
1740 358 1779 391 ad
1805 358 1950 398 verbum,

1216 424 1280 446 non
1300 419 1405 447 autem
1425 423 1483 457 per
1500 413 1658 445 etausulas
1678 412 1848 454 generales
1867 410 1952 442 idern

1216 468 1456 510 importantes,
1483 466 1606 499 mentio
1633 476 1689 498 seu
1724 465 1855 508 quaevis
1891 463 1953 496 alia

1217 520 1385 563 expressio
1412 519 1575 559 habenda,
1603 523 1658 551 aut
1683 519 1792 561 aliqua
1817 517 1879 551 alia
1904 529 1954 551 ex-

1216 573 1335 617 quisita
1361 573 1463 606 forma
1489 573 1526 606 ad
1554 573 1617 606 hoc
1653 572 1811 605 servanda
1847 572 1952 613 soret,

1217 632 1346 660 tenores
1372 627 1582 667 huiusmodi,
1609 637 1644 660 ac
1670 626 1696 659 si
1724 627 1763 659 de
1790 625 1888 658 verbo
1914 626 1953 659 ad

1217 680 1346 712 verbum
1365 708 1372 721 ,
1399 680 1480 713 nihil
1507 680 1638 724 penitus
1664 679 1784 713 omisso
1801 685 1831 712 et
1853 679 1955 712 forma

1216 733 1246 765 iu
1267 733 1329 766 illis
1349 733 1465 766 tradita
1483 733 1662 774 observata,
1692 732 1955 776 exprimerentur

1216 793 1247 820 et
1272 787 1502 827 insererentur,
1528 786 1754 831 praesentibus
1779 797 1838 830 pro
1859 786 1953 830 plene

1216 845 1246 873 et
1271 840 1466 874 sufficienter
1492 840 1652 884 expressis
1679 845 1709 873 et
1734 839 1865 873 insertis
1898 840 1954 873 ha-

1215 894 1339 933 bentes,
1367 893 1431 927 illis
1462 893 1539 927 alias
1576 894 1607 926 in
1645 904 1703 927 suo
1739 893 1856 927 robore
1881 904 1954 938 per-

1216 946 1386 986 mansuris,
1402 947 1441 980 ad
1456 947 1709 990 praemissorum
1725 945 1882 987 effectum,
1895 947 1954 980 hac

1216 999 1284 1031 vice
1322 999 1503 1038 dumtaxat,
1538 999 1722 1043 specialiter
1747 1004 1779 1031 et
1803 1009 1955 1042 expresse

1217 1051 1418 1094 derogamus,
1435 1062 1470 1085 ac
1485 1052 1677 1095 derogatum
1697 1062 1767 1085 esse
1784 1053 1931 1085 volumus
1946 1063 1953 1092 ;

1217 1104 1401 1148 ceterisque
1427 1105 1600 1138 contrariis
1625 1105 1894 1149 quibuscumque.

1261 1158 1275 1201 ξ
1300 1157 1353 1191 15.
1382 1158 1459 1191 Cum
1484 1164 1588 1192 autem
1614 1159 1747 1192 eaedem
1764 1164 1954 1202 praesentes

1217 1211 1345 1244 litterae
1372 1211 1402 1244 in
1421 1211 1500 1244 locis
1519 1211 1634 1245 ditioni
1652 1211 1807 1255 praedicti
1825 1211 1955 1244 Victorii

1219 1264 1350 1296 Amedoi
1377 1264 1467 1297 ducis
1498 1264 1651 1297 subiectis
1690 1270 1855 1308 nequeant
1888 1269 1955 1297 tute

1218 1317 1389 1361 publicari,
1416 1322 1451 1350 nt
1469 1318 1626 1351 hactenus
1647 1318 1850 1362 experientia
1870 1329 1957 1351 com-

1218 1376 1347 1415 pertum
1376 1376 1425 1404 est
1454 1376 1485 1405 et
1509 1371 1604 1404 nobis
1638 1371 1767 1405 notorie
1805 1377 1955 1412 constat,

1219 1430 1317 1468 prout
1343 1429 1453 1458 tenore
1478 1423 1698 1468 praesentium
1734 1424 1956 1463 declaramus,

1219 1479 1366 1511 volumus
1391 1478 1482 1519 illaS,
1505 1488 1560 1511 seu
1586 1488 1694 1511 earum
1721 1478 1892 1521 exempla,
1919 1478 1958 1511 ad

1219 1532 1322 1565 valvas
1337 1532 1495 1566 ccclesiae
1517 1531 1745 1564 Lateranensis
1760 1536 1791 1564 et
1804 1531 1957 1566 basilicae

1220 1583 1378 1626 Principis
1405 1583 1636 1625 Apostolorum
1673 1592 1800 1615 necnon
1827 1582 1959 1616 Cancel-

1220 1637 1317 1670 lariae
1351 1636 1547 1680 apostolicae
1584 1635 1766 1679 Curiaeque
1797 1635 1958 1679 generalis

1220 1690 1252 1723 in
1278 1690 1385 1723 Monte
1411 1689 1564 1723 Citatorio
1606 1695 1637 1722 et
1673 1689 1702 1722 in
1729 1689 1797 1722 acie
1834 1689 1959 1733 Campi-

1221 1746 1316 1777 llorae
1342 1745 1380 1777 de
1405 1744 1514 1785 Urbe,
1542 1750 1577 1776 ut
1600 1744 1700 1777 moris
1724 1750 1793 1784 est,
1820 1743 1905 1787 affigi
1928 1750 1960 1776 et

1221 1797 1406 1841 publicari,
1433 1797 1544 1841 sicque
1569 1797 1752 1841 publicatas
1784 1802 1816 1830 et
1840 1796 1958 1836 affixas

1220 1861 1332 1884 omnes
1359 1856 1391 1883 et
1416 1851 1589 1894 singulos,
1619 1860 1700 1893 quos
1726 1850 1799 1883 illae
1826 1859 1959 1882 concer-

1222 1909 1324 1943 nunt,
1351 1903 1489 1948 perinde
1515 1907 1638 1936 arctare
1670 1907 1701 1935 et
1736 1902 1860 1935 afficere
1882 1929 1889 1942 ,
1923 1912 1959 1935 ac

1221 1957 1246 1990 si
1272 1957 1446 2001 unicuique
1472 1967 1587 1990 eorum
1613 1956 1804 1989 nominatim
1830 1960 1862 1989 et
1886 1966 1960 1999 per-

1221 2012 1380 2044 sonaliter
1406 2011 1572 2044 intimatae
1600 2010 1754 2050 fuissent,

1265 2066 1279 2109 g
1304 2064 1356 2097 16.
1386 2063 1489 2108 thue
1515 2063 1658 2107 ipsarum
1683 2063 1861 2096 litterarum
1881 2068 1961 2094 tran-

1221 2120 1376 2162 sumptis,
1404 2129 1459 2151 seu
1487 2117 1645 2161 exemplis
1664 2144 1671 2158 ,
1697 2116 1792 2150 etiam
1825 2116 1960 2159 impres-

1222 2172 1274 2213 sis,
1301 2182 1398 2205 manu
1424 2171 1560 2205 alicuius
1586 2169 1702 2203 notarii
1729 2168 1852 2213 publici
1887 2168 1960 2200 sub-

1223 2225 1367 2269 scriptis,
1395 2230 1426 2257 et
1451 2224 1559 2266 sigillo
1585 2222 1722 2256 alicuius
1748 2231 1909 2265 personae
1928 2221 1959 2253 in

1223 2278 1439 2312 ecclesiastica
1465 2277 1621 2320 dignitate
1659 2276 1855 2309 constitutae
1893 2285 1961 2308 mu-

1223 2331 1298 2364 nitis
1321 2359 1326 2371 ‚
1356 2331 1470 2364 eadem
1498 2340 1632 2373 prorsus
1658 2329 1840 2370 sides,·tam
1867 2329 1899 2361 in
1918 2328 1961 2361 iu-

1224 2384 1307 2417 dicio
1333 2394 1427 2427 quam
1450 2388 1537 2416 extra
1555 2383 1635 2416 illud
1661 2382 1781 2425 ubique
1807 2382 1961 2415 adhibea-

1224 2442 1287 2477 tur,
1313 2447 1394 2481 quae
1412 2436 1535 2469 eisdem
1553 2435 1799 2479 praesentibus*
1826 2434 1962 2468 adhibe-

1223 2497 1313 2524 retur
1336 2491 1361 2523 si
1388 2490 1496 2523 forent
1521 2489 1683 2523 exhibitae
1719 2489 1767 2522 vel
1794 2494 1959 2522 ostensae.

1261 2564 1268 2588 1
1294 2559 1383 2589 Verba
1398 2561 1582 2593 adhibeatur,
1604 2568 1678 2594 quae
1698 2560 1805 2587 eisdem
1824 2567 1961 2594 praecen-

1224 2607 1297 2634 tibus
1318 2614 1365 2632 nos
1382 2605 1505 2634 addimus
1520 2606 1557 2641 (n.
1570 2606 1616 2640 r).

1960 200 2009 229 An.
2029 202 2059 231 G.
2076 202 2142 231 1707

2007 1166 2150 1187 t'raesentlum

1966 1193 2088 1220 publicatio.

2011 2069 2072 2091 Filios
2098 2072 2154 2090 trau·

1970 2099 2107 2123 sumptorum.
