2269 3203
262 236 311 261 11η.
328 234 355 260 c.
379 232 446 260 1703
491 224 535 258 94

455 282 645 317 Μ161111616111
666 283 813 316 Trossier
838 283 1125 326 exprovincialem,
1140 293 1198 326 pro

454 336 629 379 provinciis
648 336 769 370 Galliae
795 342 826 369 et
851 336 1037 369 Provinciae
1056 336 1199 378 Congre-

455 389 595 432 gationis
620 390 784 433 mitigatae
815 401 871 423 scu
904 390 1096 423 reformatae
1122 399 1197 421 nun-

454 448 589 485 cupatae
615 444 773 486 praedicti
800 443 952 483 Ordinis,
992 451 1120 474 necnon
1152 440 1198 473 di-

454 502 539 529 ctum
565 496 766 530 Clementem
803 508 818 529 a
844 497 913 529 lesu
951 503 1196 539 procuratorem

454 550 654 591 generalem,
695 550 749 593 qui
783 554 962 582 conventus
992 549 1022 581 S.
1052 546 1194 591 Dionysii

454 602 494 635 de
513 602 598 635 dicta
616 603 700 636 Urbe
718 603 903 646 praedictae
924 600 1194 644 Congregationis

453 654 638 689 Gallicanae
663 656 812 688 minister
836 655 955 692 existit,
980 664 1038 697 pro
1064 652 1196 696 provin-

453 708 511 741 ciis
533 709 720 742 Provinciae
743 714 773 741 et
798 708 907 741 Italiae
934 707 1038 740 dictae
1057 706 1195 748 Congre-

453 762 593 805 gationis
620 760 823 800 Gallicanae,
845 767 877 794 et
903 760 1108 793 vincentium
1135 759 1192 792 Ta-

452 825 545 848 varez
572 814 683 848 itidem
711 815 741 847 in
774 815 885 847 eadem
912 815 1000 846 saera
1026 813 1192 856 theologia

452 867 654 911 magistrum,
682 868 793 900 fratres
833 877 985 910 expresse
1026 866 1192 909 professos

452 920 595 953 eiusdem
624 920 763 959 Ordinis,
786 931 847 964 pro
876 920 1041 963 praedicta
1072 919 1192 952 Lusita-

451 973 523 1006 niae
542 972 733 1017 provincia¹,
756 974 786 1006 in
807 973 993 1006 definitores
1017 973 1190 1015 generales

450 1026 578 1060 Ordinis
607 1027 792 1060 huiusmodi
813 1026 1006 1070 respective,
1027 1026 1081 1070 qui
1104 1037 1191 1059 nunc

451 1081 612 1121 deliciunt,
650 1092 754 1124 usque
788 1081 827 1113 ad
864 1080 1012 1123 proxime
1050 1080 1189 1112 futurum

449 1133 552 1177 ipsius
569 1134 698 1167 Ordinis
715 1134 890 1177 capitulum
913 1134 1080 1176 generale,
1101 1133 1188 1176 quod

449 1187 535 1220 dicta
561 1187 721 1220 dominica
748 1189 862 1230 quarta
888 1192 963 1230 post
989 1187 1112 1219 Pascha
1130 1187 1190 1220 Re-

448 1241 658 1273 surrectionis
674 1241 856 1273 dominicae
872 1240 1103 1273 celebrandum
1117 1241 1188 1280 erit,

447 1304 520 1326 cnm
547 1294 696 1327 omnibus
724 1300 756 1327 et
779 1294 917 1337 singulis
943 1294 1188 1337 praerogativis,

447 1348 725 1391 praeeminentiis,
753 1348 969 1388 facultatibus,
988 1347 1189 1387 auctoritate,

447 1402 639 1445 privilegiis,
663 1402 775 1445 gratiis
800 1408 832 1435 et
857 1402 1000 1444 indultis,
1027 1413 1064 1436 ac
1085 1402 1190 1435 liono-

448 1455 537 1488 ribus
563 1461 593 1488 et
618 1455 773 1488 oneribus
806 1456 910 1489 solitis
947 1460 978 1489 et
1010 1455 1185 1496 consuetis,

449 1508 562 1542 eadem
594 1509 783 1543 auctoritate
817 1509 931 1542 harum
959 1509 1044 1543 serie
1071 1508 1189 1542 consti-

449 1562 566 1595 tuimus
591 1568 622 1595 et
644 1563 853 1606 deputamus.
877 1563 966 1596 Alios
983 1568 1090 1596 111116111
1109 1573 1188 1607 qua-

449 1620 524 1649 tuor
544 1616 731 1650 definitores
756 1622 937 1650 ceterarum
956 1617 1130 1660 Hispaniae
1157 1622 1188 1649 et

447 1668 557 1702 Italiae
578 1670 817 1713 provinciarum
835 1670 1087 1714 praedictarum,
1101 1680 1188 1702 nunc

448 1722 631 1763 existentes,
650 1723 682 1756 in
696 1723 762 1756 suis
777 1723 966 1756 muneribus
982 1723 1186 1762 continuare,

449 1775 573 1819 hosque
599 1787 712 1810 omnes
738 1777 851 1810 decem
877 1777 1066 1810 definitores
1091 1787 1188 1817 gene-

448 1829 533 1862 rales
570 1840 680 1863 vocem
715 1830 749 1862 in
782 1830 869 1863 dicto
903 1830 1051 1874 proxime
1079 1831 1187 1864 saturo

449 1883 592 1925 capitulo
628 1884 771 1925 generali
810 1883 945 1924 habere,
976 1884 1008 1916 in
1044 1884 1186 1916 futurum

449 1944 525 1968 vero
561 1946 620 1979 per
655 1936 762 1979 ipsum
799 1937 976 1980 capitulum
1013 1938 1187 1979 generate,

450 1988 538 2032 qnod
571 2000 625 2022 eos
657 1990 718 2022 bac
743 1990 846 2033 prima
869 1990 939 2023 vice
966 1995 1088 2023 tantum
1110 2001 1186 2023 con·

449 2041 578 2075 firmare
605 2044 721 2083 valeat,
742 2044 781 2076 de
806 2043 870 2077 illis
896 2043 1061 2087 provideri
1088 2044 1187 2077 debe-

449 2106 494 2136 re,
520 2097 709 2130 auctoritate
735 2103 767 2130 et
791 2103 904 2131 tenore
932 2097 1107 2141 praedictis
1133 2098 1187 2131 de-

450 2149 613 2182 cernimus
631 2156 660 2183 et
675 2151 877 2185 ordinamus.
892 2152 1064 2185 Praeterea
1081 2151 1185 2185 eidem

450 2202 609 2246 Gregorio
630 2205 742 2238 eadem
761 2205 954 2239 auctoritate
976 2207 1186 2240 concedimus

450 2262 483 2289 et.
507 2257 722 2300 indulgemus,
740 2264 775 2291 111
792 2259 913 2292 dictum
938 2259 1114 2302 capitulum
1134 2271 1185 2303 ge-

450 2312 561 2344 nerale
587 2322 761 2346 convocare
787 2324 824 2346 ac
849 2313 881 2346 in
915 2324 954 2346 60
987 2314 1184 2356 praesidere,

451 2363 562 2407 ibique
595 2365 689 2397 etiam
721 2365 753 2397 in
790 2366 972 2399 ministrum
999 2368 1186 2409 generalem

452 2417 529 2449 dicti
554 2416 682 2450 Ordinis
699 2419 774 2462 eligi
794 2420 906 2461 libere,
927 2420 1014 2453 licite
1034 2426 1065 2453 et
1082 2421 1185 2454 valide

452 2469 557 2513 possit
581 2476 613 2503 et
646 2472 771 2512 valeat,
799 2473 969 2517 ipsumque
994 2473 1185 2517 Gregorinm

452 2523 605 2556 adversus
641 2524 870 2569 quodcumque
914 2526 1185 2569 impedimentum

451 2575 576 2610 ratione
615 2577 852 2619 praedictarum
890 2580 1185 2613 controversiarum

488 2639 499 2666 1
521 2637 592 2666 Edit.
607 2637 686 2666 Main.
702 2638 766 2674 tegit
776 2641 944 2674 provinciae
962 2643 1000 2678 (R.
1018 2643 1068 2678 1.).

1044 230 1226 258 nttLLitntUM
1250 230 1407 257 ROMANUM

1244 292 1299 314 seu
1345 281 1471 314 illarum
1517 278 1689 311 occasione
1736 277 1984 321 quomodolibet

1242 339 1442 367 contras-tum
1470 332 1507 365 ad
1535 331 1674 365 officium
1693 331 1830 364 ministri
1853 341 1983 374 genera·

1242 387 1279 419 lis
1308 385 1495 419 huiusmodi
1523 384 1736 418 obtinendum
1769 390 1800 418 et
1831 394 1984 418 exercen-

1241 440 1326 479 dum,
1363 438 1557 471 auctoritate
1585 444 1617 471 et
1653 444 1768 472 tenore
1794 438 1981 482 praedictis,

1240 498 1425 535 opportune
1454 492 1675 531 111111111111111115,
1709 491 1917 536 habilemque
1950 498 1983 526 et

1239 555 1390 588 capacem
1409 545 1542 578 l'aeimus
1563 550 1594 578 61
1615 545 1828 578 declaramus.
1845 546 1980 579 Demum

1239 608 1353 631 ornnes
1378 603 1467 630 actus
1495 604 1640 642 tempore
1666 599 1824 632 dictarum
1850 604 1982 633 contro-

1238 652 1428 692 versiarum,
1457 657 1521 685 tam
1546 652 1578 685 in
1605 653 1754 696 capitulis
1772 653 1980 696 generalibus

1238 710 1270 737 et
1295 705 1561 748 provincialibus,
1588 716 1684 749 quam
1709 706 1741 738 in
1775 706 1979 746 delinitoriis,

1237 770 1274 791 ae
1301 759 1331 792 in
1358 759 1614 802 particularibus
1640 765 1672 793 et
1696 760 1829 804 privatis
1860 766 1979 794 tracta-

1239 813 1323 845 tibus
1347 824 1404 846 seu
1431 813 1672 854 instrumentis,
1705 819 1760 847 aut
1792 814 1871 847 alias
1906 824 1981 858 quo-

1236 866 1418 900 modolibet
1444 867 1543 900 factos
1579 873 1611 900 et
1643 872 1764 910 gestos,
1791 876 1919 901 necnon
1945 878 1980 901 0-

1236 929 1327 952 mnes
1353 924 1385 952 et
1411 920 1555 962 singulas
1581 920 1805 953 institutiones
1831 921 1980 965 superio-

1236 984 1317 1014 rum,
1339 975 1573 1008 collocationes
1591 976 1736 1015 fratrum,
1755 981 1785 1009 et
1802 975 1980 1019 professio·

1236 1038 1293 1060 nes
1320 1027 1352 1060 in
1379 1028 1465 1062 dicto
1489 1028 1610 1062 Ordine
1638 1029 1797 1062 hactenus
1823 1030 1922 1062 factas
1947 1035 1980 1063 et

1235 1081 1383 1121 emissas,
1411 1083 1567 1115 adversus
1594 1093 1817 1126 quoscumque
1843 1082 1921 1116 iuris
1946 1088 1980 1116 et.

1236 1134 1310 1167 facti
1337 1135 1493 1176 desectus,
1511 1136 1566 1180 qui
1586 1142 1721 1179 propter
1738 1137 1979 1170 controversias

1235 1188 1421 1222 huiusmodi
1449 1190 1592 1233 desuper
1616 1189 1729 1233 quovis
1755 1190 1852 1223 modo
1877 1189 1979 1224 inter-

1234 1248 1405 1282 venerunt,
1427 1253 1484 1276 seu
1510 1243 1723 1276 intervenisse
1750 1243 1821 1283 dici,
1838 1242 1975 1283 censeri,

1234 1295 1372 1337 intelligi
1399 1296 1448 1329 vel
1486 1296 1654 1339 praetendi
1694 1297 1863 1336 valerent,
1891 1296 1977 1330 dicta

1234 1348 1438 1389 auctoritate,
1466 1349 1654 1382 earumdem
1682 1354 1795 1383 tenore
1819 1359 1977 1393 praesen-

1234 1401 1334 1442 tium,
1361 1402 1597 1443 revalidamns,
1631 1403 1788 1446 ipsosque
1826 1402 1974 1436 defectus

1232 1456 1436 1500 supplemus,
1465 1456 1623 1496 tollimus,
1654 1466 1806 1489 sanamus
1837 1462 1869 1489 et
1898 1455 1977 1490 abo-

1233 1509 1346 1541 lemus.
1377 1509 1564 1543 lllandantcs
1590 1515 1768 1553 propterea
1799 1510 1832 1542 in
1858 1510 1974 1544 virtute

1231 1567 1360 1595 sanctae
1386 1562 1604 1604 obedientiae,
1633 1573 1669 1595 ac
1694 1562 1753 1598 sub
1779 1563 1975 1605 indignatio-

1231 1615 1280 1648 nis
1304 1620 1435 1649 nostrae
1466 1616 1603 1660 aliisque
1629 1616 1764 1650 arbitrio
1790 1621 1899 1649 nostro
1918 1616 1974 1650 im-

1230 1669 1391 1712 ponendis
1405 1669 1529 1713 poenis
1548 1670 1698 1703 omnibus
1717 1675 1749 1703 et
1766 1670 1903 1713 singulis
1916 1669 1974 1703 Or-

1231 1722 1315 1756 dinis
1340 1728 1371 1756 et
1389 1722 1687 1767 Congregationnm
1707 1723 1895 1757 huiusmodi
1920 1734 1974 1757 su-

1231 1775 1432 1818 perioribus,
1460 1776 1614 1809 fratribus
1639 1782 1671 1810 et
1696 1777 1857 1820 personis,
1880 1781 1970 1810 cete-

1231 1829 1354 1872 risque,
1381 1829 1420 1862 ad
1447 1840 1527 1873 qnos
1552 1835 1677 1874 spectat
1702 1835 1734 1863 et
1757 1829 1917 1874 spectabit
1940 1830 1973 1862 in

1232 1883 1384 1923 futurum,
1404 1889 1439 1916 ut
1465 1883 1706 1927 suprascriptos
1729 1883 1845 1916 fratres
1865 1883 1904 1917 ad
1926 1883 1974 1918 os-

1231 1936 1303 1969 6613
1329 1937 1374 1970 eis
1400 1937 1582 1980 respective
1608 1947 1668 1980 per
1697 1942 1886 1980 praesentes
1918 1937 1974 1970 de-

1231 1991 1394 2031 mandata,
1411 1990 1756 2034 illorumqueliberum
1771 1990 1970 2032 exercitium,

1231 2043 1318 2076 iuxta
1343 2045 1532 2077 earumdem
1567 2050 1713 2077 tenorem
1749 2044 1971 2087 praesentium

1230 2097 1392 2141 recipiant
1417 2104 1449 2131 et
1478 2097 1662 2137 admittant,
1698 2098 1837 2142 illosque
1873 2108 1972 2131 reco—

1231 2156 1401 2194 gnoscant,
1429 2155 1460 2183 et
1485 2150 1550 2183 illis
1576 2151 1607 2183 in
1634 2150 1796 2192 omnibus,
1824 2162 1906 2195 quae
1931 2151 1970 2185 ad

1231 2205 1344 2238 eadem
1363 2205 1466 2238 officia
1485 2205 1662 2248 pertinent,
1681 2211 1817 2248 pareant
1842 2211 1874 2239 61
1892 2205 1971 2240 obe-

1230 2258 1327 2299 diant,
1348 2259 1537 2301 faveantque
1557 2264 1587 2291 et
1605 2258 1759 2292 assistant
1775 2259 1967 2303 respective.

1273 2313 1287 2355 ἓ
1319 2312 1351 2344 4.
1390 2313 1433 2344 Α6
1472 2312 1690 2345 decernentes
1714 2312 1858 2356 pariter,
1883 2313 1968 2356 ipsas

1229 2370 1422 2409 praesentes
1445 2365 1572 2397 litteras
1597 2376 1731 2409 semper
1753 2365 1876 2407 firmas,
1892 2366 1971 2399 vali-

1230 2419 1285 2451 das
1303 2425 1334 2452 et
1350 2419 1498 2452 efficaces
1515 2418 1655 2451 existere
1673 2424 1705 2451 et
1720 2419 1801 2459 fore,
1822 2429 1968 2463 suosque

1228 2472 1394 2516 plenarios
1413 2477 1446 2505 et
1468 2471 1617 2514 integros
1642 2471 1776 2505 effectus
1799 2472 1911 2506 sortiri
1937 2478 1970 2506 et

1228 2526 1385 2565 obtinere,
1404 2536 1440 2558 ac
1456 2525 1532 2565 illis,
1550 2526 1588 2558 ad
1607 2536 1687 2569 qnos
1704 2531 1828 2569 spectat
1852 2531 1883 2559 et
1907 2536 1967 2570 pro

1230 2585 1374 2623 tempore
1412 2578 1682 2622 quandocumque
1718 2578 1893 2623 spectabit,
1933 2579 1967 2612 in

1229 2632 1378 2667 omnibus
1406 2636 1437 2666 et
1462 2641 1522 2675 per
1551 2632 1659 2665 omnia
1683 2632 1874 2677 plenissime
1898 2632 1965 2667 suf=

1991 227 2040 256 An.
2056 227 2084 255 C.
2107 228 2177 258 ¹703

2007 2319 2126 2342 ctausutae.
