2269 3203
261 210 312 239 An.
331 210 360 238 c.
384 211 446 238 171¹
496 202 560 238 438

673 262 807 290 Clemens
828 264 907 297 Papa
926 264 973 298 XI,

596 305 632 333 ad
651 306 784 334 futuram
804 306 849 334 rei
869 307 1051 334 memoriam.

261 376 446 428 precetqtefeffitffi
500 367 513 409 ἓ
528 366 558 399 ’1.
575 366 662 407 Cum,
678 368 758 400 sicut
776 368 967 411 accepimus,
983 369 1014 401 in
1030 369 1191 412 praesenti

261 421 539 458 marmorum-sacri
565 420 700 453 Romani
727 421 855 464 Imperii
882 421 1079 463 interregno,
1107 421 1192 454 vica-

259 456 447 529 ἓῖἔιὲιέἷὲιὲξῖἱέἷῖἶ
457 472 576 504 riorum
591 482 646 505 seu
662 473 866 516 provisorum
882 473 1100 515 imperialium
1115 484 1193 506 nun-

334 524 338 528 ’
457 530 648 567 cupatorum
674 526 820 564 nomine,
843 535 969 558 necnon
996 531 1191 558 assertorum

455 577 574 610 iurium
596 577 660 610 illis
684 578 935 621 competentium
954 578 1101 618 obtentu,
1122 589 1192 621 pre-

453 639 506 662 ces
532 630 688 673 quaedam
705 658 712 670 ‚
739 641 819 673 quas
850 632 1020 674 primarias
1058 637 1189 670 vocant,

453 683 694 726 quamplurium
729 684 975 726 collegiatarum
1013 690 1044 717 et
1084 685 1189 717 forsan

452 735 548 767 etiam
563 736 799 769 cathedralium
818 748 854 769 ac
867 737 1189 780 metropolitanarum

452 789 664 822 ecclesiarum
691 791 908 833 praesulibus
926 790 1073 834 capitulis
1092 796 1123 823 et
1140 801 1190 823 ca-

451 840 598 882 nonicis,
624 841 760 886 aliisque
793 843 994 876 diversorum
1018 843 1190 876 beneficio-

452 903 523 926 rum
552 895 871 936 ecelesiasticorum,
897 901 959 929 tam
994 896 1188 929 secularium

452 956 547 988 quam
584 948 805 990 regularium,
840 949 872 982 in
908 949 1003 981 variis
1042 949 1186 981 eiusdem

450 998 481 1031 S.
506 999 542 1032 R.
570 1001 593 1034 1.
621 1012 657 1035 ac
688 1002 893 1045 potissimum
925 1001 1114 1035 Germaniae
1139 1002 1189 1034 In-

451 1051 579 1086 ferioris
610 1055 759 1097 partibus
784 1054 1030 1087 consistentium
1058 1055 1189 1088 collato-

450 1106 538 1139 ribus
559 1117 616 1139 seu
642 1107 861 1140 collatricibus
886 1108 1040 1147 directae,
1062 1118 1122 1150 pro
1141 1118 1187 1140 ca-

450 1159 654 1192 nonicatibus
687 1165 719 1192 et
747 1161 942 1203 praebendis
977 1161 1187 1194 ecclesiarum

450 1211 646 1252 huiusmodi,
662 1214 818 1246 ceterisve
836 1212 1004 1246 beneficiis
1022 1214 1185 1256 praefatis,

449 1264 578 1298 nonnisi
593 1265 690 1298 certis
706 1266 865 1308 personis,
877 1266 987 1309 vigore
1001 1267 1186 1300 earumdem

450 1328 583 1360 precum
608 1320 850 1359 commendatis,
876 1330 935 1362 per
960 1330 1014 1352 eos
1041 1321 1080 1353 ad
1107 1331 1186 1364 quos

448 1372 594 1414 pertinet
617 1372 843 1411 conserendis,
871 1383 1064 1412 concessae,
1092 1384 1186 1417 expe-

449 1424 533 1457 ditae
559 1435 594 1458 ac
618 1431 854 1468 praesentatae,
881 1431 913 1458 et
948 1426 1056 1459 forsan
1090 1427 1186 1459 etiam

448 1478 575 1521 aliquae
601 1479 747 1512 effectum
772 1490 865 1512 suum
891 1481 1023 1512 sortitae
1051 1481 1183 1521 sucrint3

448 1532 606 1574 explorati
631 1543 706 1565 vero
726 1533 805 1565 iuris
829 1533 869 1565 sit
895 1533 1016 1566 nemini
1045 1534 1089 1566 sas
1116 1544 1184 1567 esse

447 1584 569 1628 absque
616 1585 712 1618 liuius
753 1586 887 1619 Sanctae
926 1586 1017 1619 Sedis
1058 1587 1184 1621 indulto

448 1638 631 1681 quempiam
665 1639 703 1670 ad
730 1639 937 1672 canonicatus
963 1644 994 1672 et
1018 1640 1186 1682 praeben-

448 1690 504 1723 das
520 1691 648 1734 aliaque
666 1692 823 1724 beneficia
842 1692 1028 1725 huiusmodi
1043 1694 1089 1726 sic
1104 1704 1186 1726 corn-

447 1744 609 1777 mendatis
634 1745 835 1778 conserenda
861 1746 1071 1788 compellere,
1094 1747 1186 1779 satis-

448 1806 511 1839 que
536 1797 671 1840 insuper
701 1798 852 1830 omnibus
885 1803 996 1831 notum
1023 1799 1064 1831 sit
1089 1810 1184 1842 quam

447 1849 550 1882 enixis
583 1850 701 1883 dudum
728 1856 758 1884 et
783 1852 904 1894 pluries
937 1858 997 1884 tam
1024 1863 1041 1884 a
1065 1853 1181 1893 nobis,

447 1902 512 1934 sive
531 1913 589 1946 per
607 1903 750 1937 diversas
770 1909 899 1937 nostras
914 1905 945 1937 in
964 1905 1061 1937 simili
1083 1906 1184 1938 forma

447 1954 555 1988 Brevis
569 1956 704 1996 litteras,
723 1956 787 1990 sive
810 1956 899 1997 alias,
918 1968 1013 2000 quain
1031 1968 1049 1990 a
1067 1958 1184 1991 nostris

448 2013 479 2040 et
503 2008 649 2041 eiusdem
675 2009 765 2043 Sedis
799 2010 925 2043 nunciis
957 2011 1047 2043 iussu
1072 2017 1183 2044 nostro

448 2057 572 2094 iteratis
598 2062 858 2096 ordinationibus
877 2069 908 2096 et
933 2064 1082 2103 decretis,
1102 2064 1185 2097 illas-

447 2119 514 2147 met.
538 2114 659 2148 similes
690 2116 861 2159 primarias
899 2127 1033 2159 preces,
1059 2127 1142 2160 quae
1167 2127 1182 2149 a

447 2167 552 2199 clarae
577 2169 752 2202 memoriae
778 2169 928 2212 losepho,
956 2170 1029 2202 dum
1051 2171 1183 2209 viveret,

447 2218 668 2252 Romanorum
684 2231 760 2262 rege
776 2221 807 2254 in
822 2222 1051 2265 imperatorem
1067 2224 1181 2262 electo,

447 2277 616 2314 porrectae
637 2283 693 2305 seu
711 2275 880 2317 expeditae
907 2275 1049 2314 suerunt,
1071 2281 1182 2319 utpote

447 2325 646 2367 apostolicae
668 2327 866 2360 auctoritatis
883 2328 1060 2360 munimine
1088 2328 1183 2360 ‹losti-

448 2383 549 2419 tutas,
576 2379 759 2412 nullatenus
783 2381 1018 2422 admittendas,
1044 2381 1098 2414 scd
1129 2391 1184 2424 pe-

446 2431 532 2464 nitus
557 2436 588 2465 et
620 2433 752 2466 omnino
788 2433 981 2467 reiiciendas
1012 2444 1047 2466 ac
1079 2435 1184 2476 repel-

446 2485 557 2518 lendas
582 2485 680 2519 fuisse
705 2491 737 2519 et
761 2496 831 2520 esse
869 2487 1127 2520 mandaverimus
1153 2491 1185 2519 et

448 2538 719 2572 declaraverimus
736 2551 740 2572 :

263 2584 435 2605 ⁰⁸⁰²³s³¹³⁰¹¹¹¹¹‘
491 2591 504 2635 ξ
529 2592 560 2627 2.
588 2593 668 2626 Hinc
695 2598 744 2626 est
768 2593 853 2636 quod
880 2604 959 2633 uos,
985 2595 1039 2637 qui
1066 2594 1184 2626 iurium

254 2612 318 2632 tuam
352 2617 435 2638 precum

1040 213 1219 240 BULLARIUM
1242 214 1398 241 ROMANUM

1980 217 2028 244 An.
2049 216 2079 244 C.
2101 217 2164 245 ΠΗ

1237 265 1529 298 ecclesiasticorum
1555 270 1731 298 assertores
1762 265 1794 297 in
1831 265 1934 298 terrisv
1957 274 2031 297 acum
2053 277 2168 298 mmmmm,

1985 304 2126 328 provisionum
2145 304 2170 324 il-

1237 317 1371 350 Domino
1387 316 1550 350 constituti
1566 328 1684 356 sumus,
1704 328 1740 350 ac
1754 317 1892 360 proinde
1910 322 1973 350 tam
1985 330 2170 353 amanteum-

1236 380 1363 412 gravem
1390 370 1512 403 laicalis
1539 370 1710 413 potestatis
1728 369 1861 403 abusum
1883 358 2074 403 dissi-‘'fflffl'

1236 425 1359 456 mulare
1386 435 1448 456 non
1478 434 1659 467 possumus,
1687 423 1886 462 libertatem,
1914 423 1974 456 im-

1236 475 1426 509 munitatem
1453 487 1489 509 ac
1507 476 1762 509 iurisdictionem
1785 476 1976 509 ecclesiasti-

1235 540 1312 568 cam,
1339 535 1495 572 quantum
1522 530 1615 562 nobis
1636 540 1673 562 ex
1695 530 1760 562 alto
1779 528 1973 568 conceditur,

1235 588 1352 615 sartam
1380 588 1562 625 tectamque
1589 588 1686 625 atquc
1713 582 1868 615 illibatam
1889 582 1974 614 tueri

1235 640 1265 667 et
1289 645 1478 669 conservare
1504 635 1681 679 cupientes,
1706 646 1742 668 ac
1773 635 1917 668 omnium
1943 639 1975 667 et

1235 687 1446 730 singulorum,
1474 699 1556 731 quae
1583 688 1615 720 in
1641 687 1824 731 praemissis
1846 697 1905 720 seu
1923 696 1975 720 eo-

1234 752 1304 774 rum
1346 742 1517 775 occasione
1557 742 1672 785 quovis
1707 741 1806 774 modo
1839 745 1910 774 acta
1942 745 1975 773 et

1233 800 1322 836 gesta
1349 795 1487 834 suerunt,
1516 800 1646 827 tenores
1672 799 1705 827 et
1729 794 1819 827 datas
1845 804 1880 826 ac
1912 793 1974 825 cir-

1233 849 1441 881 cumstantias
1484 858 1722 891 quascumque,
1756 857 1972 891 personarum

1234 912 1319 940 vero,
1348 913 1364 933 a
1391 901 1506 944 quibus
1532 901 1587 934 illa
1611 902 1661 934 vel
1688 911 1802 933 eorum
1838 900 1971 943 aliquod

1232 954 1411 997 respective
1437 959 1639 993 emanarunt,
1667 953 1846 996 qualitates,
1873 953 1974 995 digni-

1233 1012 1321 1046 tates,
1337 1006 1469 1040 nomina
1484 1011 1516 1038 et
1533 1005 1736 1048 cognomina,
1752 1011 1784 1038 et
1797 1005 1859 1038 alia
1876 1015 1973 1048 quae-

1231 1070 1380 1103 cumque,
1404 1059 1502 1092 etiam
1524 1058 1706 1102 specificam
1725 1063 1756 1091 et
1773 1058 1972 1091 individuam

1232 1113 1427 1146 mentionem
1448 1117 1479 1144 et
1499 1111 1739 1155 expressionem
1760 1110 1970 1153 requirentia,

1231 1165 1455 1208 praesentibus
1482 1174 1541 1207 pro
1577 1164 1672 1206 plene
1709 1168 1739 1195 et
1771 1162 1972 1195 'sufficienter

1231 1218 1391 1261 expressis
1410 1223 1443 1250 et
1461 1222 1570 1249 exacte
1587 1216 1781 1259 specificatis
1800 1216 1970 1256 habentes,

1231 1277 1319 1304 motu
1345 1270 1491 1314 proprio,
1519 1280 1555 1302 ac
1585 1280 1620 1301 ex
1655 1271 1743 1301 certa
1774 1268 1912 1302 scientia
1940 1274 1972 1301 et

1231 1326 1354 1356 matura
1372 1323 1607 1356 deliberatione
1626 1322 1757 1362 nostris,
1775 1322 1878 1364 deque
1896 1332 1971 1365 apo-

1230 1377 1363 1410 stolicae
1398 1375 1564 1418 potestatis
1597 1373 1826 1418 plenitudine,
1856 1384 1970 1407 omnes

1229 1435 1260 1462 et
1284 1430 1426 1472 singulas
1452 1427 1620 1471 primarias
1641 1437 1752 1470 preces
1769 1427 1969 1470 supradictas

1228 1487 1394 1526 praetextu
1421 1480 1581 1513 eiusmodi
1608 1479 1638 1512 S.
1660 1480 1696 1512 R.
1714 1480 1738 1513 1.
1773 1486 1970 1514 assertorum

1229 1535 1425 1568 vicar-ialium
1451 1533 1579 1573 iurium,
1605 1543 1663 1575 pro
1698 1533 1884 1576 quorumvis
1917 1543 1969 1566 ca-

1229 1589 1390 1620 nicatuum
1418 1591 1449 1619 ct
1475 1585 1748 1629 praebendarum,
1767 1586 1968 1629 aliorumque

1228 1640 1460 1674 beneficiorum
1495 1637 1802 1679 ecclesiasticorum,
1830 1638 1893 1671 sive
1919 1649 1970 1672 re-

1229 1694 1387 1736 gularium
1422 1691 1559 1725 cuiusvis
1590 1691 1719 1725 Ordinis
1750 1702 1807 1724 seu
1832 1691 1968 1724 instituti

1228 1746 1414 1784 collatione,
1449 1744 1615 1788 quibusvis
1654 1744 1901 1778 canonicatuum
1937 1749 1969 1777 et

1228 1799 1487 1842 praebendarum
1509 1799 1713 1841 aliorumque
1734 1797 1968 1830 beneficiorum

1229 1853 1414 1886 huiusmodi
1440 1852 1650 1885 collatoribus
1675 1861 1731 1884 seu
1749 1850 1968 1884 collatricibus

1229 1907 1266 1939 ad
1293 1906 1434 1938 savorem
1462 1904 1647 1947 quarumvis
1671 1913 1885 1947 personarum
1911 1904 1968 1937 ha·

1228 1965 1338 1992 etenus
1365 1957 1614 2002 quomodolibet
1638 1961 1804 2000 porrectas
1823 1961 1854 1989 et
1877 1966 1966 2000 prae·

1228 2017 1379 2051 sentam,
1406 2021 1442 2043 ac
1475 2010 1585 2053 (quod
1610 2009 1714 2052 absit)
1740 2009 1772 2042 in
1798 2014 1966 2052 posterum

1228 2065 1442 2108 porrigendas
1457 2069 1488 2096 ct
1501 2063 1766 2107 praesentandas
1780 2073 1851 2096 cum
1867 2064 1968 2096 omni·

1226 2119 1287 2151 bus
1320 2124 1351 2150 ct
1382 2117 1518 2160 singulis
1551 2117 1626 2149 inde
1661 2117 1777 2149 secutis
1807 2122 1839 2149 et
1862 2126 1965 2159 quan-

1227 2172 1407 2214 documque
1432 2170 1599 2210 secuturis,
1625 2170 1754 2213 penitus
1778 2174 1809 2202 et
1833 2169 1965 2202 omnino

1227 2224 1366 2263 illicitas,
1392 2224 1507 2263 nullas,
1535 2223 1640 2256 irritas
1668 2228 1699 2255 et
1722 2222 1888 2263 invalidas,
1914 2222 1966 2254 vi—

1227 2277 1381 2319 ribusque
1407 2282 1437 2309 et
1470 2275 1585 2309 effectu
1609 2285 1732 2315 vacuas,
1760 2280 1791 2307 et
1816 2275 1854 2307 de
1881 2275 1964 2308 sacto

1228 2335 1408 2368 attentatas,
1419 2329 1605 2371 nulliusque
1620 2328 1748 2361 roboris
1763 2334 1795 2361 et
1809 2328 1965 2362 momenti

1229 2383 1336 2421 fuisse,
1355 2392 1424 2415 esse
1444 2388 1475 2414 et
1491 2383 1568 2421 sore,
1588 2392 1647 2414 nec
1671 2383 1832 2415 ullatenus
1861 2387 1966 2416 atten-

1228 2434 1258 2467 di
1285 2434 1437 2467 debuisse
1463 2444 1522 2467 nec
1539 2434 1678 2474 debere;
1705 2434 1762 2468 sed
1786 2434 1871 2476 illas,
1890 2445 1964 2478 per-

1227 2487 1303 2520 inde
1329 2497 1364 2519 ac
1389 2487 1414 2519 si
1439 2497 1605 2530 nunquam
1633 2488 1734 2521 sactae
1755 2488 1895 2520 fuissent
1914 2488 1964 2521 vel

1229 2546 1444 2580 emanassent,
1472 2551 1577 2583 neque
1602 2551 1745 2584 unquam
1778 2540 1893 2574 fierent
1915 2541 1964 2574 vel

1229 2599 1432 2634 emanarent,
1461 2604 1519 2636 pro
1545 2604 1610 2627 non
1636 2593 1818 2627 extantibus
1845 2600 1874 2627 et
1899 2604 1963 2627 non
