2269 3203
56 233 104 260 Λη.
122 231 150 258 C.
175 232 241 259 1710

79 1454 222 1476 Pruowium.

880 231 1020 252 criminas

244 280 386 324 ipsarum
400 291 477 313 vcro
490 280 672 313 litterarum
688 277 909 321 transuml‘itis‚
925 288 981 310 seu
1002 278 1005 311 ἑ

1048 232 1076 253 Xl
1104 231 1148 252 Μ’.

243 333 411 376 exemplis,
426 332 521 365 etiam
540 331 717 374 impressis,
732 341 828 363 manu
847 330 983 363 alicuius
1027 331 1132 373 quoad
1160 330 1353 374 temporalia
1379 330 1592 369 subditorum,
1619 330 1767 363 aedifica-

243 385 359 419 notarii
378 384 498 428 publici
516 383 720 426 subscriptis,
740 388 770 415 et
788 383 897 426 sigillo
915 394 984 427 pcr-
1004 387 1006 427 ᾖ

243 448 343 471 sonae
364 437 396 470 in
422 435 639 469 ecclesiastica
664 435 841 478 dignitatae
867 436 983 469 consti-
1004 432 1006 470 ξ

244 495 330 523 tutae
364 489 506 528 munitis,
533 488 681 521 eamdem
718 498 854 531 prorsus
888 487 983 522 fidem

244 548 306 575 tam
332 542 364 575 in
390 541 511 574 iudicio
529 551 624 584 quam
646 546 736 574 extra
760 540 839 574 illud
861 541 982 585 ubique
1005 533 1007 568 ¹=

242 596 388 629 locorum
415 592 564 634 baberi',
592 604 675 637 quae
701 594 880 626 haberetur
907 569 1008 637 ipsisi

243 647 473 692 praesentibus
515 647 538 679 si
585 646 751 679 exhibitae
793 646 898 680 forent.
937 649 984 680 vel
1006 639 1008 653 ‘

243 707 404 735 ostensae.

288 754 400 787 Datum
427 754 557 793 Romae,
584 754 669 796 apud
702 753 733 786 S.
762 753 900 794 Petrum,
927 745 1009 790 subi

245 808 366 840 annulo
381 806 566 846 piscatoris,
582 806 633 839 die
651 816 724 839 xxrv
743 806 849 839 martii
868 816 985 847 nnccx,

246 861 455 905 pontificatus
479 859 582 893 nostri
610 871 694 893 anno
719 871 748 893 x.

278 922 339 950 Dat.
363 922 407 951 die
428 923 460 949 24
481 922 570 950 martii
592 922 672 956 1710,
694 921 792 957 pontis.
814 929 887 949 anno
907 928 933 948 x.

534 1038 695 1072 CXXXIX.

247 1108 469 1150 Confirmatio·
511 1108 673 1141 decretum
721 1108 990 1150 Conflrcqaliom's

290 1162 426 1194 Rilwtm
445 1161 482 1193 de
499 1161 589 1193 cultu
607 1160 863 1193 immemorabili
874 1161 911 1193 B.
928 1161 991 1192 Lu—

290 1214 358 1247 ci'ae
382 1214 420 1246 cle
437 1214 567 1246 Narnia
589 1213 748 1246 monialis
772 1213 804 1246 S.
826 1213 990 1246 Domiiiz'ci

292 1267 435 1299 eoehibito
459 1267 478 1298 ².

465 1337 603 1364 Clemens
625 1337 704 1371 Papa
723 1337 771 1369 XI,

367 1381 402 1408 ad
423 1383 601 1415 perpetuam
621 1381 665 1407 rei
685 1380 869 1408 memoriam.

292 1444 334 1478 Ex
361 1444 508 1477 iniuncto
532 1443 627 1476 nobis
646 1443 798 1476 divinitus
817 1443 990 1487 pastoralis

248 1497 477 1531 sollicitudinis
502 1506 649 1536 munere,
674 1497 842 1529 beatarum
869 1496 989 1530 Christi

248 1551 438 1585 ancillarum
455 1550 487 1583 in
506 1549 603 1583 caelis
620 1560 693 1582 cum
713 1560 750 1583 eo
770 1550 988 1593 regnantium,

248 1603 282 1638 in
306 1604 435 1648 quibus,
468 1607 580 1647 utpote
607 1603 744 1636 vasculis
769 1603 991 1636 imbecilliori-

248 1658 319 1697 bus,
338 1667 419 1700 opus
438 1657 590 1689 dexterae
607 1655 732 1688 Excelsi
751 1655 932 1689 mirabilius
953 1667 991 1690 ac

248 1710 405 1743 illustrius
425 1709 587 1753 apparuit,
613 1719 770 1752 quaeque,
788 1719 853 1742 non
879 1709 992 1742 huma—

249 1773 327 1796 num
358 1762 415 1796 sed
450 1762 549 1796 divini
582 1762 723 1805 Spiritus
749 1762 910 1796 infusione
936 1763 992 1796 de-

249 1821 436 1860 promptum
463 1815 677 1859 apostolicum
703 1814 874 1848 consilium
902 1827 992 1849 secu-

250 1875 322 1909 tae,
348 1869 531 1912 cogitarunt
566 1879 649 1912 quae
689 1874 765 1901 sunt
796 1869 922 1902 Domini
956 1875 991 1902 ut

249 1927 359 1956 essent
383 1927 513 1955 sanctae
531 1932 669 1965 corpore
697 1927 728 1955 et
752 1922 877 1965 spiritu,
896 1933 992 1956 vene-

249 1975 410 2009 rationem
445 1980 477 2008 et
501 1975 621 2008 cultum
654 1974 798 2008 libenter
826 1976 857 2008 in
896 1976 991 2009 terris

249 2038 489 2072 promovemus,
509 2027 590 2061 sicut
615 2028 668 2072 pia
693 2038 905 2071 personarum
927 2039 992 2061 non

250 2081 357 2114 minus
387 2080 538 2114 virtutum
572 2080 697 2113 meritis
730 2091 827 2124 quam
861 2081 992 2114 sublimi

251 2132 468 2167 cardinalatus
501 2133 658 2176 dignitate
694 2133 888 2177 fulgentium
920 2140 993 2167 vota

250 2187 427 2230 postulant,
458 2192 489 2220 et
519 2197 579 2220 nos
613 2187 652 2220 ad
678 2187 912 2230 omnipotentis
938 2187 1013 2220 Dei=

252 2239 403 2281 gloriam,
437 2239 476 2272 ad
509 2239 671 2272 Ecclesiae
707 2240 819 2279 decus,
846 2239 994 2282 spiritua-

253 2291 381 2335 lemque
407 2291 550 2325 sidelium
578 2292 782 2335 populorum,
802 2292 993 2336 praesertim

292 2397 301 2422 1
326 2395 395 2423 Edit.
418 2396 496 2423 Main.
519 2397 584 2432 legit
604 2397 746 2424 habeatur
766 2398 806 2432 (n.
828 2398 875 2430 T.)-

289 2440 306 2466 ⁶2
325 2440 517 2468 Consti-matum
538 2442 587 2468 fuit
606 2442 695 2469 simile
711 2441 852 2468 decretum
868 2442 900 2469 de
922 2442 995 2469 cultu

255 2485 351 2511 heatae
370 2485 487 2511 Ioannae
506 2485 539 2512 ab
560 2485 715 2512 innocentio
735 2485 791 2520 xli,
803 2486 912 2513 constit.
930 2486 995 2513 edit.

255 2534 385 2560 noemin,
410 2528 453 2554 die
477 2529 492 2554 4
514 2529 618 2564 aprilis,
645 2530 738 2565 pontif.
760 2537 798 2563 ¹13
820 2534 847 2557 et
870 2531 896 2557 in
918 2531 997 2558 huius

256 2571 396 2599 Pontificis
416 2576 501 2598 const.
522 2572 565 2599 ed.
587 2579 704 2604 muccxu,
725 2574 768 2601 die
788 2575 821 2600 2¹2
838 2575 912 2608 maii,
930 2583 997 2610 pon-

255 2617 294 2645 tif.
311 2622 358 2649 λιι,
379 2615 532 2652 publicatur
553 2617 719 2644 canonizatio
740 2618 768 2645 S.
790 2618 831 2645 Pii
853 2618 880 2646 V.

1029 384 1149 417 tionem
1175 394 1210 416 ac
1242 383 1446 416 devotionem
1474 384 1645 416 fovendam
1671 388 1766 426 atque

1028 437 1209 479 augendam
1246 437 1453 470 conducibile
1481 436 1546 470 sore
1573 436 1603 468 in
1630 437 1766 470 Domino

1005 488 1007 527 ᾇ
1028 490 1233 524 arbitramur.

1073 543 1087 587 ξ
1112 543 1141 576 1.
1167 543 1242 576 Cum
1271 543 1376 585 itaque
1404 542 1492 583 alias,
1529 542 1679 575 videlicet
1716 543 1767 576 dic

1031 650 1182 691 r1=30titas
1202 660 1318 693 preces
1341 654 1373 682 et
1397 649 1583 681 instantiam
1610 654 1684 681 tune
1709 648 1769 682 cxi-

1007 701 1009 740 Ῐ
1031 703 1184 736 stentiuni
1205 703 1451 745 magistratuum
1471 702 1632 735 civitatum
1649 706 1772 735 nostra-

1031 768 1101 790 runl
1134 755 1361 795 Ferrariensis,
1386 755 1596 788 Yiterbiensis
1634 760 1666 788 et
1696 755 1772 788 Nar-

1032 809 1162 849 niensis,
1200 819 1328 842 necnon
1366 813 1439 840 tunc
1472 808 1567 841 etiarn
1604 808 1770 841 existentis

1032 863 1176 905 magistri
1194 860 1356 904 generalis
1376 860 1505 893 Ordinis
1529 860 1663 894 fratrum
1680 861 1772 894 Prae-

1032 915 1210 948 dicatorum
1229 914 1359 947 nomine
1379 913 1522 947 eiusdem
1536 913 1772 955 Ordinisffacia

1033 968 1189 1001 relatione
1215 968 1247 1000 in
1265 966 1521 1010 Congregatione
1549 972 1626 1000 tunc
1650 967 1773 1010 pariter

1033 1020 1235 1053 existentium
1261 1019 1292 1052 S.
1313 1019 1350 1052 R.
1370 1019 1404 1052 E.
1433 1019 1646 1052 cardinalium
1672 1019 1772 1052 sacris

1033 1074 1146 1106 ritibus
1172 1073 1442 1116 praepositorum,
1458 1082 1567 1105 coram
1595 1072 1697 1105 felicis
1723 1083 1773 1106 re-

1034 1127 1232 1160 cordationis
1249 1126 1441 1159 Innocentio
1458 1126 1518 1158 Pr.
1534 1126 1559 1158 X
1581 1126 1773 1169 praedeces-

1033 1191 1105 1214 sore
1139 1185 1250 1213 nostro
1281 1179 1400 1220 habita,
1422 1191 1439 1212 a
1464 1181 1569 1213 bonae
1594 1179 1772 1213 memoriae

1034 1234 1159 1273 Raecio,
1178 1233 1252 1265 dum
1267 1232 1352 1272 vixit,
1373 1232 1516 1266 eiusdem
1542 1232 1571 1265 S.
1594 1232 1630 1265 R.
1650 1232 1685 1265 Ε.
1705 1243 1774 1265 car-

1035 1286 1133 1320 dinali
1154 1286 1400 1320 Aldobrandiuo
1418 1291 1617 1329 nuncupato,
1638 1286 1675 1319 de
1701 1296 1774 1319 con-

1034 1338 1129 1372 tentis
1151 1338 1182 1371 in
1208 1338 1334 1371 duobus
1351 1339 1559 1382 processibus
1579 1339 1773 1372 auctoritate

1033 1392 1202 1425 Ordinaria
1219 1391 1374 1425 consectis
1388 1401 1447 1434 per
1465 1391 1579 1424 similis
1597 1391 1773 1426 memoriae

1034 1446 1240 1479 Franciscum
1265 1445 1406 1486 Mariam,
1445 1445 1541 1478 etiam
1578 1445 1652 1479 dum
1689 1445 1773 1486 vixit,

1036 1500 1141 1533 dictae
1166 1499 1197 1533 S.
1226 1500 1263 1532 R.
1283 1499 1317 1532 E.
1346 1499 1543 1533 cardinalem
1568 1499 1775 1533 Macchiavel-

1034 1554 1099 1586 lum
1125 1557 1359 1596 nuncupatum,
1387 1558 1462 1585 tunc
1487 1552 1643 1586 ecclesiae
1662 1552 1775 1586 Ferra-

1034 1605 1149 1639 riensis
1174 1616 1211 1638 ex
1237 1605 1446 1638 concessione
1472 1610 1504 1638 et
1529 1605 1774 1648 dispensatione

1034 1658 1212 1702 apostolica
1243 1659 1448 1701 praesulem3
1486 1658 1590 1701 primo
1621 1658 1774 1691 nimirum

1034 1721 1118 1744 anno
1155 1721 1308 1745 nocxu'n
1334 1721 1432 1754 super
1457 1711 1557 1751 cultu,
1595 1710 1773 1743 scientibus

1034 1770 1065 1797 et
1092 1764 1303 1798 tolerantibus
1330 1763 1519 1803 Ordinariis,
1545 1763 1585 1796 ab
1610 1763 1776 1796 immemo-

1034 1818 1130 1851 rabili
1166 1822 1312 1860 tempore
1346 1817 1491 1850 exhibito
1523 1817 1635 1849 beatae
1662 1816 1774 1849 Luciae

1038 1871 1076 1904 de
1101 1871 1219 1903 Narnia
1243 1869 1376 1903 moniali
1402 1869 1529 1903 Ordinis
1554 1869 1586 1902 S.
1606 1868 1775 1909 Dominiei‚

1037 1935 1118 1968 quae
1145 1923 1283 1957 feliciter
1315 1923 1555 1956 obdormiverat
1584 1923 1613 1954 in
1635 1921 1774 1955 Domino

1038 1976 1089 2009 die
1114 1987 1152 2010 xv
1178 1976 1361 2009 novembris
1384 1985 1514 2015 MDXLIV,
1553 1980 1585 2008 et
1621 1985 1694 2008 casu
1721 1985 1773 2008 ex-

1037 2035 1132 2072 cepto
1159 2040 1176 2062 a
1201 2029 1339 2062 decretis
1373 2028 1566 2061 recolendae
1598 2027 1775 2061 memoriae

1037 2081 1157 2115 Urbani
1182 2081 1241 2113 1³1³.
1268 2080 1332 2113 t'lll
1358 2080 1617 2123 praedecessoris
1654 2080 1777 2123 pariter

1037 2133 1139 2167 nostri
1161 2135 1193 2167 in
1212 2133 1470 2176 Congregatione
1492 2138 1620 2166 sanctae
1641 2132 1778 2177 Inquisi-

1039 2188 1135 2221 tionis
1161 2187 1270 2228 editis,
1297 2187 1388 2220 cuius
1410 2187 1520 2229 vigore
1546 2186 1629 2219 idem
1646 2186 1777 2220 Franci-

1038 2251 1110 2273 scus
1144 2240 1242 2273 Maria
1273 2239 1444 2272 cardinalis
1481 2245 1513 2273 et
1548 2240 1681 2283 praesul
1718 2250 1778 2282 per

1038 2292 1232 2326 sententiam
1258 2293 1354 2325 latam
1382 2292 1433 2324 die
1463 2302 1513 2325 xix
1539 2291 1719 2324 decembris
1744 2302 1777 2325 e-

1039 2345 1163 2378 iusdem
1204 2345 1279 2377 anni
1315 2354 1467 2378 iimcxtvn
1494 2344 1774 2388 pronunciaverat,

1040 2398 1224 2431 constitisse
1246 2403 1277 2430 et
1298 2402 1445 2430 constare
1463 2397 1502 2430 de
1527 2396 1776 2430 immemorabili

1040 2452 1127 2484 cultu
1162 2451 1264 2486 dictae
1296 2461 1407 2483 servae
1432 2450 1498 2490 Dei,
1536 2455 1567 2483 et
1601 2455 1778 2493 propterea

1039 2515 1105 2537 non
1125 2504 1222 2536 fuisse
1240 2514 1298 2537 nee
1316 2513 1386 2536 esse
1411 2507 1655 2536 contraventum
1673 2503 1778 2536 decre-

1041 2558 1080 2590 tis
1105 2557 1291 2599 apostolicis
1313 2556 1527 2600 supradictis;
1552 2556 1697 2590 secundo
1723 2566 1778 2588 au-

1043 2616 1105 2643 tem
1145 2620 1228 2643 anno
1265 2619 1431 2643 :anchvin
1470 2619 1567 2652 super
1606 2608 1777 2641 sanctitate

1665 221 1729 252 383
1777 231 1812 255 An

1027 282 1211 310 nostrorum
1238 283 1269 309 ct
1296 278 1501 319 Apostolicac
1537 278 1631 310 Sedis
1669 278 1764 311 etiam

1819 230 1958 258 ,01710

1827 554 1962 574 Cninirmatm

1027 608 1079 630 xix
1105 596 1240 629 ianuarii
1265 606 1395 635 noctur,
1432 596 1471 629 ad
1506 595 1705 629 humillimas
1731 581 1962 634 210‚?,350'21'.¹¹¹¹²¹¹¹''¹'
