2269 3203
233 193 284 219 An.
307 191 335 218 e.
355 191 423 219 1723
469 183 533 217 940

235 253 355 283 gia-minus
372 242 702 285 con-praescribuntur
743 244 774 277 in
816 243 958 278 eiusdem
1006 247 1168 289 generalis

234 282 308 301 ΠΜ
432 296 545 338 synodi
573 307 655 331 sess.
674 308 731 332 xxv
756 297 802 331 De
822 298 1028 342 reqularibus
1054 303 1082 332 ee
1106 310 1170 332 mo-
1190 312 1191 347 t

430 349 601 383 malibus:
629 361 766 395 cumque
792 351 824 384 in
850 351 993 395 capitulo
1018 362 1077 386 xxv
1104 363 1167 387 am‘
1189 351 1191 408 J

429 402 572 446 piissime
605 405 782 448 derogetur
815 406 967 439 omnibus
997 406 1191 456 contrariis,

428 457 609 500 privilegiis
634 460 692 492 sub
728 459 986 503 quibuscumque
1023 457 1191 507 formulis}

427 511 602 544 verborum
628 513 808 557 conceptis,
836 523 871 545 ac
896 524 985 548 mare
1010 519 1191 558 maqnumss

427 565 599 608 appellatis
618 592 626 606 ,
654 565 750 599 etiam
776 566 809 599 in
834 567 1024 602 fundatione
1055 569 1169 601 obten-

427 617 467 651 tis
485 645 493 659 ‚
520 629 648 652 necnon
675 620 959 654 constitutionibus
986 627 1016 655 et
1046 622 1167 665 regulis
1189 622 1191 658 Ϊ

427 670 522 704 etiam
548 672 659 705 iuratis
678 700 685 713 ,
712 678 808 716 atque
835 674 932 707 etiam
958 675 1169 708 consuetudi-

425 725 520 757 nibus
546 726 593 758 vel
619 726 936 770 praescriptionibus
970 728 1067 761 etiam
1104 728 1165 761 im<
1189 740 1191 771 ζ

423 779 715 820 memorabilibus,
751 779 856 813 sciant
886 791 998 814 omnes
1032 774 1191 824 deroga-i

425 831 546 865 tionem
584 832 773 866 huiusmodi
809 844 876 867 non
909 834 948 867 ad
981 844 1018 868 ea
1043 839 1190 877 tantum,

423 885 537 918 referri
565 896 647 929 quae
673 885 705 918 in
730 887 899 930 praedicto
922 887 1064 931 capitulo
1091 885 1190 921 con-i

424 938 580 979 tinentur,
607 940 663 972 sed
689 940 784 973 etiam
810 940 926 973 adalia
952 951 1032 984 quae
1050 940 1082 974 in
1100 941 1166 974 sin-

425 992 508 1034 gulis
524 992 747 1035 superioribus
761 994 919 1037 capitibus
938 994 1081 1027 eiusdem
1100 1004 1167 1028 ses-

425 1044 525 1077 sionis
551 1046 728 1079 constituta
753 1052 840 1080 sunt.

282 1107 413 1136 Quae-ratio
469 1097 483 1140 ξ
508 1097 560 1130 26.
590 1099 636 1131 Ad
662 1099 762 1139 haec,
789 1105 824 1132 ut
847 1105 935 1133 recta
969 1100 1002 1134 in
1037 1101 1164 1134 iudiciis

228 1134 413 1208 Ξὲἔέἶῃῆὲηέιὲὲἶ
424 1152 507 1184 ratio
533 1156 688 1193 servetur,
715 1153 930 1196 praecipimus
948 1181 955 1195 ‚
988 1155 1084 1198 quod,
1110 1155 1165 1188 ubi

286 1202 291 1208 ’
424 1205 457 1237 in
476 1205 581 1238 causis
600 1206 824 1240 criminalibus
839 1207 1000 1240 Ordinarii
1019 1209 1164 1241 locorum

424 1258 457 1291 in
481 1258 591 1302 regnis
616 1259 844 1302 Hispaniarum
869 1261 1091 1303 processerint
1127 1272 1163 1294 ex

424 1311 538 1352 officio,
565 1312 629 1345 hoc
654 1317 703 1345 est
726 1322 792 1345 non
818 1313 856 1345 ad
881 1313 980 1346 ullius
997 1315 1164 1357 querelam

423 1365 488 1397 sive
529 1365 796 1407 accusationem,
833 1365 859 1398 si
897 1366 935 1399 ab
972 1368 1162 1401 eorumdem

422 1417 671 1452 Ordinariorum
701 1418 873 1452 sententiis
906 1421 1085 1462 appellatio
1114 1422 1163 1454 vel

423 1472 463 1504 ad
493 1472 583 1505 Sedis
617 1472 821 1516 Apostolicae
858 1473 1007 1506 nuntium
1037 1474 1087 1506 vel
1124 1474 1163 1507 ad

422 1526 695 1569 metropolitanos
722 1526 919 1570 interposita
944 1527 1058 1569 suerit,
1087 1534 1186 1581 tunci

423 1579 492 1621 (ne
518 1579 663 1622 alioquin
682 1606 689 1620 ,
715 1580 739 1612 si
764 1581 872 1613 nullus
897 1581 1013 1613 actoris
1053 1587 1161 1624 partes
1185 1584 1186 1625 ξ

423 1638 523 1675 gerat,
551 1632 779 1676 delinquentes
805 1644 942 1676 poenam
968 1633 1035 1667 suis
1056 1627 1186 1667 cidini-¹

421 1685 516 1719 nibus
543 1686 683 1719 debitam
722 1686 899 1729 effugiant)
936 1693 1162 1730 procuratores

421 1737 547 1772 fiscales
573 1739 744 1772 tribunalis
770 1739 982 1773 Nuntiaturae
1007 1741 1164 1784 Apostoli·
1185 1769 1186 1787 3

422 1801 475 1825 cae
502 1797 535 1824 et
560 1792 738 1835 respective
765 1793 860 1825 etiam
893 1793 1008 1827 Curiae
1043 1790 1187 1836 metro-5

421 1845 607 1888 politanae,
633 1846 801 1879 instantias
828 1847 973 1890 aliosque
999 1853 1089 1880 actus
1109 1848 1163 1880 de·
1185 1843 1187 1882 i

421 1908 519 1942 super
555 1899 754 1932 necessarios
793 1906 951 1942 peragant
988 1905 1019 1932 et
1051 1911 1186 1944 prose-1

423 1958 586 1994 quantur,
623 1957 658 1984 ut
693 1952 879 1995 praedictae
916 1950 1186 1998 Ordinariorumi

421 2006 602 2038 sententiae
642 2006 757 2038 iustam
808 2006 1087 2040 confirmationem
1132 2012 1164 2039 et

423 2059 647 2092 executionem
674 2058 855 2092 obtineant.
883 2059 970 2098 Quod
998 2060 1043 2100 si,
1071 2055 1186 2100 dictis}

421 2112 689 2154 procuratoribus
714 2112 876 2145 fiscalibus
901 2123 967 2145 non
994 2113 1098 2146 citatis
1131 2118 1163 2146 et
1184 2103 1185 2154 i

421 2164 586 2205 inauditis,
614 2165 792 2199 contrarias
812 2166 989 2199 sententias
1010 2166 1043 2198 in
1062 2167 1161 2209 gradu

422 2218 652 2261 appellationis
679 2219 819 2262 proferri
851 2219 1048 2261 contigerit,
1082 2219 1160 2252 istae

421 2281 554 2313 prorsus
584 2272 690 2304 nullae
723 2273 788 2304 sint
820 2283 856 2305 ac
888 2272 995 2305 irritae
1029 2283 1100 2305 cum
1127 2284 1161 2306 o-

421 2324 550 2356 mnibus
577 2325 669 2363 actis,
695 2325 804 2367 gestis,
828 2326 1022 2369 nullumque
1049 2326 1159 2359 sortiri

421 2378 563 2409 debeant
593 2376 771 2409 effectum:
812 2378 990 2421 quinimmo
1027 2389 1160 2422 praece-

421 2430 535 2463 dentes
560 2430 806 2463 Ordinariorum
831 2431 1011 2464 sententiae
1048 2442 1160 2464 execu-

420 2483 501 2516 tioni
527 2484 724 2516 mandentur
748 2483 911 2526 perinde¹
936 2495 972 2516 ac
997 2484 1023 2516 si
1049 2485 1159 2527 appel-

420 2537 497 2569 latio
512 2536 551 2569 ab
568 2537 604 2569 iis
622 2536 815 2579 interposita
832 2537 1021 2570 nullatenus
1036 2536 1156 2570 fuisset.

456 2600 464 2625 1
491 2598 540 2625 Ed.
564 2597 641 2625 Main.
657 2597 856 2633 legitproinde
871 2606 918 2634 pro
930 2599 1055 2634 perinde
1065 2599 1156 2635 (astu).

1003 196 1186 222 BULLARIUM
1209 195 1364 224 ROMANUM

1962 199 2011 228 Αιι.
2029 201 2057 228 C.
2079 200 2147 230 1723

1255 247 1270 290 ἓ
1295 247 1347 281 27.
1376 247 1536 289 Ceterum,
1552 259 1626 282 cum
1651 249 1848 292 generaliter
1865 249 1951 283 circa
1994 263 2044 294 nem
2066 264 2087 294 jn
2109 269 2146 291 21»-

1212 301 1451 343 appellationes
1477 307 1508 335 et
1532 302 1745 336 inhibitiones
1767 303 1843 336 satis
1875 290 2159 347 pro-ifflltfiiissliffl‘.

1212 352 1313 386 visum
1334 355 1429 388 suerit
1446 366 1505 399 per
1523 356 1787 389 constitutionem
1802 355 1875 400 piae
1889 367 1951 390 me-

1212 407 1332 440 moriae
1358 407 1536 441 lnnocentii
1562 409 1666 452 Papae
1691 409 1727 442 tv
1756 410 1952 452 praedeces-

1212 459 1293 493 soris
1320 461 1416 494 etiam
1437 461 1539 495 nostri
1566 463 1597 495 in
1619 462 1716 506 capit.
1738 462 1897 503 Romana,
1914 473 1951 496 ac

1213 513 1309 546 etiam
1335 525 1394 558 per
1420 515 1550 549 decreta
1575 515 1711 549 Concilii
1743 516 1949 558 Tridentini,

1213 566 1355 610 itemque
1381 568 1444 601 alia
1469 569 1555 602 edita
1581 569 1632 602 die
1658 579 1710 603 xvl
1730 569 1872 602 octobris
1884 579 1950 603 Mne

1214 631 1229 652 a
1254 620 1514 664 Congregatione
1536 622 1674 666 negotiis
1694 628 1725 656 et
1741 622 1950 656 consultatio-

1190 669 1191 680 *
1212 673 1307 706 nibus
1335 675 1565 718 episcoporum
1591 681 1623 709 et
1648 676 1845 719 regularium
1862 686 1951 720 prae·

1211 727 1318 770 posita
1342 732 1374 760 et
1399 738 1416 761 a
1440 730 1585 771 praefato
1610 729 1778 763 Clemente
1796 729 1860 762 VIII
1877 740 1951 773 pra-

1213 779 1385 813 decessore
1409 781 1610 824 confirmata,
1635 794 1671 816 ac
1695 783 1835 826 denique
1853 783 1950 817 etiam

1212 833 1275 866 alia
1299 835 1506 877 promulgata
1524 839 1671 878 tempore
1689 836 1896 879 pontificatus
1912 836 1952 869 si-

1211 887 1297 919 milis
1313 888 1489 921 memoriae
1503 888 1623 922 Urbani
1641 889 1745 933 Papae
1762 889 1837 929 VIII,
1856 899 1951 933 prae-

1212 939 1391 974 decessoris
1417 941 1528 974 itidem
1553 942 1660 975 nostri
1682 969 1690 983 ,
1718 942 1769 975 die
1800 942 1951 976 videlicet

1211 1003 1228 1026 v
1253 994 1448 1037 septembris
1475 1004 1629 1037 itincxxvl3
1645 997 1791 1029 volumus
1812 1000 1843 1029 et
1860 1006 1950 1029 man-

1211 1047 1335 1088 damus,
1362 1049 1460 1090 quod,
1475 1048 1635 1092 quidquid
1659 1049 1692 1082 in
1718 1049 1870 1082 omnibus
1883 1060 1951 1083 me-

1187 1103 1188 1142 ]
1209 1101 1343 1133 moratis
1369 1101 1653 1135 constitutionibus
1682 1107 1713 1135 et
1730 1102 1869 1136 decretis
1886 1107 1951 1136 sta·

1211 1153 1310 1186 tuitur
1327 1181 1335 1194 ,
1376 1155 1624 1198 diligentissime
1659 1166 1720 1199 per
1760 1166 1873 1189 omnes
1911 1155 1950 1189 iis

1209 1208 1464 1250 comprehensos
1489 1209 1677 1242 observetur
1701 1209 1733 1241 in
1769 1209 1874 1242 causis
1909 1208 1948 1242 ad

1209 1259 1315 1293 curias
1341 1261 1576 1295 ecclesiasticas
1594 1262 1834 1305 pertinentibus
1851 1262 1884 1295 in
1902 1273 1950 1296 re-

1209 1314 1280 1356 gnis
1297 1314 1535 1357 Hispaniarum,
1559 1325 1764 1359 quacumque
1781 1321 1950 1349 consuetu-

1209 1366 1283 1399 dine
1310 1367 1404 1400 etiam
1439 1367 1713 1410 immemorabili,
1749 1370 1800 1402 vel
1835 1369 1947 1412 quovis

1207 1419 1380 1463 privilegio
1405 1425 1459 1453 aut
1491 1422 1595 1464 stylo,
1622 1421 1826 1455 concedendi
1852 1422 1948 1455 etiarn

1208 1473 1362 1515 quasdam
1387 1473 1602 1507 inhibitiones
1632 1480 1834 1518 nuncupatas
1870 1480 1949 1509 tem-

1207 1526 1362 1569 porarias,
1389 1527 1520 1570 penitus
1547 1529 1691 1561 excluso.

1251 1581 1266 1623 ἓ
1291 1580 1344 1613 ⁶28.
1373 1580 1441 1618 Quo
1468 1591 1544 1613 vero
1569 1581 1608 1613 ad
1633 1581 1758 1615 iudices
1784 1592 1949 1615 conserva-

1209 1637 1315 1674 tores,
1344 1639 1375 1666 et
1399 1635 1531 1667 modum
1558 1644 1593 1667 ac
1624 1634 1808 1668 facultatem
1832 1646 1948 1678 proce·

1209 1687 1307 1719 dendi
1326 1688 1358 1719 in
1376 1688 1480 1720 causis
1506 1687 1655 1720 civilibus
1674 1698 1756 1731 quae
1774 1688 1814 1721 ad
1835 1699 1948 1722 eorum

1209 1740 1430 1782 cognitionem
1449 1740 1616 1783 pertinere
1634 1741 1773 1784 possint,
1796 1741 1948 1775 inviolate

1208 1793 1437 1826 constituenda
1462 1794 1524 1826 erit
1549 1804 1663 1826 norma
1688 1794 1890 1838 praescripta
1914 1795 1948 1827 in

1208 1846 1496 1879 constitutionibus
1522 1847 1626 1880 felicis
1645 1847 1882 1881 recordationis
1898 1848 1948 1881 In-

1208 1900 1350 1932 nocentii
1375 1899 1424 1939 IV,
1444 1900 1616 1933 Alexandri
1634 1901 1679 1940 lv,
1699 1901 1854 1934 Bonifacii
1872 1901 1945 1941 VIII,

1207 1952 1354 1994 Gregorii
1394 1952 1444 1985 XV
1480 1953 1685 1997 aliorumque
1725 1953 1946 1987 Romanorum

1208 2005 1396 2038 Pontificum
1433 2006 1724 2049 praedecessorum
1757 2012 1945 2040 nostrorum

1207 2060 1267 2092 hac
1293 2059 1331 2091 de
1356 2069 1390 2091 rc
1416 2059 1535 2100 editis,
1573 2070 1700 2093 necnon
1735 2060 1768 2092 in
1806 2060 1944 2093 decretis

1206 2111 1338 2146 Concilii
1365 2112 1570 2152 Tridentini,
1597 2112 1654 2145 sub
1679 2113 1793 2156 poenis
1822 2113 1943 2146 ibidem

1205 2166 1377 2206 contentis,
1405 2177 1483 2210 quas
1507 2167 1670 2210 praesenti
1697 2169 1806 2200 nostra
1826 2166 1944 2200 consti-

1207 2219 1330 2252 tutione
1357 2220 1546 2252 innovamus
1561 2224 1592 2252 et
1612 2219 1859 2252 confirmamus:
1880 2219 1944 2252 hoc

1205 2272 1302 2305 etiam
1328 2272 1455 2312 addito,
1483 2277 1517 2304 ut
1542 2272 1639 2304 iidem
1664 2271 1787 2304 iudices
1811 2282 1943 2305 conser-

1204 2330 1386 2357 servatorcs
1411 2331 1442 2357 et
1467 2325 1690 2357 mandatorum
1723 2334 1853 2357 suorum
1870 2335 1944 2358 exe·

1204 2383 1333 2410 cutores
1360 2377 1516 2410 exhibere
1543 2378 1683 2410 debeant
1708 2377 1872 2421 episcopis
1910 2388 1942 2411 a·

1202 2431 1317 2473 liisque
1344 2431 1488 2463 locorum
1513 2429 1692 2463 Ordinariis
1718 2430 1841 2463 litteras
1865 2441 1941 2464 suae

1203 2483 1438 2526 deputationis,
1465 2493 1600 2526 quorum
1625 2483 1735 2525 vigore
1760 2484 1941 2526 procedere

1201 2536 1379 2570 intendant.

1245 2590 1260 2634 ξ
1285 2589 1338 2623 99.
1366 2589 1463 2623 Enixe
1481 2589 1633 2633 denique,
1652 2595 1683 2623 et
1700 2600 1736 2624 ex,
1753 2589 1867 2623 intimo
1884 2600 1941 2633 pa·
1964 2592 2135 2616 ⁰⁰0¹0²²⁰¹¹²¹¹12

2012 1586 2098 1610 Necnon
2121 1589 2142 1611 in

1960 1619 2028 1636 causis
2039 1616 2143 1638 civilibus.
