2269 3203
237 195 284 222 An.
301 194 328 221 c.
354 193 418 221 ¹708
466 184 531 219 340
1016 194 1197 220 nummum
1221 193 1376 218 normann

430 244 532 269 annulo
555 243 717 277 Piscatoris,
739 243 782 270 die
802 250 866 270 xvm
886 243 1005 271 octobris
1024 250 1139 270 MDCLxxl
1154 247 1172 276 ¹,
1194 250 1197 272 ,¹

430 287 603 322 pontificatus
623 287 709 314 nostri
729 294 853 315 annom.
1194 276 1196 292 ⁴

1963 193 2013 221 An.
2033 194 2063 222 C.
2080 193 2147 224 1708

1261 244 1276 285 ἓ
1300 243 1330 275 4.
1360 244 1591 283 Decerneutes,
1611 242 1740 276 easdem
1762 247 1953 285 praesentes
1991 255 2114 281 mausum.

1218 296 1342 328 litteras
1371 305 1502 338 semper
1526 296 1651 336 sirmas,
1678 295 1800 329 validas
1830 300 1862 328 et
1887 295 1954 328 effi-

1216 358 1307 380 caces
1339 348 1476 381 existere
1508 354 1539 381 et
1570 348 1650 389 sore,
1676 359 1818 392 suosque
1838 349 1954 391 plena-

1217 402 1282 434 rios
1317 407 1348 434 et
1383 401 1526 444 integros
1555 401 1686 435 effeetus
1707 402 1816 435 sortiri
1842 407 1873 434 et
1897 402 1954 434 ol)-

269 361 337 382 cinea
358 367 420 387 prar-

475 349 489 392 §
514 348 545 382 2.
572 348 650 383 Cum
676 355 803 391 autem,
826 350 907 383 sicut
932 350 1069 383 dilectus
1100 350 1173 382 Phi-

234 391 540 446 {53:1330T'3ssl'ssi'3lippus
578 403 680 436 Faure
718 403 913 437 exdefinitor
946 403 1109 445 generalis
1142 409 1173 435 et

235 441 404 467 exprovincmtm.

243 1263 349 1284 statutum
361 1269 416 1284 nun·

230 1291 292 1311 danii:
310 1293 415 1311 vxccu'to—

230 1323 249 1337 ni
266 1317 354 1337 relatam
367 1323 415 1337 con-

229 1344 368 1364 stitutionem.

430 456 679 499 exprovineialis
715 457 819 490 dictae
858 456 1040 499 provinciae
1075 455 1170 488 nobis

429 519 534 553 nuper
549 511 664 553 exponi
681 510 764 550 fecit,
779 510 811 542 in
826 509 993 553 praedicto
1009 514 1168 541 conventu

428 562 600 596 parisiensi
627 574 642 596 a
678 568 752 596 tune
783 564 906 606 pariter
930 563 1086 596 existente
1112 562 1171 595 mi-

428 616 530 650 nistro
556 616 699 659 generali
725 616 854 650 Ordinis
881 616 1039 660 praedicti
1065 616 1170 649 resor-
1191 645 1193 660 ,

428 670 526 702 matio
553 669 734 702 introducta
760 669 864 708 suerit„
891 679 1021 702 necnon
1047 668 1168 702 ibidem

428 722 587 765 regularis
619 722 824 755 observantia
857 723 895 755 de
926 722 1091 766 praesenti
1125 722 1170 755 vi-

428 780 523 818 geat,
550 787 586 809 ac
610 775 750 819 proinde
787 775 1007 819 praeinsertas
1041 775 1168 808 litteras

428 829 625 870 huiusmodi,
645 840 727 872 quae
747 830 788 862 ob
815 830 972 873 quasdam
990 835 1170 862 controver-

427 882 492 915 sias
520 887 625 915 tamen
652 883 727 915 inde
754 888 878 915 secutas
906 882 1087 915 executioni
1114 882 1191 930 de-⁴

1189 934 1191 941 ¹
1215 933 1263 965 vel
1293 933 1506 974 ignoranter,
1533 931 1710 973 contigerit
1735 932 1899 964 attentari.

426 935 598 968 mandatae
624 936 748 968 minine
768 935 909 975 suerunt,
930 945 990 978 per
1014 945 1073 967 nos
1090 945 1168 968 con-

426 988 547 1021 firmari
570 989 747 1032 plurimum
774 988 951 1021 desideret:
977 988 1069 1020 nobis
1095 997 1169 1031 pro-

425 1046 538 1085 pterea
563 1041 667 1074 dictus
696 1041 866 1084 Philippus
899 1040 1067 1073 humiliter
1093 1051 1168 1084 sup-

426 1095 541 1137 plicari
562 1094 638 1126 fecit
659 1099 694 1125 ut
712 1094 743 1125 in
765 1095 955 1136 praemissis
981 1098 1167 1136 opportune

424 1148 600 1192 providere
625 1154 656 1180 et
682 1153 715 1180 ut
741 1148 824 1180 infra
849 1148 1020 1190 indulgere
1047 1148 1085 1180 de
1111 1147 1168 1179 be-

425 1203 582 1244 nignitate
607 1202 787 1244 apostolica
808 1201 1032 1243 dignaremur.

470 1255 535 1298 §a
554 1254 618 1288 Nos
638 1254 748 1297 igitur,
768 1255 870 1298 ipsum
890 1254 1076 1298 Philippum
1095 1265 1168 1297 spe-

428 1308 563 1342 cialibus
602 1308 762 1341 favoribus
799 1313 830 1340 et
863 1308 974 1350 gratiis
1008 1308 1166 1351 prosequi

429 1363 594 1401 volentes,
622 1367 653 1394 et
677 1373 694 1394 a
720 1361 886 1404 quibusvis
911 1361 1168 1394 excommunica·
1189 1359 1191 1365 ’

428 1416 537 1456 tionis,
562 1414 789 1458 suspensionis
814 1419 846 1447 et
872 1414 1050 1453 interdicti,
1080 1414 1167 1447 aliis-

427 1480 489 1513 que
507 1467 736 1502 ecclesiasticis
762 1466 946 1507 sententiis,
964 1467 1110 1499 censuris
1137 1473 1167 1499 et

425 1522 541 1567 poenis
559 1548 566 1561 ,
594 1532 611 1554 a
642 1521 713 1554 iure
745 1521 795 1554 vel
825 1521 864 1553 ab
894 1520 1036 1561 homine,
1056 1521 1166 1564 quavis

425 1575 597 1608 occasione
617 1575 666 1607 vel
688 1575 784 1607 eausa
803 1574 889 1614 latis,
910 1573 934 1606 si
954 1573 1071 1616 quibus
1089 1584 1167 1617 quo-

425 1628 606 1662 modolibet
630 1627 806 1661 innodatus
823 1626 941 1666 existit,
955 1626 994 1659 ad
1015 1626 1165 1659 effectum

425 1681 650 1725 praesentium
682 1681 848 1713 dumtaxat
879 1679 1164 1722 consequendum,

425 1733 538 1766 harum
564 1733 648 1766 serie
687 1734 893 1766 absolventes
928 1738 959 1765 et
983 1733 1165 1765 absolutum

425 1786 494 1820 sore
512 1791 697 1827 censentes,
717 1786 903 1819 huiusmodi
921 1785 1166 1829 supplicationi·
1186 1785 1188 1806 ι’

425 1841 485 1873 bus
518 1840 675 1881 inclinati,
696 1841 735 1874 de
769 1840 1004 1873 venerabilium
1035 1839 1164 1872 fratrum

425 1899 613 1927 nostrorum
631 1894 662 1926 S.
680 1893 716 1926 R.
733 1893 768 1926 E.
793 1892 1005 1925 cardinalium
1024 1893 1164 1935 negotiis
1186 1891 1188 1896 '

425 1952 456 1980 et
477 1947 772 1980 consultationibus
805 1946 1034 1990 episcoporum
1061 1951 1092 1978 et
1116 1956 1166 1978 re-

425 2001 582 2044 gularium
616 2001 902 2044 praepositorum,
930 2000 982 2044 qui
1010 1999 1164 2033 dilectum

423 2054 544 2097 pariter
567 2053 669 2086 filium
695 2059 943 2097 procuratorem
980 2052 1165 2095 generalem

424 2107 553 2140 Ordinis
584 2107 721 2150 praefati
752 2106 966 2146 audiverunt,
1003 2106 1164 2146 consilio,

424 2161 645 2204 praeinsertas
687 2159 861 2193 Clementis
903 2159 1165 2202 praedecessoris

425 2214 570 2253 litteras,
611 2213 737 2246 tametsi
776 2213 850 2245 illae
890 2212 1072 2245 executioni
1110 2213 1165 2245 de-

424 2267 595 2300 mandatae
628 2277 693 2299 non
728 2266 867 2308 suerint,
899 2271 933 2298 ut
964 2266 1163 2308 praefertur,

425 2320 642 2353 nihilominus
661 2318 842 2352 executioni
864 2317 1023 2358 mandari,
1043 2328 1077 2350 ac
1095 2328 1166 2360 per-

425 2373 532 2417 petuis
561 2372 676 2404 suturis
707 2371 909 2414 temporibus
943 2370 976 2402 in
1013 2370 1164 2402 omnibus

426 2432 458 2459 et
481 2436 538 2469 per
562 2425 669 2458 omnia
694 2423 815 2456 servari
841 2432 939 2465 posse
965 2428 997 2454 et
1028 2422 1162 2463 debere,

426 2478 614 2512 auctoritate
642 2475 838 2520 apostolica,
865 2480 978 2508 tenore
1011 2485 1164 2518 praesen-

427 2533 527 2574 tium,
554 2531 722 2565 statuimus
747 2534 779 2563 et
804 2528 1006 2563 ordinamus.

464 2600 472 2623 t
490 2595 540 2624 Vel
553 2594 659 2631 legend.
673 2593 755 2628 1672,
767 2591 924 2628 velpontif.
937 2599 1014 2620 anno
1030 2592 1162 2628 11(n.r.).

1189 1087 1191 1099 ’
1213 1092 1338 1124 stolicis
1358 1119 1364 1131 ,

1217 453 1333 495 tinere,
1353 464 1389 487 ac
1413 453 1498 493 illis,
1524 455 1561 487 ad
1588 465 1670 498 quos
1695 459 1818 498 spectat
1838 460 1868 487 et
1892 464 1953 497 pro

1217 512 1367 550 tempore
1398 507 1580 551 spectabit,
1607 507 1798 550 plenissime
1835 506 1951 540 sutl‘ra-

1215 560 1295 602 gari,
1321 565 1353 592 et
1377 560 1416 592 ab
1442 560 1488 593 eis
1514 560 1695 603 respective
1722 560 1955 593 inviolabiliter

1215 613 1391 653 observari,
1406 613 1519 656 sicque
1533 613 1565 645 in
1581 613 1770 656 praemissis
1788 624 1847 656 per
1864 623 1956 656 quos-

1214 677 1351 709 cumque
1385 667 1508 699 iudices
1544 667 1730 699 ordinarios
1764 671 1796 700 et
1825 666 1955 708 delega-

1216 725 1285 759 tOS,
1311 719 1409 752 etiam
1434 729 1605 752 causarum
1637 720 1750 762 palatii
1782 718 1956 762 apostolici

1214 772 1401 812 auditores,
1429 773 1565 806 iudicari
1598 778 1630 806 et
1661 772 1790 805 definiri
1816 772 1954 811 debere,

1214 836 1250 859 ac
1274 826 1402 858 irritum
1430 831 1462 858 et
1495 826 1591 859 inane
1612 826 1638 858 si
1656 836 1749 858 secus
1775 836 1876 868 super
1905 825 1956 857 liis

1214 890 1230 912 a
1245 890 1423 922 quoquam,
1440 879 1551 922 quavis
1579 879 1783 919 auctoritate,
1813 878 1956 912 scienter

1256 987 1270 1029 ἓ
1296 986 1327 1018 5.
1354 985 1425 1018 Non
1459 985 1667 1018 obstantibus
1693 985 1895 1028 praemissis,
1919 995 1956 1018 ac

1213 1038 1500 1071 constitutionibus
1526 1044 1557 1071 et
1582 1037 1845 1070 ordinationibus
1879 1048 1955 1081 apo-

1393 1102 1520 1124 necnon
1561 1091 1712 1124 omnibus
1750 1096 1782 1123 et
1817 1091 1953 1133 singulis

1213 1146 1276 1179 illis
1291 1157 1372 1189 quae
1391 1146 1423 1177 in
1441 1145 1653 1188 praeinsertis
1669 1145 1844 1178 Clementi5
1861 1155 1955 1188 prae-

1213 1200 1395 1233 decessoris
1433 1199 1550 1231 litteris
1586 1209 1744 1232 concessa
1778 1203 1852 1231 sunt
1887 1208 1955 1231 non

1212 1253 1362 1291 obstare,
1391 1253 1575 1295 ceterisque
1613 1251 1786 1285 contrariis
1819 1251 1954 1294 quibus-

1212 1317 1364 1349 cumque.

1255 1359 1369 1392 Datum
1395 1359 1529 1399 Romae,
1555 1358 1643 1401 apud
1667 1358 1699 1391 S.
1727 1357 1867 1398 Petrum,
1894 1357 1954 1391 sub

1211 1413 1335 1445 annulo
1370 1412 1562 1451 piscatoris,
1588 1412 1642 1444 die
1667 1422 1744 1445 xv111
1769 1410 1954 1445 decembris

1210 1475 1368 1505 MDCCVIH,
1390 1465 1604 1509 pontificatus
1623 1464 1729 1498 nostri
1746 1474 1833 1497 anno
1855 1474 1898 1498 lx.

1246 1528 1308 1554 Dat.
1324 1527 1369 1554 die
1386 1528 1417 1554 '18
1434 1527 1590 1554 decembris
1608 1527 1686 1561 1708,
1707 1525 1806 1561 pontif.
1827 1533 1899 1554 auno
1919 1531 1954 1552 lx.

1522 1670 1639 1703 CXXII.

1212 1750 1433 1793 Confirmatio·
1482 1750 1645 1783 decretum
1686 1750 1954 1793 Conqreyalionis

1254 1805 1476 1849 episcoporum
1494 1808 1523 1835 et
1539 1803 1744 1846 regularium
1769 1802 1807 1835 cie
1827 1803 1954 1836 ratione

1255 1857 1403 1890 habendi?
1425 1857 1525 1890 solius
1551 1856 1662 1889 meriti
1686 1856 1721 1888 in
1746 1855 1953 1888 electionibus

1253 1912 1397 1953 fratrum
1415 1911 1583 1944 Minorum
1608 1909 1645 1942 (Ie
1665 1908 1880 1942 Obsert'anlici
1897 1908 1955 1942 Re-

1252 1964 1466 2005 formatorum
1493 1962 1677 2006 provinciae
1694 1961 1726 1994 S.
1752 1960 1869 1993 Dictaei
1889 1960 1954 1995 Pa-

1253 2017 1376 2059 piense's
1388 2015 1407 2048 ¹.

1423 2096 1557 2123 Clemens
1578 2096 1658 2129 Papa
1677 2095 1724 2124 Xl.

1352 2141 1388 2168 ad
1409 2141 1542 2168 futuram
1562 2141 1606 2168 rei
1627 2140 1808 2168 memoriam.

1254 2212 1268 2255 ξ
1288 2211 1317 2244 1.
1336 2211 1504 2244 Emanavit
1522 2220 1625 2253 nuper
1649 2221 1666 2242 a
1691 2208 1952 2251 (longi-aganone

1210 2264 1445 2297 venerabilium
1470 2264 1602 2295 fratrum
1628 2267 1816 2295 nostrorum
1833 2260 1948 2294 S.R.E.

1247 2328 1254 2352 1
1279 2325 1431 2351 innocentii
1451 2323 1496 2350 ΧΠ
1527 2323 1635 2351 constit.
1657 2322 1722 2350 edit.
1752 2329 1868 2350 ,nocxcw
1882 2345 1888 2354 ,
1908 2323 1951 2350 die

1209 2369 1223 2395 7
1244 2369 1347 2404 aprilis,
1370 2367 1463 2403 pontif.
1484 2375 1510 2400 v,
1526 2371 1655 2393 statutum
1672 2367 1721 2393 suit
1741 2371 1771 2393 ut
1791 2369 1952 2402 procurator

1207 2413 1343 2448 generatis
1365 2412 1480 2447 eligatur
1505 2411 1531 2437 in
1561 2411 1679 2447 capitulo
1699 2411 1837 2446 generali,
1869 2415 1896 2438 et
1922 2411 1950 2438 in

1208 2457 1287 2483 huius
1315 2455 1455 2483 Pontificis
1482 2455 1589 2482 constit.
1616 2455 1681 2482 edit.
1702 2462 1848 2488 unccxvn,
1870 2455 1914 2482 die
1934 2455 1948 2482 7

1207 2501 1380 2537 septembris,
1394 2500 1488 2536 pontif.
1501 2506 1564 2531 xvn,
1580 2500 1668 2535 agitur
1683 2500 1716 2527 de
1737 2500 1869 2528 electione
1888 2499 1950 2526 visi—

1208 2550 1323 2574 tatorum
1344 2553 1390 2581 pro
1419 2544 1557 2580 provincia
1589 2544 1777 2579 conceptionis
1806 2544 1832 2572 B.
1856 2544 1892 2571 M.
1913 2544 1946 2573 V.

1207 2590 1337 2619 Fluminis
1355 2589 1481 2618 Ianuarii.

1992 994 2148 1016 Contrariorum

1965 1021 2083 1047 derogatio.

1988 2214 2077 2242 speeies
2086 2215 2146 2237 sacti.
