2269 3203
263 222 312 248 An.
331 221 358 247 c.
384 220 444 248 1701
495 212 514 245 8
666 228 671 245 s

324 2147 438 2171 Dvrngitio

254 2177 334 2195 conlidi
343 2182 416 2197 tusum.

297 2413 356 2434 Fidus
393 2421 400 2433 r

255 2444 390 2466 sumpturum.

456 271 543 312 vitio,
571 281 627 304 seu
655 270 845 304 intentionis
871 275 1012 310 nostrae,
1033 276 1087 302 aut
1112 271 1194 302 inte-

454 335 545 358 resse
563 324 752 358 habentium
771 325 960 363 consensus,
985 324 1089 357 aliove
1115 333 1194 365 quo-

455 378 536 411 libet
568 377 665 410 etiam
691 378 895 421 quantumvis
920 387 1036 418 magno
1063 381 1095 408 et
1120 376 1194 407 sub-

455 432 597 465 stantiali
640 442 676 464 ac
713 430 913 463 individuam
950 429 1192 472 expressionem

454 485 643 529 requirente
682 484 810 516 defectu
848 482 964 520 notari,
997 480 1190 524 impugnari,

454 537 636 578 invalidari,
663 538 805 580 infringi,
831 535 1008 575 retractari,
1024 535 1062 567 ad
1085 533 1192 566 termi-

454 601 511 623 nos
536 591 616 623 iuris
641 591 765 630 reduci,
793 600 849 622 scu
875 589 907 621 in
936 588 1190 621 controversiam

453 645 611 684 revocari,
639 649 692 675 aut
716 643 871 676 adversus
897 642 968 674 illas
1000 639 1191 684 aperitionis

453 699 531 738 oris,
556 697 769 730 restitutionis
801 697 834 728 in
859 696 1029 737 integrum,
1064 694 1190 727 aliudve

454 751 681 793 quodcumque
707 749 796 789 iuris,
824 749 894 781 sacti
921 749 970 780 vel
993 748 1116 790 gratiae
1141 757 1192 779 re-

453 803 595 836 medium
632 802 808 846 impetrari,
846 803 893 834 vel
931 800 1097 840 intentari,
1134 811 1190 832 seu

452 857 636 900 impetrato,
663 862 717 888 aut
742 855 836 888 etiam
871 860 972 895 motu,
1000 853 1134 886 scientia
1161 860 1192 887 et

451 910 623 953 potestatis
647 909 850 953 plenitudine
875 908 1008 952 paribus
1034 918 1190 941 concesso

451 965 501 997 vel
528 968 687 1003 emanato,
715 963 898 1006 quempiam
933 961 965 994 in
999 961 1121 995 iudicio
1142 963 1189 995 vel

453 1022 543 1050 extra
567 1017 646 1050 illud
673 1016 715 1048 uti
734 1027 788 1048 seu
809 1026 842 1048 se
861 1015 969 1048 iuvare
995 1025 1109 1058 posse,
1134 1015 1190 1047 sed

451 1070 537 1113 ipsas
561 1074 750 1112 praesentes
776 1069 900 1102 litteras
919 1079 1052 1112 semper
1068 1068 1189 1108 firmas,

449 1122 570 1156 validas
598 1127 630 1155 et
665 1122 811 1155 efficaces
847 1122 988 1154 existere
1028 1127 1060 1154 et
1099 1122 1188 1162 sore,

449 1186 588 1220 suosque
621 1175 787 1218 plenarios
814 1180 845 1208 et
875 1175 1023 1218 integros
1057 1175 1190 1208 effectus

449 1230 557 1263 sortiri
575 1234 606 1262 et
627 1229 786 1269 obtinere,
805 1240 839 1262 ac
858 1230 928 1268 iltis,
948 1230 986 1262 ad
1014 1240 1094 1273 quos
1119 1240 1192 1272 spe»

449 1289 514 1317 ctat
530 1289 561 1316 et
580 1284 742 1327 spectabit
761 1283 791 1316 iu
818 1284 969 1321 futurum,
996 1283 1189 1326 plenissime

450 1337 630 1379 suffragari,
651 1343 682 1369 ct
703 1337 741 1369 ab
760 1337 805 1369 eis
824 1336 1003 1380 respective
1021 1337 1192 1370 inviolabi-

448 1391 522 1424 liter
546 1391 725 1430 observari,
755 1391 864 1434 sicque
892 1396 923 1423 et
948 1401 1013 1423 non
1039 1391 1133 1423 aliter
1158 1390 1190 1423 in

448 1445 635 1488 praemissis
661 1455 718 1488 per
743 1455 965 1488 quoscumque
990 1445 1115 1478 iudices
1141 1456 1191 1477 or-

450 1498 594 1531 dinarios
620 1504 650 1531 et
675 1499 848 1541 delegatos,
887 1499 983 1531 etiam
1021 1509 1190 1531 causarum

448 1551 558 1595 palatii
584 1552 751 1594 apostolici
773 1552 945 1591 auditores,
966 1562 1089 1585 necnon
1110 1552 1190 1585 eius-

449 1606 522 1639 dem
541 1606 571 1639 S.
592 1606 629 1638 R.
649 1606 683 1638 E.
704 1606 895 1645 cardinales,
913 1606 1010 1638 etiam
1030 1606 1069 1639 de
1087 1607 1188 1639 latere

447 1661 592 1703 legatos,
618 1671 654 1692 ac
684 1659 764 1693 alios
789 1659 954 1702 quoslibet
982 1670 1188 1703 quacumque

448 1713 707 1757 praeeminentia
728 1719 759 1746 et
775 1719 938 1756 potestate
958 1714 1130 1756 fungentes
1158 1719 1189 1747 et

448 1768 631 1807 iuncturos,
650 1767 777 1799 sublata
801 1767 846 1799 eis
868 1772 1030 1799 eteorum
1055 1767 1189 1800 cuilibet

449 1821 560 1865 quavis
586 1821 679 1854 aliter
704 1820 869 1853 iudicandi
896 1824 925 1853 et
950 1820 1186 1864 interpretandi

448 1875 599 1908 facultate
626 1880 657 1907 et
682 1874 888 1912 auctoritate,
915 1874 1051 1906 iudicari
1079 1879 1110 1906 et
1135 1874 1189 1906 de-

447 1927 532 1969 finiri
559 1928 701 1967 debere,
728 1938 764 1960 ac
800 1918 929 1960 irrituni
964 1933 996 1960 et
1031 1927 1139 1967 inane,
1162 1927 1187 1959 si

448 1991 541 2014 secus
562 1992 661 2024 super
686 1981 736 2014 his
763 1992 779 2014 a
805 1992 980 2024 quoquam,
1001 1981 1113 2024 quavis
1139 1992 1189 2013 au-

449 2036 605 2074 ctoritate,
633 2035 774 2068 scienter
796 2036 844 2068 vel
870 2035 1190 2078 ignorante1·,·conti-

449 2089 534 2131 gerit
554 2089 715 2122 attentari.

493 2142 507 2185 ᾗ
532 2141 563 2175 3.
590 2142 660 2175 Non
694 2142 896 2176 obstantibus
927 2143 1126 2187 praemissis,
1155 2154 1191 2177 ac

449 2194 601 2228 omnibus
628 2200 660 2228 et
685 2195 822 2237 singulis
848 2196 925 2236 illis,
960 2207 1040 2239 quae
1068 2207 1190 2230 memo-

449 2254 537 2282 ratus
561 2249 768 2282 Innocentius
804 2251 1042 2293 praedecessor
1066 2251 1099 2283 in
1125 2251 1190 2284 suis

449 2301 564 2335 litteris
589 2302 784 2344 supradictis
815 2303 918 2336 voluit
941 2313 1006 2336 non
1033 2304 1188 2344 obstare;

449 2354 631 2398 ceterisque
656 2355 824 2388 contrariis
846 2356 1121 2400 quibuscumque.

492 2408 507 2451 ᾗ
537 2407 568 2440 4.
603 2407 754 2441 Volumus
791 2414 897 2442 autem
930 2415 965 2442 ut
1000 2411 1189 2443 earumdem

448 2461 669 2504 praesentium
691 2461 869 2495 litterarum
891 2464 1113 2506 transumptis,
1133 2474 1190 2497 seu

449 2514 620 2556 exemplis,
649 2513 744 2546 ctiam
763 2515 940 2557 impressis,
968 2527 1065 2549 manu
1090 2516 1188 2550 alicu-

448 2567 497 2600 ius
515 2566 632 2600 notarii
660 2568 781 2611 publici
808 2570 1012 2614 subscriptis,
1032 2576 1063 2604 et
1079 2570 1188 2613 sigillo

449 2630 609 2663 personae
637 2621 668 2657 in
695 2621 915 2656 ecclesiastica
942 2623 1100 2666 dignitate
1115 2633 1188 2657 con·

1030 222 1207 245 nt'LLAtut'M
1234 221 1386 244 nonANUM

1238 268 1370 301 stitutae
1403 266 1552 306 munitis,
1587 266 1700 299 eadem
1731 276 1864 309 prorsus
1900 265 1979 300 fides

1239 321 1359 364 ubique
1392 321 1539 353 locorum
1575 324 1637 351 tam
1671 319 1704 351 in
1737 318 1858 352 iudicio
1884 329 1978 362 quam

1237 379 1327 406 extra
1344 372 1426 405 illud
1445 373 1612 412 habeatur,
1631 383 1713 415 quae
1730 372 1807 416 ipsis
1825 382 1980 416 praesen-

1238 426 1323 458 tibus
1350 426 1527 458 baberetur
1558 425 1583 458 si
1609 426 1715 459 forent
1741 426 1905 459 exhibitae
1926 426 1978 459 vel

1237 484 1400 512 ostensae.

1279 533 1391 565 Datum
1415 530 1547 571 Romae,
1581 533 1667 576 apud
1700 532 1731 565 S.
1759 533 1899 573 Petrum,
1918 531 1977 566 sub

1235 588 1357 619 annulo
1370 586 1554 627 piscatoris,
1570 587 1621 619 die
1639 597 1689 620 xiv
1700 585 1708 603 ¹
1719 587 1854 620 ianuarii
1867 597 1978 627 noem,

1236 639 1445 683 pontificatus
1474 639 1579 672 nostri
1605 650 1691 672 anno
1722 647 1743 673 1.-

1270 702 1328 729 Dat.
1348 701 1390 729 die
1409 702 1440 729 14
1456 701 1570 729 ianuarii
1587 701 1666 734 1701,
1685 701 1780 737 pontif.
1798 709 1868 728 anno
1884 707 1905 729 1.

1578 845 1628 878 lv.

1237 926 1430 960 Conceditur
1455 925 1665 969 indulyentia
1687 925 1843 969 plenaria
1867 936 1979 969 perpe-

1279 985 1335 1012 tua
1361 981 1396 1012 in
1421 980 1562 1013 ecclesiis
1589 980 1725 1014 Ordinis
1749 981 1917 1013 Minorum
1942 980 1980 1013 de

1280 1034 1502 1074 observantie,
1524 1033 1576 1066 clie
1599 1035 1677 1076 sesto
1701 1034 1733 1067 S.
1753 1034 1854 1067 Rosae
1876 1033 1979 1066 Vitor-

1278 1087 1396 1120 biensis
1413 1087 1433 1120 ἵ.

1445 1169 1579 1196 Clemens
1602 1169 1680 1203 Papa
1700 1169 1749 1203 XI,

1352 1216 1388 1242 ad
1409 1218 1589 1248 perpetuam
1609 1215 1653 1242 rei
1673 1214 1857 1242 memoriam.

1277 1285 1358 1328 Agni
1384 1286 1597 1325 immaculati,
1625 1285 1677 1329 qui
1704 1296 1810 1318 sacras
1835 1285 1977 1329 virgines

1234 1350 1380 1383 sponsas,
1396 1339 1615 1382 spiritualium
1634 1339 1866 1372 charismatum
1885 1339 1978 1374 donis

1234 1392 1457 1436 multifdiciter
1472 1393 1650 1432 decoratas,
1670 1398 1805 1426 aeterno
1824 1393 1883 1426 sibi
1903 1404 1980 1426 con-

1234 1448 1334 1479 sortio
1362 1447 1393 1478 in
1416 1446 1514 1480 caelis
1535 1447 1679 1485 sociavit,
1700 1446 1799 1485 vices,
1818 1447 1895 1480 licet
1919 1447 1980 1479 im-

1234 1500 1349 1540 meriti,
1370 1506 1521 1543 gerentes
1547 1500 1580 1532 in
1607 1500 1712 1540 terris,
1738 1501 1896 1533 caelestes
1923 1500 1980 1534 Ec-

1234 1554 1354 1587 clesiae
1381 1554 1564 1587 thesauros.
1596 1564 1737 1596 quorum
1766 1553 1980 1596 dispensatio-

1234 1618 1307 1640 nem
1334 1606 1429 1639 nobis
1454 1606 1596 1639 credidit
1620 1607 1715 1647 Deus,
1739 1607 1882 1639 libenter
1907 1617 1981 1639 ero-

1234 1670 1354 1702 gamus,
1382 1665 1416 1691 ut
1442 1659 1585 1693 fidelium
1608 1670 1685 1702 erga
1712 1660 1843 1692 easdem
1869 1659 1980 1692 beatas

1233 1712 1376 1755 virgines
1393 1713 1530 1752 devotio,
1543 1712 1705 1746 eimsmodi
1723 1712 1914 1746 muneribus
1933 1712 1979 1745 in-

1233 1767 1340 1807 citata,
1368 1766 1604 1810 multiplicibus
1622 1767 1654 1799 in
1673 1766 1742 1800 dies
1761 1766 1977 1800 benedicente

1234 1820 1370 1854 Domino
1391 1819 1540 1863 proficiat
1563 1819 1787 1853 incrementis.

1277 1875 1291 1917 ἓ
1318 1874 1346 1906 t.
1376 1873 1678 1917 Supplicationibus
1703 1873 1814 1916 itaque
1839 1873 1897 1906 filii
1922 1873 1977 1906 Mi-

1234 1927 1468 1970 chaelisangeli
1491 1940 1508 1960 a
1525 1927 1646 1961 Candia
1676 1926 1816 1960 ministri
1846 1927 1977 1970 provin-

1234 1982 1325 2015 cialis
1351 1981 1539 2024 provinciae
1570 1981 1734 2013 Romanae
1758 1980 1888 2014 Ordinis
1914 1981 1978 2013 sra-

1236 2041 1317 2067 trum
1335 2034 1493 2068 Minorum
1509 2033 1612 2067 sancti
1626 2033 1791 2066 Francisci
1811 2034 1850 2067 de
1866 2033 1978 2067 Obser-

1235 2088 1342 2121 vantia
1374 2093 1653 2131 nuncupatorum,
1678 2098 1714 2120 ae
1740 2087 1873 2120 discreti
1902 2098 1977 2131 per-

1235 2143 1336 2186 petui,
1355 2141 1430 2175 dicti
1449 2140 1577 2175 Ordinis
1600 2141 1732 2174 nomine
1758 2141 1852 2174 nobis
1877 2151 1978 2184 super

1236 2196 1299 2229 boc
1318 2195 1487 2228 humiliter
1505 2194 1666 2238 porrectis
1691 2195 1848 2235 inclinati,
1875 2205 1912 2228 ac
1937 2195 1977 2227 do

1236 2249 1473 2293 omnipotentis
1499 2249 1554 2282 Dei
1573 2248 1797 2282 misericordia
1816 2253 1847 2281 et
1863 2248 1977 2282 beato-

1236 2314 1306 2336 rum
1340 2302 1427 2336 Petri
1458 2308 1490 2336 et
1520 2302 1610 2335 Pauli
1649 2303 1874 2346 apostolorum
1907 2301 1975 2335 eius

1272 2411 1280 2435 1
1306 2408 1375 2435 Edit.
1393 2408 1473 2436 Main.
1490 2408 1555 2444 legit
1566 2412 1626 2442 xm}
1651 2408 1697 2435 sed
1714 2408 1740 2434 in
1756 2409 1818 2435 nota
1835 2407 1976 2443 marginali

1234 2453 1316 2481 habet
1336 2453 1368 2480 14
1387 2454 1424 2486 (a.
1443 2453 1490 2485 T.).

1268 2499 1285 2525 2
1304 2499 1455 2525 Concessae
1475 2497 1551 2525 fuere
1572 2498 1640 2524 aliae
1660 2496 1847 2532 indulgentiae
1871 2497 1904 2524 ab
1931 2497 1977 2524 ln-

1234 2543 1357 2569 nocentio
1378 2541 1422 2569 Xll
1443 2542 1551 2569 constit.
1574 2541 1638 2568 edit.
1662 2548 1782 2574 iuncxctt,
1812 2541 1856 2568 die
1876 2542 1910 2568 ‘24
1929 2542 1977 2569 de.-

1233 2587 1360 2620 cembriS,
1378 2586 1473 2621 pontif.
1491 2593 1527 2619 113
1549 2589 1575 2613 et
1590 2585 1623 2613 ab
1645 2585 1696 2613 hoc
1718 2585 1848 2612 Pontifice
1868 2585 1976 2613 constit.

1233 2632 1298 2661 edit.
1320 2637 1448 2666 mvccxlii,
1470 2630 1513 2659 die
1536 2631 1566 2660 15
1587 2630 1753 2665 novembris,
1775 2629 1871 2666 pontif.
1892 2635 1952 2658 xm.

1985 217 2035 244 An.
2053 217 2081 245 C.
2104 218 2169 246 ¹701

2015 1295 2137 1317 Exordium.

2015 1880 2128 1900 Concessio
2144 1879 2175 1900 di·

1987 1909 2034 1927 ctae
2065 1907 2172 1933 indulgen·

1988 1934 2029 1953 tiam
2046 1933 2080 1953 ilio
2100 1940 2120 1954 iv
2139 1939 2172 1955 se-

1988 1961 2097 1988 pleiubt‘is.
