2269 3203
123 195 173 224 Au.
187 194 216 224 C.
239 195 307 224 1705

146 628 181 649 Lis
203 629 257 649 inter
273 635 305 650 re-

119 656 206 680 ligiosos
216 659 237 676 et
245 655 306 677 Ordi-

121 682 194 703 narins
202 682 306 703 dictarum

119 708 234 730 insularum
243 709 268 730 de
278 710 306 728 vi-

119 735 219 756 sitatione
234 737 306 756 cccle-

120 762 198 782 siarum
244 768 305 789 paro-

120 788 230 809 chranum.

954 195 1095 218 CLEMENS
1121 195 1152 219 xt
1177 196 1224 219 Pr.

637 243 740 276 LXXI.

315 315 521 355 Declaratur,
539 315 588 347 ius
613 313 773 347 visitandi
791 314 997 357 parochiales
1014 324 1060 347 ec-

361 368 474 401 ctesias
498 367 706 411 requlari'um
724 367 755 399 ιή
784 368 904 400 insulis
927 368 1060 411 Philip-

359 421 450 466 pinis
470 424 644 464 competere
669 420 806 453 locorum
832 419 1054 454 Orde'narils¹.

520 499 656 527 Clemens
695 499 776 532 Papa
795 499 833 525 XI
847 519 854 530 ,

457 543 495 571 ad
514 543 648 571 futuram
667 542 712 570 rei
731 543 914 570 memoriam.

354 614 507 659 §1.Cum,
523 614 604 647 sicut
614 613 808 647 venerabilis
824 613 921 646 frater
933 612 1056 646 moder-

318 679 378 702 nus
403 667 671 711 archiepiscopus
700 666 931 700 Manilanensis
961 665 1056 699 nobis

316 731 422 765 nuper
436 719 553 764 exponi
570 719 655 759 fecit,
671 719 779 753 dilecti
794 719 851 752 filii
868 719 985 752 fratres
1000 718 1058 751 Or-

317 775 428 809 dinun]
446 773 719 813 praedicatorum,
737 773 897 806 Minorum
915 771 946 805 S.
963 772 1057 805 Fran-

315 827 393 860 cisci
418 826 458 859 de
483 825 693 859 observantia
718 831 999 869 nuncupatorum,
1021 835 1057 857 ac

314 878 531 913 Eremitarum
551 878 582 912 S.
603 879 784 922 Augustini,
800 888 930 912 necnon
945 877 1055 911 clerici

314 942 373 966 seu
390 931 574 976 presbyteri
600 933 768 974 regulares
791 931 957 965 Societatis
982 931 1054 964 Iesu

314 984 515 1018 ordinariam
540 984 757 1017 visitationem
782 984 815 1016 in
840 983 1055 1027 septingentis

315 1036 503 1081 etamplius
514 1036 761 1080 parochialibus
775 1036 929 1076 ecclesiis,
941 1046 1009 1075 seu,
1019 1040 1056 1068 ut

313 1095 440 1130 vocant,
457 1089 623 1130 doctrinis,
644 1100 722 1132 quas
745 1089 778 1122 in
802 1088 943 1123 dioecesi
961 1088 1056 1121 Mani-

313 1142 441 1176 lanensi
461 1147 494 1175 et
506 1142 578 1175 aliis
592 1142 775 1176 insularum
793 1142 1054 1185 Philippinarum

315 1195 558 1239 episcopatibus
573 1194 719 1238 regunt&
731 1201 762 1228 et
778 1196 958 1238 respective
969 1205 1055 1227 exer-

313 1253 409 1289 cent,
439 1248 609 1281 admittere
633 1253 793 1289 renuant,
819 1258 920 1291 seque
944 1247 1053 1290 potius

313 1301 495 1334 animarum
522 1311 632 1334 curam
661 1301 829 1344 dictasque
847 1300 1054 1344 parochiales

314 1356 468 1391 ecclesias
491 1356 652 1397 deserere,
672 1367 769 1400 quam
791 1366 860 1389 sese
879 1354 1054 1388 visitationi

311 1412 498 1456 praedictae
517 1411 678 1445 subiicere
692 1412 776 1444 velle
795 1409 1055 1451 declarent(plu-

312 1477 349 1500 ra
373 1467 527 1500 scandala
559 1471 590 1498 et
615 1464 757 1498 absurda
790 1463 950 1508 exorta³),
977 1463 1053 1496 inde

313 1532 389 1556 vero
413 1523 510 1566 plura
542 1523 696 1556 scandala
730 1528 761 1555 et
791 1521 1054 1555 inconvenientia

313 1585 384 1608 curn
401 1576 552 1618 neglectu
577 1575 844 1609 constitutionum
861 1575 1054 1618 apostolica-

313 1639 386 1661 rum
411 1639 447 1662 ac
472 1629 679 1662 decretorum
716 1629 849 1663 Concilii
875 1628 1053 1662 Tridentini

314 1682 521 1724 exoriantur,
537 1694 573 1716 ac
590 1684 728 1726 proinde
746 1684 816 1726 ipse
837 1683 1055 1726 archiepisco-

314 1746 373 1780 pus
398 1736 438 1768 de
469 1742 656 1779 opportuno
694 1736 836 1778 desuper
866 1736 1012 1769 remedio
1037 1747 1054 1768 a

315 1790 412 1822 nobis
429 1789 596 1833 provideri
611 1789 788 1832 plurimum
799 1788 971 1822 desideret:
986 1799 1053 1829 nos,
1076 1816 1077 1822 ,

168 1850 268 1871 vectarat
283 1852 305 1872 ut
316 1843 464 1876 eiusdem
489 1841 731 1885 archiepiscopi
756 1841 839 1874 votis
864 1842 925 1874 hac
949 1841 982 1874 in
1006 1852 1053 1882 re,

117 1877 139 1900 in
157 1877 251 1899 rubrica.

315 1901 469 1940 quantum
487 1907 558 1929 cum
583 1895 718 1930 Domino
734 1906 915 1939 possumus,
937 1895 1057 1929 favora-

312 1948 425 1982 biliter
449 1959 594 1982 annuere
618 1950 775 1989 volentes,
795 1960 933 1992 eumque
951 1960 969 1982 a
989 1950 1056 1992 qui·
1076 1975 1078 1983 ,

312 2002 422 2036 busvis
449 2003 804 2044 excommunicationis,
831 2003 1054 2046 suspensionis

313 2061 345 2089 et
368 2055 545 2096 interdicti,
571 2056 707 2099 aliisque
732 2056 959 2089 ecclesiasticis
980 2067 1054 2089 sen-

313 2109 430 2149 tentiis,
456 2109 600 2142 censuris
626 2115 658 2142 et
682 2109 806 2152 poenis,
825 2109 923 2142 aiure
947 2110 997 2142 vel
1015 2109 1053 2142 ab

312 2162 457 2204 homine,
475 2162 587 2206 quavis
605 2162 777 2196 occasione
793 2163 843 2196 vel
860 2164 958 2196 causa
970 2162 1052 2203 latis,

349 2243 358 2269 1
382 2243 423 2270 De
443 2242 618 2270 confessariis
646 2242 819 2278 regularibus
849 2242 882 2269 ab
909 2242 1053 2270 Ordinario

311 2287 496 2323 approbandis
515 2290 589 2314 extat
606 2287 758 2315 Innocentii
781 2287 828 2314 XII
854 2287 962 2314 constit.
987 2287 1051 2314 edit.

310 2338 461 2366 uncxcvm,
476 2332 548 2359 die6
568 2332 748 2367 septembris,
769 2331 866 2367 pontif.
887 2338 952 2364 vui;
978 2335 1005 2359 et
1024 2332 1052 2359 in

310 2376 462 2404 Innocentii
482 2376 539 2403 xm
558 2377 667 2403 constit.
697 2376 764 2403 edit.
785 2383 936 2408 uoccxxu,
957 2376 1000 2403 die
1019 2377 1052 2403 26

311 2421 429 2456 augusti,
448 2421 543 2456 pontif.
564 2427 594 2454 11,
614 2421 705 2456 agitur
720 2421 753 2448 de
771 2421 896 2456 ingressu
917 2421 1051 2457 parocho-

310 2472 372 2491 rum
390 2465 418 2491 in
437 2465 568 2491 ecelesias
586 2465 763 2500 regularium.

347 2509 363 2535 2
383 2508 456 2535 Edit.
476 2508 556 2536 Main.
578 2509 645 2544 legit
662 2513 768 2545 regant
786 2513 824 2543 (a.
840 2511 889 2543 Τ.)-

347 2552 363 2580 3
382 2552 455 2583 Quae
478 2553 638 2587 parenthesi
663 2553 828 2582 inclusimus
844 2575 851 2588 ‚
871 2554 988 2583 delenda
1012 2555 1050 2582 vi-

312 2597 412 2628 dentur
431 2597 468 2633 (a.
488 2597 536 2631 r.).
796 2596 800 2603 ¹

417 2650 497 2681 Buzl.
517 2650 603 2682 Rom.
623 2667 656 2672 —
681 2651 740 2683 Vol.
761 2652 839 2682 XXI.
982 2653 1016 2682 29

1078 664 1080 682 t

1102 243 1128 276 si
1143 243 1260 286 quibus
1277 243 1524 287 quomodolibet
1537 244 1712 277 innodatus
1728 245 1845 284 existit,

1103 296 1141 328 ad
1155 295 1303 329 effectum
1318 297 1541 340 praesentium
1559 297 1720 330 dumtaxat
1735 308 1846 332 conse-

1102 350 1276 392 quendum,
1294 350 1409 383 harum
1423 350 1507 383 serie
1523 351 1732 384 absolventes
1752 358 1782 384 et
1796 354 1846 385 ab·

1102 404 1241 436 solutum
1262 404 1330 437 I‘ore
1346 409 1527 443 censentes,
1548 404 1845 447 supplicationibus

1102 466 1213 489 eorum
1231 456 1239 473 ¹
1266 457 1399 490 nomine
1424 457 1622 500 nobissuper
1650 458 1712 491 hoe
1739 458 1847 491 humi-

1101 509 1175 543 liter
1192 510 1352 553 porrectis
1377 509 1533 550 inclinati,
1554 511 1592 544 de
1611 512 1846 544 nonnullorum

1102 574 1139 596 ex
1152 563 1393 596 venerabilibus
1409 563 1559 597 fratribus
1574 564 1694 596 nostris
1707 564 1739 597 S.
1756 564 1792 598 R.
1807 565 1842 597 E.

1078 645 1080 659 ἲ
1101 615 1320 648 cardinalibus
1346 615 1422 648 dicti
1441 616 1578 649 Concilii
1595 616 1775 649 Tridentini
1797 617 1846 650 in-

1102 668 1299 712 terpretibus
1332 679 1430 712 super
1459 669 1523 702 hoc
1548 669 1681 712 negotio
1708 681 1725 702 a
1750 670 1844 703 nobis

1101 722 1340 765 deputatorum,
1360 722 1414 765 qui
1436 722 1569 755 fratrum
1595 729 1626 755 et
1647 723 1844 756 clericorum

1100 786 1157 808 seu
1187 776 1451 819 presbyterorum
1483 776 1682 819 regularium
1714 777 1846 819 praedi-

1099 834 1226 861 ctorum
1251 834 1498 872 procuratorem
1523 829 1656 862 citatum
1688 836 1720 862 et
1744 829 1845 863 insor-

1099 886 1241 915 mantem
1277 892 1377 925 super
1412 882 1602 926 praemissis
1630 882 1841 922 audiverunt,

1099 934 1246 974 consilio,
1272 935 1321 967 ius
1347 934 1496 968 visitandi
1522 936 1691 977 regulares
1709 962 1716 976 ‚
1745 935 1778 968 in
1803 936 1843 968 iis

1098 997 1180 1030 quae
1199 992 1400 1020 concernunt
1414 997 1524 1020 curam
1543 988 1725 1020 animarum
1744 999 1780 1021 ac
1797 999 1845 1021 sa-

1098 1045 1340 1073 cramentorum
1361 1040 1688 1082 administrationem,
1717 1041 1844 1075 archie-

1098 1093 1234 1136 piscopo
1248 1093 1462 1126 Manilanensi
1478 1094 1615 1137 aliisque
1631 1094 1795 1137 episeopis
1809 1094 1842 1127 in

1098 1146 1212 1179 insulis
1238 1146 1433 1190 Philippinis
1467 1146 1681 1180 existentibus
1712 1157 1843 1190 compe-

1099 1203 1187 1238 tere,
1214 1209 1274 1232 nec
1301 1199 1431 1232 eosdem
1468 1200 1635 1242 regulares
1669 1199 1842 1243 parochias

1098 1263 1152 1285 seu
1180 1253 1355 1294 doctrinas,
1373 1254 1411 1286 de
1427 1253 1546 1296 quibus
1564 1253 1680 1295 agitur,
1697 1253 1756 1285 sub
1771 1263 1844 1286 cen-

1098 1317 1258 1346 surarum,
1285 1306 1470 1340 amissionis
1503 1307 1683 1347 bonorum,
1705 1307 1842 1350 aliisque

1097 1360 1278 1393 arbitrariis
1305 1361 1438 1403 poenis,
1462 1360 1624 1394 dimittere
1650 1371 1757 1404 posse,
1787 1371 1843 1393 au-

1097 1413 1246 1447 ctoritate
1268 1414 1458 1456 apostolica,
1480 1419 1591 1447 tenore
1610 1414 1840 1457 praesentium,

1098 1468 1304 1501 decernimus
1330 1472 1362 1501 et
1387 1468 1603 1501 declaramus.

1141 1521 1200 1565 5⁹2.
1217 1522 1440 1555 Decernentes
1456 1522 1590 1565 pariter,
1605 1523 1736 1555 easdem
1751 1533 1844 1566 prae-

1097 1580 1207 1608 sentes
1222 1574 1349 1608 litteras
1375 1585 1509 1618 semper
1526 1575 1644 1611 firmas.
1670 1576 1793 1609 validas
1811 1582 1844 1609 et

1098 1628 1246 1661 efficaces
1265 1629 1407 1661 existere
1426 1634 1458 1661 et
1475 1629 1557 1669 fore,
1573 1640 1716 1672 suosque
1735 1630 1843 1672 plena-

1098 1683 1163 1715 rios
1174 1683 1361 1725 etintegros
1373 1682 1508 1715 ell'ectus
1520 1682 1841 1723 sortirietobtinere,

1098 1746 1133 1768 ac
1158 1736 1235 1776 illis,
1251 1736 1291 1769 ad
1316 1747 1400 1780 quos
1425 1741 1552 1779 spectat
1569 1741 1601 1769 et
1616 1747 1677 1779 pro
1696 1742 1842 1779 tempore

1099 1789 1373 1834 quandocumque
1400 1789 1575 1833 spectabit,
1592 1789 1625 1822 in
1641 1790 1794 1822 omnibus
1812 1795 1843 1823 et

1098 1853 1157 1886 per
1181 1843 1291 1876 onmia
1315 1842 1508 1886 plenissime
1533 1842 1721 1885 suffragari,
1749 1847 1779 1875 et
1804 1843 1842 1875 ab

1099 1896 1144 1929 eis
1169 1896 1353 1940 respective
1379 1895 1617 1929 inviolabiliter
1649 1896 1840 1938 observari,

1097 1950 1211 1994 sicque
1242 1950 1275 1982 in
1312 1949 1500 1993 praemissis
1526 1960 1587 1992 per
1617 1958 1843 1993 quoscumque

1096 2002 1223 2036 iudices
1254 2003 1438 2036 ordinarios
1470 2007 1502 2035 et
1537 2003 1718 2045 delegatos,
1744 2003 1843 2036 etiam

1097 2066 1267 2089 causarum
1306 2055 1420 2099 palatii
1459 2054 1634 2098 apostolici
1667 2056 1843 2097 auditoreS,

1096 2110 1238 2143 iudicari
1265 2115 1297 2143 et
1321 2109 1449 2142 definiri
1475 2109 1618 2150 debere,
1655 2120 1690 2142 ac
1714 2109 1842 2143 irritum

1098 2167 1130 2196 et
1152 2162 1248 2195 inane
1275 2162 1302 2195 si
1327 2172 1422 2196 secus
1439 2173 1539 2206 super
1556 2162 1608 2195 his
1626 2173 1643 2196 a
1662 2173 1839 2206 quoquam,

1097 2215 1209 2260 quavis
1234 2216 1437 2255 auctoritate,
1461 2215 1604 2249 scienter
1619 2216 1671 2249 vel
1685 2215 1840 2258 ignoran-

1096 2275 1154 2311 ter,
1181 2269 1358 2311 contigerit
1381 2269 1546 2302 attentari.

1744 187 1808 220 ⁶225
1854 197 1902 224 An,
1925 196 1952 224 C.
1972 197 2040 225 1705

1881 1535 2002 1555 tttarreutae.

1138 2323 1153 2366 g
1177 2322 1208 2356 3.
1237 2322 1306 2355 Non
1336 2322 1542 2355 obstantibus
1571 2323 1768 2366 praemissis,
1803 2333 1839 2356 ae
1874 2332 2032 2357 Contrariorum

1094 2375 1386 2410 constitutionibus
1409 2380 1441 2408 et
1470 2375 1733 2409 ordinationibus
1762 2386 1839 2420 apo-

1094 2429 1226 2470 stolicis,
1252 2439 1402 2469 necnon,
1422 2434 1580 2472 quatenus
1605 2440 1686 2473 opus
1711 2429 1762 2470 sit,
1785 2429 1838 2463 Or-

1094 2484 1206 2517 dinum
1225 2487 1257 2516 et
1277 2481 1448 2516 Societatis
1469 2482 1703 2526 praefatorum,
1724 2483 1836 2516 aliisve

1093 2536 1269 2582 quibusvis,
1289 2535 1387 2570 etiam
1406 2535 1603 2577 iuramento,
1620 2536 1835 2571 confirmatio-

1129 2601 1140 2630 1
1161 2600 1276 2632 Videtur
1295 2598 1441 2637 legendum
1459 2599 1521 2630 eius
1539 2599 1578 2635 (a.
1598 2599 1648 2635 r.).

1851 2360 1966 2385 derogatio.
