2269 3203
92 229 140 256 An.
162 229 191 255 C.
210 227 278 256 ΠΜ

910 228 1049 250 ctcncxs

286 276 507 310 Gerundensis
521 277 700 315 obtinebat,
717 276 747 308 in
759 277 855 320 plena
871 280 901 308 et
917 276 1026 320 quieta
1047 282 1049 311 Ξ

286 330 493 374 supradictae
509 330 666 364 ecclcsiae
684 329 937 362 Tarraconensis
952 340 1027 373 pos-
1047 362 1049 377 1

287 384 431 417 sessione
458 384 669 427 reperiretur,
697 393 733 415 ac
758 393 892 415 munere
918 392 1027 415 conse·
1048 382 1049 406 ἶ

287 437 442 470 «strationis
461 437 521 469 rite
537 442 697 479 suscepto,
717 435 883 479 pallioque
903 435 1027 468 archic-
1048 465 1049 471 ,

288 489 456 533 piscopali,
475 491 562 533 quod
583 489 610 521 ei
638 489 718 521 tradi
745 488 957 528 inisset-amus,
979 499 1027 521 re-
1047 478 1049 501 ¹

288 548 394 587 cepto,
429 553 653 586 ‹piaeeunupie
684 553 759 574 suae
787 542 932 585 dignitati
974 539 1049 583 an-*j

287 607 368 630 nexa
396 597 502 629 numia
522 595 653 639 pacifice
677 598 854 638 exerceret)
882 596 1026 629 redditae
1048 591 1049 602 ³

289 650 316 683 ei
344 650 473 683 suerunt
510 649 639 682 litterae
673 660 689 681 a
727 648 829 681 laicali
870 640 1050 692 potestate*

289 704 416 736 illarum
442 703 582 746 partium
609 712 674 735 non
701 702 743 734 ita
774 702 912 745 pridem,
940 702 1028 735 vide-

289 757 365 789 lieet
391 756 441 789 dic
476 766 512 787 xv
550 755 731 789 decembris
768 755 843 788 anni
880 747 1050 803 proxime}

288 808 465 852 praeteriti,
484 809 699 851 conscriptae,
722 807 834 851 illique
862 820 921 852 per
946 819 1029 841 sum-
1048 812 1050 834 ἰ

287 872 369 895 mam
395 872 431 894 ac
456 872 537 905 pene
564 862 787 895 incredibilem
812 862 1028 895 temeritatem

289 922 452 959 tamquam
468 915 626 949 canonico
651 921 682 948 et
707 915 940 949 archidiacono
967 927 1028 949 ma-
1049 934 1050 961 3

287 968 349 1002 iori
375 968 477 1002 dictae
504 969 661 1002 ecclesiae
687 969 905 1002 Gerundensis
931 981 966 1002 ac
996 970 1026 1002 in
1049 1011 1050 1022 ἵ

287 1022 464 1065 praefatam
492 1022 661 1055 ecclesiam
687 1022 962 1055 Tarraconensem
982 1023 1029 1055 in-
1048 1025 1050 1051 i

289 1081 379 1108 truso
414 1075 571 1116 directae,
597 1076 713 1118 quihus
740 1076 899 1118 (perinde
933 1088 969 1109 ae
1002 1076 1027 1108 si

289 1128 348 1172 ipsi
376 1128 478 1161 laicali
507 1129 657 1172 potestati
693 1129 738 1161 sas
763 1129 875 1162 suisset
902 1130 1028 1163 archie-

290 1182 460 1225 piscopum
479 1183 518 1214 ab
534 1182 594 1214 hae
611 1182 726 1215 Sancta
743 1182 825 1215 Sede
842 1183 1028 1216 institutum

289 1235 422 1278 impune
449 1234 642 1273 destituere,
677 1245 711 1267 ac
748 1234 864 1268 Christi
902 1236 1026 1269 Domini

289 1286 458 1320 indelebili
487 1287 677 1320 charactere
710 1298 726 1320 a
759 1287 879 1331 Spiritu
910 1289 1027 1322 Sancto

287 1340 487 1384 insignitum,
511 1340 670 1374 arbitratu
705 1352 763 1374 suo
794 1343 1027 1387 exanthorare)

288 1395 377 1428 nulla
403 1405 468 1428 non
494 1394 602 1428 minus
627 1406 724 1439 quam
744 1395 863 1429 iniusta
885 1397 1028 1440 provisio
1050 1418 1051 1421 =

289 1448 393 1481 dictae
420 1447 578 1481 ecclesiae
603 1448 855 1482 Tarraconensis
882 1450 921 1483 de
941 1450 1028 1484 illius

288 1504 427 1546 persona
452 1512 468 1535 a
501 1501 597 1535 nobis
623 1502 705 1536 faeta
737 1503 951 1547 impudenter
981 1515 1029 1537 as-

288 1555 470 1596 serebatur,
491 1555 586 1599 eique
606 1556 881 1600 praecipiebatur,
900 1563 944 1598 ut,
962 1568 1027 1591 non

289 1608 384 1642 modo
410 1619 426 1642 e
452 1611 509 1642 sua
534 1608 674 1650 civitate,
702 1610 758 1643 sed
785 1610 882 1643 etiam
909 1611 1052 1644 abuni-¹

289 1664 383 1696 versa
403 1662 543 1697 dioecesi
561 1673 597 1696 ac
616 1663 780 1707 provincia
797 1664 1028 1698 Tarraconensi

289 1716 375 1750 illico
401 1716 522 1758 exiret,
564 1727 623 1750 nec
659 1717 792 1750 interim
818 1719 1027 1762 quempiam,

289 1770 343 1814 qui
368 1769 416 1803 sui
443 1770 603 1804 exulantis
629 1771 701 1804 loco
726 1771 811 1804 vices
837 1782 910 1805 suas
948 1772 1029 1805 inibi

288 1824 466 1868 suppleret,
493 1824 719 1868 ecclesiaeque
746 1824 785 1857 ab
811 1836 849 1858 eo
876 1826 1030 1859 deseren-

289 1878 348 1911 dae
373 1877 647 1921 gubernationem
686 1879 879 1922 susciperet,
914 1880 1030 1913 subro-

289 1941 363 1974 gare
389 1936 443 1964 aut
467 1932 668 1966 constituere
694 1938 930 1976 praesumeret,
949 1933 1031 1966 itaut

289 1983 410 2017 nemini
447 1985 486 2017 ab
525 1984 596 2028 ipso
634 1986 701 2018 sive
740 1991 812 2019 ante
853 1986 917 2019 sive
957 1992 1031 2030 post

289 2048 377 2071 suam
403 2038 629 2081 expulsionem
662 2039 819 2083 deputato
850 2041 897 2073 vel
932 2040 1031 2083 depu-

1710 220 1772 254 607

1071 275 1148 307 sicut
1176 275 1406 318 praemittitur,
1433 276 1618 318 scripserat,
1653 278 1810 310 certiores

1071 329 1172 361 facere
1199 338 1262 361 nou
1290 328 1430 369 erubuit,
1459 328 1504 361 cis
1542 329 1676 373 insuper
1708 330 1811 363 iniun-

1070 382 1177 425 gendo
1203 392 1241 413 ne
1270 381 1357 414 illum
1390 383 1420 414 in
1454 382 1740 426 archiepiscopum
1767 385 1812 416 ul*

1071 435 1198 467 latcnus
1237 441 1474 477 agnoscerent,
1509 446 1563 467 seu
1602 436 1810 479 reciperent,

1070 488 1214 531 quinimo
1242 488 1364 521 iuribus
1390 488 1449 521 sibi
1477 489 1740 532 competentibus
1768 490 1811 521 uti

1071 541 1251 581 deberent,
1278 542 1396 585 quihus
1423 541 1547 582 verbis,
1573 545 1693 575 attenta
1720 553 1813 585 prae-

1070 595 1182 627 sertim
1209 595 1515 628 seeundodictarum
1549 595 1731 629 litterarum
1765 597 1812 629 in-

1071 647 1247 691 scriptione
1274 648 1438 690 praefata,
1473 648 1549 680 satis
1586 659 1748 693 superque
1775 661 1811 682 ea

1072 700 1205 739 militia,
1234 711 1315 744 quae
1343 712 1358 732 a
1384 701 1620 734 cathedralium
1660 702 1812 735 ecclesia-

1072 763 1141 785 rum
1168 752 1339 796 eapitulis,
1370 752 1496 785 illarum
1524 754 1601 786 sede
1628 754 1809 798 episcopali

1073 811 1216 846 vacante,
1242 806 1353 849 peragi
1380 812 1474 850 atque
1501 807 1644 839 exerceri
1679 814 1813 851 possunt

1071 865 1126 892 aut
1151 859 1283 899 debent,
1311 859 1450 891 indicata
1477 860 1575 892 fuisse
1610 865 1812 904 compertum

1072 916 1135 953 est;
1164 912 1295 945 interim
1337 923 1411 946 vero
1449 923 1564 945 omncs
1601 919 1632 946 et
1667 913 1812 957 singulos

1076 228 1105 249 >it
1132 227 1179 251 ΓΡ,

1049 976 1202 1010 ;mensae
1235 965 1525 1009 archiepiscopalis
1561 967 1813 999 Tarraconensis

1073 1020 1203 1059 fructus,
1231 1020 1377 1053 redditus
1415 1026 1446 1052 et
1476 1025 1653 1063 proventus
1685 1021 1812 1063 exigere

1072 1083 1107 1105 ae
1133 1073 1300 1115 colligere,
1328 1074 1468 1117 illosque
1495 1076 1559 1105 tuta
1586 1079 1617 1106 et
1642 1073 1729 1107 fideli
1752 1075 1812 1106 suh

1073 1127 1230 1167 custodia,
1257 1133 1352 1170 atque
1374 1128 1410 1160 ad
1432 1127 1567 1160 sormam
1590 1127 1729 1171 depositi
1750 1138 1813 1160 scr-

1073 1191 1145 1213 vare
1174 1186 1378 1213 tenerentur:
1406 1186 1437 1213 ct
1462 1180 1548 1220 alias,
1568 1187 1665 1225 prout.
1691 1182 1721 1214 iu
1748 1194 1811 1215 am*

1050 1257 1051 1260 ¹
1073 1233 1172 1265 habas
1198 1233 1314 1266 litteris
1340 1234 1532 1277 praedietis,
1560 1245 1694 1278 (piarum
1722 1240 1814 1267 teno-

1049 1298 1139 1326 res,
1174 1298 1239 1320 non
1273 1288 1335 1320 alio
1371 1298 1464 1331 quam
1502 1288 1576 1321 illos
1614 1289 1743 1332 penitus
1783 1294 1815 1321 et.

1072 1341 1204 1374 omnino
1230 1342 1426 1384 reprobandi
1446 1353 1483 1375 ac
1502 1342 1675 1375 damnandi
1695 1343 1812 1383 animo,

1072 1394 1302 1437 praesentibus
1338 1405 1398 1438 pro
1436 1396 1532 1439 plene
1559 1402 1590 1429 et
1615 1395 1814 1429 sufficienter

1072 1447 1235 1491 expressis
1274 1455 1304 1481 et
1343 1449 1473 1482 insertis
1510 1449 1621 1482 haberi
1657 1451 1815 1489 volumus,

1073 1503 1201 1546 plenius
1241 1502 1441 1536 continetur.
1480 1503 1674 1537 Huiusmodi
1715 1514 1814 1547 porro

1073 1556 1200 1596 litteris,
1217 1562 1279 1589 tam
1298 1556 1421 1590 Isidoro
1440 1557 1700 1601 archiepiscopo,
1719 1569 1814 1601 quani

1073 1610 1216 1654 capitulo
1232 1617 1261 1643 et
1281 1611 1446 1643 canonicis
1465 1610 1667 1654 supradictis,
1683 1611 1814 1655 publice

1073 1663 1295 1707 praesentatis,
1323 1663 1410 1697 idem
1436 1664 1577 1697 Isidorus
1596 1665 1815 1708 archiepisco-

1074 1728 1146 1761 pus,
1175 1724 1208 1750 ut
1233 1717 1402 1761 graviores
1427 1717 1488 1750 sibi
1515 1724 1546 1751 et
1573 1718 1729 1751 ecclesiae
1757 1719 1815 1752 im-

1073 1771 1236 1804 minentes
1263 1770 1396 1803 iniurias
1419 1770 1588 1814 effugeret,
1610 1772 1814 1805 commissum

1074 1824 1133 1857 sihi
1161 1835 1293 1868 gregem
1320 1824 1477 1865 deseruit,
1504 1835 1563 1857 nce
1588 1826 1693 1858 solum
1719 1836 1735 1858 a
1772 1825 1814 1858 ci-

1075 1879 1180 1919 vitate,
1208 1879 1264 1912 sed
1291 1879 1387 1912 etiam
1413 1891 1429 1912 a
1456 1879 1597 1912 dioecesi
1623 1889 1658 1912 ac
1682 1879 1814 1923 provin-

1074 1931 1120 1964 cia
1146 1932 1379 1966 Tarraconensi
1406 1932 1560 1976 praefatis
1586 1932 1814 1966 incunctanter

1074 1985 1236 2019 discessit.

1819 230 1867 256 An.
1889 228 1916 256 C.
1935 229 2003 257 1714

1118 2040 1132 2082 ξ
1158 2038 1189 2071 2.
1216 2038 1294 2071 Cum
1321 2044 1426 2072 autem
1452 2039 1638 2082 praemissa,
1664 2039 1703 2072 ad
1731 2047 2010 2099 quacperpemaiitiam-

1074 2092 1187 2126 eadem
1213 2091 1335 2125 laicalis
1360 2096 1512 2136 potestas,
1527 2103 1593 2126 non
1619 2092 1725 2126 minus
1747 2104 2010 2137 nm-qtmesemnpv..

1825 2128 1869 2147 solo
1905 2130 2010 2155 aretium*

1074 2148 1181 2181 lorum
1219 2153 1250 2180 et
1286 2147 1501 2181 calamitatum
1521 2174 1528 2188 ‚
1557 2147 1672 2191 quibus
1709 2147 1813 2181 divina
1825 2161 1889 2180 suoru
1907 2156 2010 2178 inruat-0-

290 2092 385 2126 tando
411 2092 668 2126 iurisdictionem
687 2094 939 2127 ecclesiasticam
959 2094 1029 2127 eius

291 2145 421 2179 nomine
452 2156 604 2180 exercere
638 2147 799 2180 ullatenus
834 2147 1030 2191 permissum

1826 2189 1892 2204 [tensi.

292 2205 386 2232 esset.
412 2199 533 2232 Eodem
559 2200 660 2233 ferme
688 2206 845 2243 tempore,
872 2210 930 2234 nec
951 2211 1029 2234 sane

293 2250 397 2285 minus
423 2258 558 2294 temere,
588 2253 710 2286 laicalis
737 2253 851 2286 eadem
888 2259 1030 2298 potestas

293 2314 350 2346 per
375 2305 452 2338 alias
478 2317 552 2339 suas
578 2306 702 2340 litteras
728 2307 779 2340 die
806 2313 837 2340 et
862 2318 947 2341 anno
977 2319 1029 2341 su-

294 2357 445 2399 pradictis
470 2359 567 2400 datas,
593 2370 640 2401 ac,
668 2361 753 2404 quod
786 2361 882 2404 plane
916 2360 1031 2395 intole-

294 2409 428 2442 randum
442 2418 501 2452 est,
521 2413 643 2446 decano
664 2419 693 2447 et
714 2414 857 2458 capitulo
875 2415 1031 2450 eeclesiae

293 2462 540 2498 Tarraconensis
573 2466 643 2499 sede
673 2472 807 2501 vacante
844 2467 1029 2512 inscriptas,

294 2516 428 2549 dilectos
453 2517 536 2550 filios
574 2519 750 2562 capitulum
788 2527 820 2554 et
856 2522 1054 2555 canonicos

293 2569 449 2603 eeclesiae
486 2570 670 2605 huiusmodi
708 2573 747 2606 de
785 2574 823 2607 iis
865 2575 1054 2615 omnibns„

294 2634 374 2669 quae
401 2629 579 2657 memorato
613 2625 735 2659 Isidoro
762 2628 1028 2673 archiepiscopo,

1073 2199 1196 2232 iustitia
1212 2199 1411 2233 execrabiles
1430 2201 1587 2234 eiusmodi
1606 2210 1700 2233 ausus
1717 2211 1815 2245 saepe

1074 2253 1169 2287 etiam
1198 2254 1229 2286 in
1258 2254 1320 2286 hoe
1346 2254 1475 2287 saeculo
1500 2253 1614 2287 ulcisci
1644 2255 1741 2295 solet,
1764 2265 1817 2298 pe-

1074 2308 1161 2340 nitus
1197 2308 1386 2347 immemor,
1414 2317 1510 2350 quam
1546 2317 1755 2340 censurarum
1785 2318 1818 2341 o·

1074 2361 1197 2394 mnium
1209 2370 1244 2393 ae
1257 2370 1434 2404 poenarum
1443 2361 1750 2402 ecclesiasticarum,
1759 2372 1818 2404 per

1075 2425 1182 2448 saeros
1203 2424 1354 2455 canones,
1376 2414 1589 2448 conciliorum
1612 2414 1815 2458 generalium

1075 2468 1215 2508 decreta,
1231 2473 1263 2501 et
1282 2467 1481 2511 apostolicas
1499 2468 1750 2501 constitutiones
1762 2468 1817 2501 ad·

1075 2532 1187 2554 versus
1213 2521 1329 2555 similia
1364 2527 1601 2565 perpetrantes
1637 2531 1816 2564 eorumque

1075 2575 1303 2614 adhaerentes,
1342 2576 1502 2613 l'autoreS.
1545 2575 1749 2608 consultores
1786 2579 1817 2607 et

1076 2629 1278 2669 det'ensortzs,
1312 2638 1518 2672 quocumque
1546 2629 1675 2661 tandem
1713 2627 1816 2670 gradu
