2269 3203
77 234 127 262 Αῃ.
142 233 170 261 C.
195 232 262 260 1708

312 280 365 314 m’s
380 279 565 324 Hispaniae
588 277 626 312 de
650 287 737 317 casu,
765 284 828 320 quo
849 274 1011 308 decederet

313 334 456 368 vicarius
471 331 636 378 yeneralis
655 330 761 365 dictae
783 329 1012 373 Conqreyatio-

314 387 399 422 πίει.

489 477 622 504 Clemens
645 475 724 509 Papa
744 475 792 507 XI,

413 522 449 550 ad
469 522 602 549 futuram
621 520 666 547 rei
688 519 869 548 memoriam.

79 611 263 666 minnii'i'i‘}
318 601 333 645 5
354 601 380 634 l.
403 600 527 644 Exponi
548 600 642 634 nobis
659 609 764 643 nuper
785 598 861 631 fecit
877 597 1013 630 dilectus

120 648 131 661 ι)
144 647 156 660 ’Δ
223 648 225 650 “

84 667 257 696 congregamur<
275 653 360 688 filius
378 653 555 687 modernus
574 657 766 696 procurator
779 650 942 694 generalis
958 650 1015 683 sra-

79 693 358 750 {52⁰f⁶i.{r‹1112⁴¹¹2'n³.trum
380 707 589 741 eremitarum
615 706 863 739 recollectorum
896 703 1016 736 Diseal-

79 748 191 795 mgni-a
229 746 442 794 de'ceatorum
467 765 727 804 nuncupatorum
745 756 1015 801 Congregationis

275 814 466 858 llispanicae
480 813 609 847 Ordinis
624 813 724 846 sancti
737 812 917 855 Augostini‚
928 810 1016 854 quod

275 868 308 901 in
333 867 474 911 capitulo
500 866 643 910 generali
670 867 773 900 dictae
791 864 1019 908 Congregatio-

275 921 324 954 nis
349 922 381 954 in
406 921 529 965 oppido
548 921 675 954 civitate
698 925 883 964 nuncupato
901 919 1017 961 norgia

276 975 308 1008 iu
334 985 435 1018 regno
460 974 641 1017 Aragoniae
672 975 723 1007 die
748 985 784 1008 xx
802 973 877 1006 maii
897 982 1018 1007 MDCCVI

277 1028 454 1068 celebrato,
468 1028 554 1061 inter
570 1029 642 1067 alia,
656 1028 737 1061 duae
753 1032 928 1071 sequentes
942 1036 1020 1060 eon-

277 1083 462 1116 stitutiones
486 1093 560 1126 pag.
588 1082 648 1115 171
678 1082 784 1116 editae
811 1082 948 1121 fuerunt,
975 1080 1020 1113 vi-

279 1135 414 1169 delicet:

110 1227 140 1248 ne
162 1201 267 1248 ‘humi'
297 1208 316 1227 1.
333 1199 419 1233 Quod
432 1199 582 1236 magistris
593 1199 740 1236 primariis
748 1198 924 1227 novitiorum
933 1197 1021 1226 trium

82 1242 216 1276 notitioruni.
278 1247 431 1277 domorum
440 1248 630 1285 regularium,
639 1257 745 1286 nempe
753 1247 943 1283 Matritensis,
950 1246 1021 1275 Cae-

277 1298 512 1334 saraugustanae
528 1299 556 1325 et
572 1296 766 1334 Hispalensis⁷
779 1296 899 1324 attentis
922 1304 1022 1324 eorum

277 1345 436 1382 laboribus,
449 1345 494 1374 ius
516 1345 629 1374 ferendi
651 1344 824 1383 suffragium
846 1345 906 1373 sive
922 1347 1022 1373 votum

279 1394 308 1423 in
325 1394 462 1433 capitulis
475 1394 706 1433 provincialibus
721 1402 841 1422 suarum
857 1393 1022 1432 provincia-

280 1453 344 1472 rum
367 1446 524 1482 competat,
547 1445 582 1472 ea
604 1446 705 1472 tamen
726 1444 793 1481 lege
815 1446 847 1472 ut
865 1443 935 1472 dicti
961 1452 1023 1471 ma-

281 1493 365 1529 gistri
385 1492 566 1522 novitiorum
589 1493 625 1521 ab
645 1492 817 1520 immediata
831 1492 963 1530 priorum
978 1492 1022 1520 iu-

281 1541 452 1570 risdictione
475 1541 604 1579 exempti
618 1541 741 1570 minime
755 1541 822 1577 sint,
838 1543 868 1569 et
883 1541 912 1569 in
929 1541 1022 1569 omni-

282 1590 336 1617 bus
357 1592 387 1618 et
408 1599 460 1627 per
481 1590 580 1618 omnia
607 1589 711 1618 iisdem
733 1589 879 1627 prioribus
900 1589 1023 1618 subiecti

282 1641 465 1674 remaneant,
481 1638 729 1676 quemadmodum
746 1639 795 1666 alii
810 1638 940 1675 religiosi
958 1639 1024 1667 sub-

283 1687 336 1716 diti
358 1687 529 1716 immediate
549 1687 606 1716 illis
628 1687 751 1716 subiecti
773 1687 974 1725 reperiuntur,
997 1689 1025 1715 et

283 1735 360 1773 quod
380 1736 412 1764 in
434 1738 581 1773 posterum
607 1736 628 1764 ii
650 1736 800 1773 religiosi,
824 1736 873 1773 qui
893 1735 1025 1774 priorum

283 1785 408 1813 alieuius
429 1785 544 1821 domus,
566 1784 626 1813 sive
648 1784 749 1822 magni
772 1786 946 1820 conventus,
964 1784 1026 1812 sive

284 1833 443 1862 definitorii
465 1833 694 1872 provinciarum,
712 1843 764 1862 seu
784 1833 902 1861 lectoris
924 1841 1026 1861 sacrae

284 1879 453 1918 theologiae
474 1880 643 1908 muneribus
664 1880 756 1908 functi
772 1879 890 1916 fuerint7
913 1879 943 1907 in
965 1888 1026 1907 ma-

286 1928 394 1967 gistros
415 1928 595 1957 novitiorum
617 1928 782 1965 eligantur3

176 1985 196 2006 9.
326 1987 356 2006 11.
379 1978 424 2006 Ac
445 1977 566 2015 insuper
583 1977 612 2005 in
635 1977 792 2015 praedietis
815 1976 1028 2005 constitutioni-

119 2012 150 2033 De
165 2017 223 2035 canu,
235 2017 276 2038 quo
451 2027 466 2035 ,.
708 2025 712 2029 -

93 2026 341 2067 vaurstvam-bus
362 2026 413 2054 fol.
431 2027 487 2054 113
509 2028 650 2054 statutum
672 2025 728 2054 fuit
749 2026 845 2063 quood
868 2025 1029 2054 decedente

94 2068 127 2087 ⁸¹¹¹
143 2066 255 2092 ⁸⁹¹¹²³¹³¹¹³'
287 2075 398 2104 vicario
416 2075 550 2113 generali
577 2075 747 2113 praedictae
773 2074 1029 2112 Congregationis,

287 2124 348 2153 sive
363 2125 548 2161 naturaliter,
564 2125 627 2152 sive
641 2124 776 2160 civiliter,
792 2124 822 2151 in
844 2123 905 2151 eius
920 2123 1027 2160 guber-

288 2174 337 2202 nio
359 2183 412 2211 pro
434 2176 567 2211 tempore
588 2173 719 2201 existens
740 2172 819 2210 prior
839 2172 1029 2209 provincialis

288 2221 470 2260 provinciae,
489 2222 572 2250 euius
595 2224 638 2250 est
659 2221 747 2258 filius,
769 2230 861 2258 usque
883 2220 921 2248 ad
950 2229 1029 2248 com·

289 2271 472 2308 plementum
503 2270 638 2299 sexennii
666 2270 823 2307 succedat,
846 2269 883 2298 ad
914 2269 969 2297 hoc
999 2273 1030 2297 ut

290 2328 391 2349 omnes
412 2319 580 2358 provinciae
607 2319 759 2356 dignitatis
780 2318 891 2347 honore
913 2327 964 2356 per
985 2317 1029 2346 di-

290 2370 368 2397 ctum
385 2368 561 2398 sexennium
584 2368 746 2406 aequaliter
768 2367 825 2395 frui
847 2367 974 2404 valeant,
996 2375 1030 2395 ac

328 2459 339 2485 1
361 2459 451 2486 Const.
472 2459 516 2487 ed.
538 2466 650 2492 nucctv,
671 2459 714 2486 die
735 2459 767 2486 13
791 2458 937 2493 februarii,
961 2467 1030 2493 pon-

293 2503 333 2530 tit'.
349 2511 386 2537 iv,
407 2504 542 2531 declarata
566 2505 641 2532 fuere
660 2504 801 2540 privilegia
824 2504 1031 2539 provincialium

293 2547 491 2580 absolutorum3
503 2548 675 2576 etBenedicti
690 2548 745 2576 xnt
761 2553 848 2577 const.
864 2549 907 2575 ed.
924 2556 1031 2576 aincxxx

294 2592 337 2619 die
359 2592 391 2619 14
405 2591 546 2625 februarii,
562 2592 656 2627 pontif.
672 2600 698 2628 V,
713 2593 854 2621 reducitur
873 2593 1032 2622 alternatim

294 2645 343 2674 pro
362 2637 495 2665 electione
516 2636 608 2666 vicarii
625 2638 766 2673 generalis.

896 224 1036 250 CLEMENS
1061 223 1094 248 XI
1118 224 1168 247 111‘.

1693 210 1757 244 ,⁶315
1804 218 1901 246 amc.
1923 217 1990 246 ¹708

1054 273 1153 302 officia
1178 270 1332 310 generalia
1360 270 1559 310 pariformiter
1581 270 1699 298 nonnisi
1731 273 1797 308 post

1054 321 1213 350 triennium
1241 322 1371 355 cessent,
1394 328 1508 348 necnon
1539 328 1686 357 expensae
1714 327 1798 347 occa-

1054 370 1135 398 sione
1158 369 1353 407 capitulorum
1369 367 1525 396 faciendae
1544 367 1707 398 evitentur:
1730 376 1799 395 casu

1055 427 1123 446 vero
1145 427 1203 455 quo
1228 417 1363 446 eumdem
1385 417 1511 454 priorem
1534 415 1746 454 provincialem
1769 416 1798 443 in

1055 465 1197 503 praedicti
1220 465 1322 493 vicarii
1345 464 1494 501 generalis
1516 463 1614 491 officio
1640 462 1800 490 succedere

1056 512 1227 548 contingat,
1249 512 1379 540 officium
1401 510 1507 548 prioris
1535 509 1723 547 provincialis
1745 508 1800 536 hu-

1056 559 1181 587 iusmodi
1196 561 1292 595 vacet,
1308 561 1337 587 et
1349 558 1387 593 id,
1402 557 1481 594 quod
1496 557 1525 584 in
1542 555 1800 584 constitutionibus

1056 614 1144 643 super
1165 605 1375 643 praecedent-iit
1397 603 1519 632 rectoris
1541 601 1734 640 provincialis
1757 602 1801 630 di-

1057 652 1200 690 spositum
1223 651 1377 689 reperitur⁷
1394 649 1601 688 adimpleatur.

1103 709 1117 751 ᾖ
1142 708 1174 741 2.
1200 707 1277 741 Cum
1301 713 1423 747 autem,
1451 706 1534 740 sieut
1566 705 1679 739 cadem
1705 715 1800 748 expo·
1861 714 1995 735 Confirmatio

1059 762 1133 795 sitio
1174 760 1410 804 subiungebat,
1439 759 1614 803 capitulum
1647 743 1899 800 g01101·atei⁰02¹}'„3{¹1¹.
1915 746 1995 762 “mmm

1060 816 1264 860 praedictum
1291 813 1570 848 confirmationem
1596 813 1801 846 decretorum

1061 880 1118 903 seu
1144 874 1339 902 statutorum
1361 867 1559 906 huiusmodi,
1579 876 1637 910 pro
1662 864 1800 898 iirmiori

1062 924 1194 957 illorum
1215 921 1426 955 subsistentia
1448 925 1479 954 et
1505 919 1745 959 observatione,
1762 918 1801 950 ab

1063 977 1124 1009 hac
1147 976 1263 1010 Sancta
1287 975 1369 1008 Sede
1395 973 1562 1017 impetrari
1582 972 1803 1006 mandaverit:

1063 1030 1157 1064 nobis
1172 1034 1346 1073 propterea
1361 1028 1525 1072 praefatus
1543 1031 1738 1070 procurator
1752 1035 1805 1068 ge-

1064 1084 1184 1117 neralis
1202 1089 1265 1116 tam
1280 1093 1336 1115 suo
1351 1092 1447 1125 quam
1462 1081 1565 1114 dictae
1575 1080 1806 1122 Congregatio-

1065 1137 1114 1171 nis
1132 1136 1267 1170 nomine
1286 1135 1452 1168 humiliter
1473 1132 1648 1177 supplicari
1672 1132 1748 1165 fecit
1771 1137 1806 1164 ut

1065 1191 1097 1224 in
1118 1189 1303 1234 praemissis
1320 1193 1505 1232 opportune
1527 1186 1698 1230 providere
1717 1191 1749 1218 et
1773 1187 1807 1218 ut

1065 1244 1148 1277 infra
1169 1243 1341 1285 indulgere
1357 1241 1394 1274 de
1409 1239 1609 1282 benignitate
1625 1237 1807 1282 apostolica

1066 1297 1286 1340 dignaremur.
1319 1293 1381 1328 Nos
1404 1293 1511 1336 igitur,
1531 1292 1635 1336 ipsum
1654 1301 1807 1335 procura-

1067 1356 1168 1385 torem
1179 1349 1365 1393 generalem
1384 1347 1582 1392 specialibus
1595 1346 1760 1379 savoribus
1776 1349 1807 1378 et

1066 1404 1177 1448 gratiis
1203 1402 1357 1447 prosequi
1383 1403 1540 1442 volentes,
1557 1406 1589 1434 ct
1607 1412 1624 1433 a
1643 1399 1809 1443 quibusvis

1066 1455 1428 1496 excommunicationis,
1454 1453 1679 1498 suspensionis
1706 1459 1737 1487 et
1761 1454 1809 1486 in-

1069 1511 1211 1551 terdicti,
1228 1510 1365 1553 aliisque
1377 1508 1606 1542 ecclesiasticis
1624 1507 1808 1548 sententiis,

1066 1564 1212 1599 censuris
1232 1570 1263 1597 et
1277 1563 1403 1607 poenis,
1422 1574 1439 1595 a
1453 1563 1523 1595 iure
1540 1563 1590 1595 vel
1608 1563 1646 1594 ab
1665 1561 1808 1601 homine,

1067 1619 1179 1662 quavis
1193 1617 1427 1651 occasionevel
1446 1616 1635 1655 causalatis,
1647 1615 1672 1648 si
1691 1615 1809 1658 quibus

1068 1671 1313 1716 quomodolibet
1337 1670 1511 1703 innodatus
1537 1669 1654 1708 existit,
1677 1669 1714 1702 ad
1735 1667 1811 1701 effe-

1069 1732 1154 1759 ctum
1180 1724 1403 1768 praesen-tium
1423 1724 1588 1756 dumtaxat
1606 1733 1812 1766 consequen-

1070 1779 1160 1819 dum,
1176 1779 1292 1811 harum
1311 1777 1394 1811 serie
1412 1777 1620 1810 absolventes
1639 1782 1670 1809 et
1683 1776 1811 1809 absolu-

1072 1838 1135 1865 tum
1155 1832 1223 1865 sore
1242 1830 1626 1871 censentes,huiusmodi
1642 1829 1810 1873 supplica-

1072 1886 1214 1918 tionibus
1236 1884 1398 1925 inclinati,
1429 1884 1468 1916 dc
1496 1883 1731 1917 venerabilium
1750 1883 1812 1917 sra-

1072 1946 1157 1972 trum
1169 1944 1354 1972 nostrorum
1364 1938 1477 1971 §.nn
1490 1937 1699 1970 cardinalium
1712 1948 1812 1981 nego-

1073 1993 1124 2025 tiis
1152 1997 1183 2025 et
1209 1991 1505 2025 consultationibus
1531 1991 1762 2035 episcoporum
1782 1998 1813 2024 et

1072 2046 1270 2089 regularium
1298 2045 1558 2088 praepositorum
1585 2044 1665 2088 (qui,
1687 2048 1812 2078 attenta

1072 2099 1234 2132 relatione
1261 2098 1372 2132 dilecti
1399 2097 1455 2131 filii
1483 2098 1589 2131 nostri
1607 2098 1739 2142 loseplii
1757 2098 1813 2132 Re·

1072 2152 1136 2185 nati
1163 2152 1310 2185 eiusdem
1335 2151 1366 2184 S.
1394 2151 1431 2184 R.
1459 2151 1493 2184 Ε.
1514 2150 1687 2185 cardinalis
1713 2151 1816 2195 impe-

1073 2206 1160 2239 rialis
1185 2204 1376 2248 nuncupati,
1404 2204 1477 2238 dieti
1504 2204 1633 2238 Ordinis
1651 2205 1736 2248 apud
1754 2215 1814 2238 nos

1072 2265 1104 2293 et
1128 2259 1243 2292 Sedem
1268 2257 1487 2301 Apostolicam
1515 2258 1725 2301 protectoris,
1754 2258 1815 2291 eis-

1073 2313 1145 2345 dem
1170 2311 1390 2344 cardinalibus
1417 2311 1512 2351 sacta,
1539 2312 1646 2354 quoad
1672 2311 1813 2354 primum

1074 2366 1242 2398 decretum
1263 2364 1497 2397 resolutionem
1516 2364 1727 2407 distulerunt)
1744 2375 1815 2397 con-

1073 2419 1157 2459 silio,
1179 2417 1449 2451 secundodictuin
1476 2418 1642 2451 decretum
1665 2428 1722 2450 seu
1753 2423 1815 2450 sta-

1074 2477 1177 2505 tutum
1213 2471 1342 2515 capituli
1384 2471 1546 2514 generalis
1584 2471 1689 2504 dictae
1725 2470 1811 2504 Con-

1075 2525 1277 2568 gregalionis
1303 2524 1491 2568 Hispaniae,
1523 2524 1720 2557 auctoritate
1738 2533 1816 2566 apo-

1075 2577 1203 2617 stolica,
1230 2582 1346 2610 tenore
1375 2577 1620 2620 praesentium,
1643 2575 1815 2609 confirma-

1076 2640 1146 2663 mus
1175 2634 1207 2664 et
1231 2630 1464 2673 approbamus,
1491 2628 1817 2672 illiqucinviolabilis
