2269 3203
79 245 130 270 An.
148 244 176 269 (Σ.
201 242 267 269 1712

885 237 1024 259 *QLlssXll-‘th

270 290 345 334 legii
386 290 606 334 praefatorum
648 287 790 322 faciliore
832 284 1009 317 commodi-

272 343 350 377 tate¹
369 348 398 376 et
416 342 624 387 prosperiore
642 338 808 383 gubernio,
828 337 987 380 regimine
999 335 1009 352 ⁹

271 403 303 430 et
327 395 606 429 administratione
633 404 668 426 ac
692 392 888 430 directione,
916 399 1010 432 expe—

272 450 363 483 diens
397 450 481 483 foret
513 447 685 490 collegium
718 444 833 488 (quod
867 449 940 476 tunc
979 442 1008 474 in

272 504 302 536 S.
331 501 511 540 Eustachii,
537 511 573 533 ac
598 499 728 532 domum
761 508 815 530 seu
850 495 1009 538 hospitale

274 555 482 594 huiusmodi,
509 563 591 597 quae
616 563 672 585 scu
699 551 786 594 quod
816 549 910 583 etiam
937 553 1011 580 tunc.

273 608 304 641 in
341 608 485 652 praefata
510 605 690 648 Campitelli
717 604 851 646 regione
884 600 1011 645 praedi-

274 667 342 694 ctae
369 660 461 693 Urbis
486 659 677 702 respective,
704 663 800 700 atque
827 667 843 688 a
869 654 1011 698 praefata

274 711 411 745 ecclesia
440 709 584 743 eiusdem
623 709 656 741 B.
684 707 801 740 Mariae
836 706 867 738 in
899 705 1012 738 Monti-

274 765 334 796 bus
356 773 420 796 nou
438 759 552 806 parum
578 761 730 794 distantia
755 760 815 792 sita
834 758 945 800 crant)
973 757 1011 789 ad

273 826 372 848 unum
409 816 512 848 locum
549 813 655 846 eidem
694 812 849 846 ecclesiae
884 812 919 843 B.
951 810 1013 842 Ma-

272 867 339 901 riae
358 867 389 900 in
408 867 566 900 Montibus
584 865 771 907 contiguum
797 874 852 896 seu
874 861 1012 895 vicinum

274 920 450 953 transferre
478 920 581 962 (nam,
607 919 769 951 mediante
802 915 1012 949 translatione

273 973 472 1011 huiusmodi,
499 971 647 1015 expensis
673 972 704 1004 in
731 971 930 1004 diversorum
956 970 1014 1002 mi-

273 1027 469 1066 nistrorum,
496 1037 556 1069 pro
586 1025 716 1058 illorum
746 1024 784 1056 ad
819 1023 954 1056 invicem
980 1027 1014 1054 ut

273 1080 455 1123 praefertur
473 1084 697 1121 separatorun‘i
717 1076 877 1120 gubernio
903 1086 1015 1108 neccs-

275 1132 444 1173 sariorum,
470 1131 716 1164 manutentione
736 1130 804 1162 fieri
830 1128 933 1162 solitis
959 1139 1016 1171 op-

274 1191 413 1229 portune
435 1185 617 1218 consultum
645 1184 745 1224 soret,
774 1193 808 1215 ac
834 1183 938 1215 eidem
965 1192 1015 1214 ec-

275 1239 372 1272 lesiae
398 1239 563 1281 praefatae
590 1239 624 1270 B.
653 1237 770 1269 Mariae
797 1237 827 1268 in
854 1235 1015 1269 Montibus

275 1290 397 1323 festivis
438 1290 552 1322 diebus
596 1300 654 1332 per
697 1289 844 1322 eiusdem
885 1288 1013 1329 collegii

275 1344 420 1376 alumnos
446 1342 561 1375 divinis
581 1342 693 1375 officiis
712 1343 744 1374 in
763 1342 865 1374 choro
890 1341 1014 1384 praefa-

276 1402 325 1429 tae
343 1396 497 1429 ecclesiae
516 1395 661 1428 eiusdem
688 1396 722 1428 B.
744 1395 860 1428 Mariae
880 1395 910 1426 in
928 1394 1015 1426 Mon-

277 1450 360 1482 tibus
386 1449 605 1493 personaliter
637 1449 825 1481 assistentes
859 1453 988 1480 erectae
1006 1445 1016 1461 ³

275 1514 342 1536 non
375 1502 530 1535 mediocri
564 1501 665 1545 ipsius
698 1500 855 1534 ecclesiae
889 1502 924 1534 B.
955 1500 1016 1532 Ma-

277 1556 345 1589 riae
371 1556 402 1588 in
428 1555 591 1588 Montibus
613 1554 731 1587 decore
759 1554 924 1597 divinique
950 1554 1016 1586 cul-

245 1613 248 1616 ”
277 1616 325 1642 tus
361 1609 563 1641 incremento
599 1618 635 1640 ac
664 1607 825 1651 spirituali
863 1607 1016 1639 christifi-

277 1661 397 1695 delium
428 1661 467 1694 ad
493 1661 580 1693 illam
610 1660 792 1693 devotionis
822 1661 916 1692 causa
945 1670 1017 1702 pas-

277 1715 335 1746 sim
377 1712 609 1746 confluentium
652 1713 875 1745 consolatione
910 1713 1017 1745 deser-

276 1767 423 1805 viretur;
452 1766 537 1799 idem
572 1765 720 1798 Urbanus
753 1765 989 1808 praedecessor
1007 1793 1014 1804 ,

276 1820 461 1864 praemissis
499 1819 633 1854 etwaliis
668 1818 879 1851 rationalibus
915 1818 1016 1851 causis

276 1873 454 1911 adductus,
481 1878 570 1905 motu
596 1872 693 1904 simili
720 1877 751 1903 et
777 1882 812 1904 ex
840 1873 899 1903 sua
928 1873 1017 1904 mera

277 1925 470 1959 liberalitate
511 1925 640 1958 domum
677 1935 735 1957 seu
783 1924 944 1967 hospitale
982 1934 1017 1956 ac

277 1978 452 2021 collegium
478 1978 665 2011 huiusmodi
691 1978 728 2010 ad
756 1978 833 2010 alias
851 1978 1016 2020 praefatae

278 2031 434 2065 ecclesiae
467 2032 501 2064 Β.
536 2031 652 2064 Mariae
690 2031 721 2063 in
755 2031 917 2063 Montibus
951 2031 1014 2063 bu-

278 2084 416 2117 iusmodi
443 2083 562 2116 vicinas
582 2084 707 2123 domos,
726 2095 799 2116 cum
818 2083 969 2116 omnibus
988 2089 1019 2115 et

278 2137 412 2179 singulis
438 2147 550 2170 eorum
575 2136 753 2180 respective
787 2136 907 2177 bonis,
945 2137 1018 2169 red-

278 2190 398 2223 ditibus
414 2217 421 2230 ,
443 2189 566 2222 iuribus
584 2217 591 2230 ‚
618 2190 716 2222 rebus
741 2195 772 2222 et
797 2189 1016 2233 pertinentiis,

278 2253 313 2275 ac
338 2243 597 2286 quibuscumque
623 2243 801 2286 privilegiis
821 2270 828 2282 ,
863 2243 995 2275 indultis
1011 2269 1018 2282 ,

279 2295 552 2339 exemptionibus,
567 2296 787 2339 indulgentiis,
808 2301 840 2328 et
860 2295 930 2328 aliis
947 2306 1019 2338 gra-

280 2349 330 2380 tiis
343 2349 565 2392 spiritualibus
582 2355 613 2382 et
632 2350 876 2393 temporalibus,
900 2349 944 2382 eis
961 2359 1020 2393 per

280 2411 497 2445 quoscumque
522 2402 686 2435 Romanos
720 2402 891 2435 Pontifices
927 2413 1020 2446 prae-

279 2454 468 2486 decessores
483 2464 560 2487 suos
581 2454 827 2498 quomodolibet
841 2455 1017 2495 concessis,

316 2534 325 2558 t
351 2531 421 2558 Edit.
443 2532 521 2558 Main.
542 2532 607 2566 legit
625 2534 825 2561 commoditati
845 2540 881 2563 (a.
899 2540 947 2564 τ.).

314 2576 330 2602 2
351 2574 420 2601 Edit.
441 2574 520 2601 Main.
542 2574 606 2609 legit
625 2576 763 2610 reyimini
781 2579 819 2611 (n.
837 2579 886 2609 T.).

317 2620 332 2646 3
352 2619 405 2647 Pro
426 2621 535 2647 erectae
556 2618 674 2654 tegerem
694 2628 757 2647 cum
779 2622 814 2656 (nl
837 2621 884 2657 τ.).

1052 235 1081 256 xi
1108 235 1155 257 rr.
1689 222 1740 254 ¹371

1052 293 1088 314 ac
1112 281 1229 325 quibus
1256 281 1308 313 illa
1335 281 1372 312 ds·
1400 281 1487 315 iure,
1514 290 1582 317 usu,
1611 279 1789 323 privilegio,

1053 334 1310 371 consuetudine,
1339 338 1393 365 aut
1424 329 1501 364 alias
1528 332 1788 375 quomodolil‘iet,

1054 393 1129 420 tunc
1155 387 1351 425 utebantur,
1379 385 1588 425 fruebantur,
1621 385 1791 427 potieban-

1055 448 1105 474 tur
1122 446 1153 474 et
1172 440 1356 483 gaudebant
1375 438 1562 480 (collegium
1582 438 1735 471 videlicet
1752 438 1790 470 ad

1054 494 1150 526 aedes
1177 493 1339 536 praefatae
1365 490 1523 523 ecclcsiae
1551 491 1582 523 B.
1609 490 1724 522 Mariae
1760 489 1791 522 in

1054 545 1216 579 Montibus
1240 543 1425 577 huiusmodi
1459 543 1498 575 aul
1528 542 1676 575 effectum
1702 552 1793 584 prae-

1055 600 1186 632 missum
1213 604 1286 630 tunc
1311 596 1536 639 acquirendas,
1563 600 1732 638 postquam
1753 600 1793 627 ta-

1055 663 1127 683 men
1154 652 1227 684 illac
1253 652 1291 683 ad
1319 649 1458 682 debitam
1490 648 1619 690 collegii
1658 648 1793 680 sormam

1055 706 1208 738 redactae
1235 704 1381 743 fuissent,
1400 713 1436 738 ac
1461 704 1590 735 domum
1611 713 1666 734 seu
1686 701 1796 745 bospi-

1057 759 1120 791 tale
1142 756 1329 790 huiusmodi
1348 757 1385 789 ad
1406 757 1482 788 alias
1499 756 1537 788 ad
1556 756 1586 788 id
1605 760 1708 798 aptas,
1728 765 1795 794 seu,

1058 817 1215 856 quatenus
1243 821 1325 854 opus
1348 813 1446 849 esset,
1474 814 1656 853 opportune
1686 813 1795 852 aptan-

1057 866 1135 905 das,
1171 865 1341 907 dictaeque
1374 862 1530 896 eeclesiae
1560 863 1594 895 B.
1621 862 1739 895 Mariae
1764 862 1794 894 in

1057 919 1216 952 Montibus
1235 917 1418 950 huiusmodi
1445 916 1565 949 vicinas
1586 916 1698 959 aedes)
1720 927 1797 960 apo-

1057 972 1170 1005 stolica
1195 971 1388 1004 auctoritate
1417 969 1628 1010 transtulerit,
1653 975 1683 1002 ct
1710 970 1796 1009 alias,

1058 1030 1156 1068 prout
1181 1025 1213 1057 in
1244 1024 1388 1057 eiusdem
1420 1023 1539 1055 Urbani
1570 1023 1798 1066 praedecesso-

1059 1079 1102 1111 ris
1120 1078 1236 1111 litteris
1258 1077 1447 1120 apostolicis
1474 1077 1614 1119 desuper
1639 1076 1804 1120 expeditis

1059 1131 1154 1164 etiam
1174 1130 1303 1174 plenius
1322 1130 1522 1169 continetur,
1545 1135 1575 1162 et
1601 1130 1724 1169 domus,
1742 1139 1796 1162 seu

1060 1185 1238 1227 hospitale,
1264 1193 1300 1215 ac
1326 1183 1499 1225 collegium
1527 1182 1710 1225 praedicta,
1738 1193 1798 1226 per

1059 1236 1307 1269 translationem
1334 1235 1521 1267 huiusmodi
1547 1240 1582 1267 ut
1617 1235 1798 1278 praefertur

1060 1290 1189 1328 factam,
1217 1299 1306 1320 suam
1332 1298 1436 1330 usque
1472 1297 1557 1320 nunc
1582 1287 1743 1320 senserint
1768 1293 1798 1320 et

1059 1342 1199 1375 sentiant
1220 1341 1403 1379 utilitatem,
1422 1351 1458 1373 ac
1478 1340 1601 1373 felicius
1620 1340 1800 1383 dirigantur

1060 1400 1091 1427 et
1116 1394 1277 1427 salubrius
1303 1394 1535 1436 gubernentur,
1555 1403 1681 1425 necnon
1706 1403 1801 1436 prae-

1060 1447 1144 1480 dicta
1159 1446 1293 1480 ecclesia
1308 1446 1452 1479 eiusdem
1473 1447 1507 1479 B.
1530 1446 1646 1479 Mariae
1667 1446 1698 1478 in
1717 1446 1802 1479 Mon-

1060 1501 1146 1534 tibus
1176 1501 1274 1544 (quae
1306 1499 1337 1532 in
1372 1499 1437 1531 suis
1470 1499 1586 1532 annuis
1618 1499 1800 1532 redditibus

1060 1556 1152 1587 sacra
1177 1552 1397 1597 suppellectili
1424 1552 1499 1584 satis
1525 1562 1671 1595 congrue
1703 1552 1802 1585 ditata

1060 1607 1236 1651 reperitur,
1262 1606 1379 1649 cuique
1406 1606 1438 1638 in
1465 1605 1580 1638 divinis
1612 1616 1671 1649 per
1702 1616 1801 1638 unum

1060 1661 1284 1704 presbyterum
1304 1665 1463 1692 rectorem
1482 1665 1513 1692 et
1527 1659 1703 1692 nonnullos
1721 1659 1802 1692 alios

1060 1714 1267 1757 presbyteros
1293 1714 1479 1756 capellanos
1513 1713 1690 1756 respective
1722 1723 1802 1745 nun-

1061 1771 1210 1810 cupatos,
1237 1766 1384 1808 aliosque
1414 1765 1579 1798 ministros
1608 1765 1803 1799 eeclesiasti-

1061 1830 1128 1859 cos,
1154 1820 1187 1852 a¹
1215 1829 1273 1862 pro
1294 1824 1440 1862 tempore
1468 1819 1682 1852 existentibus
1708 1819 1803 1852 unius

1061 1883 1097 1905 ex
1123 1872 1310 1916 praedictae
1336 1872 1366 1904 S.
1389 1872 1424 1904 R.
1446 1872 1479 1904 E.
1504 1872 1723 1905 cardinalibus
1750 1872 1804 1904 do-

1060 1936 1129 1958 mus
1155 1936 1211 1958 seu
1246 1925 1414 1968 hospitalis
1451 1936 1487 1957 ac
1522 1925 1652 1967 collegii
1687 1925 1800 1957 huius-

1061 1979 1148 2012 modi
1168 1979 1338 2022 dictaeque
1357 1978 1514 2011 ecclesiae
1533 1978 1676 2011 eiusdem
1691 1978 1725 2011 B.
1742 1978 1804 2011 Ma·

1061 2032 1127 2064 riae
1154 2032 1185 2064 in
1211 2031 1372 2064 Montibus
1404 2032 1489 2075 apud
1516 2031 1694 2065 Romanum
1721 2032 1804 2065 Ροῐι-1

1062 2085 1182 2118 titicem
1209 2096 1268 2128 pro
1303 2090 1448 2128 tempore
1479 2085 1671 2118 existentem
1699 2090 1730 2118 et
1753 2084 1804 2118 Se·

1062 2138 1134 2171 dem
1161 2138 1307 2170 eamdem
1333 2138 1541 2181 protectoris,
1567 2148 1602 2171 ac
1620 2137 1698 2171 alias
1717 2138 1805 2172 iuxta

1062 2191 1299 2234 praedictarum
1327 2191 1473 2224 eiusdem
1495 2190 1643 2234 Gregorii
1668 2192 1805 2235 praede-

1062 2244 1199 2277 cessoris
1224 2244 1404 2276 litterarum
1430 2244 1578 2284 sormam,
1603 2244 1803 2285 amovibiles‚

1063 2297 1220 2330 hactenus
1240 2296 1395 2330 deserviri
1411 2297 1588 2339 consuevit)
1609 2295 1660 2330 et²
1678 2297 1804 2330 divinus

1063 2350 1095 2382 in
1126 2352 1162 2383 ea
1187 2351 1312 2390 cultus,
1340 2360 1398 2393 per
1424 2349 1595 2391 musicam,
1621 2350 1804 2384 divinorum

1063 2404 1244 2437 officiorum
1258 2403 1532 2442 decantationem,
1546 2414 1581 2437 ac
1596 2404 1803 2447 personalem

1063 2458 1266 2489 alumnorum
1293 2457 1531 2499 praedictorum
1557 2457 1588 2488 in
1614 2457 1716 2490 choro
1742 2457 1805 2489 die-

1063 2510 1122 2541 bus
1147 2509 1325 2551 praedictis
1344 2508 1570 2550 assistentiam,
1589 2519 1681 2542 suum
1702 2519 1802 2552 usque

1100 2580 1109 2604 1
1132 2578 1238 2605 Comma
1266 2578 1335 2605 istud
1357 2579 1474 2614 corrigat
1495 2579 1579 2606 lector
1599 2579 1671 2606 scius
1690 2580 1727 2612 (R.
1750 2581 1797 2611 τ.).

1097 2621 1111 2648 2
1133 2622 1270 2650 Coniunct.
1289 2626 1314 2650 et
1335 2631 1383 2650 nos
1403 2623 1530 2650 addimus
1549 2623 1588 2658 (n.
1611 2623 1658 2657 T.).

1793 231 1842 254 An.
1865 229 1890 253 tl.
1911 228 1978 254 17¹2
