2269 3203
1685 216 1748 251 535
1796 225 1842 252 An.
1862 225 1889 251 r.
1914 224 1980 251 ¹712

265 275 446 318 (iocumque
466 276 637 320 spectabit,
658 274 896 308 inviolabiliter
912 279 944 307 et
963 273 1007 306 in-
1025 277 1029 286 “
1050 273 1089 306 de
1115 273 1215 306 verbo
1248 274 1286 307 ad
1312 274 1445 307 verbum
1479 274 1519 306 de
1550 273 1730 317 privilegiis
1757 280 1789 308 et

265 339 422 363 concusse
439 329 619 369 observari,
637 328 749 371 sieque
775 332 805 360 et
830 336 894 359 non
912 326 1007 359 aliter
1050 326 1185 360 indultis
1211 327 1398 360 huiusmodi
1431 327 1642 368 mentiouein;
1670 328 1786 371 quibus

71 229 165 255 An.C.
190 228 257 254 ¹712
894 226 1036 249 crcifflxs
1063 225 1094 248 Xl
1121 225 1166 248 Pr,

139 1084 254 1108 Ueronam)

69 1114 232 1132 contrariorum.

265 382 297 415 in
322 381 512 426 praemissis
540 392 598 425 per
630 390 854 425 quoscumque
879 379 1028 436 iudicesl

264 434 450 469 ordinarios
467 440 499 468 et
515 435 694 477 delegatos,
716 432 812 466 etiam
834 443 1004 466 causarum
1025 437 1028 443 ⁴

265 489 377 533 palatii
407 488 580 532 apostolici
611 487 797 528 auditores,
830 498 866 520 ac
901 487 1004 520 dietae

264 543 294 575 S.
316 541 352 574 Ιῖ.
376 541 411 575 E.
431 541 619 581 cardinales,
648 540 742 573 etiam
769 540 808 573 dc
834 540 934 573 latere
960 540 1005 573 le-

265 600 357 638 gatos
375 600 407 628 et
432 594 576 628 eiusdem
601 594 693 628 Sedis
714 593 862 633 nuncios,
884 593 1004 627 aliosve

265 648 427 692 quoslibet
457 657 657 690 quacumque
688 644 945 691 praeeminentiti
975 652 1007 679 et

265 706 425 744 potestate
451 701 620 743 fungentes
637 705 668 733 et
683 701 860 739 timeturos,
879 700 1006 733 sublata

266 754 312 787 eis
331 759 363 786 et
387 764 499 787 eorum
522 753 653 786 cuilibet
680 754 794 796 quavis
813 753 908 786 aliter
927 753 1006 786 iudi-

265 806 358 840 candi
385 812 415 840 et
442 806 678 849 interpretandi
705 807 856 839 lacultate
888 812 919 839 et
951 816 1006 838 au-

264 859 429 898 ctoritate,
454 858 595 891 iudicari
614 864 645 891 et
659 858 789 892 definiri
808 859 950 898 debere,
971 869 1007 890 ac

263 912 395 945 irritum
422 917 454 945 et
478 911 576 944 inane
601 911 626 943 si
658 922 755 944 secus
788 922 890 955 super
914 912 964 944 his
990 898 1031 981 ειῐ

263 975 431 1009 quoquam
450 992 458 1006 ,
491 965 604 1008 quavis
628 964 836 1005 auctoritate,
864 965 1008 998 scienter

261 1019 313 1052 vel
344 1018 559 1062 ignoranter,
592 1017 769 1061 contigerit
793 1018 960 1051 attentari.

309 1072 324 1115 ἓ
348 1071 380 1105 4.
412 1072 482 1105 Non
508 1071 714 1105 obstantibus
740 1071 904 1115 quibusvis
932 1081 1007 1114 apo·

264 1125 397 1162 stolicis,
427 1135 462 1158 ae
487 1125 519 1158 in
545 1124 780 1158 universalibus
807 1124 1009 1167 provinciali-

264 1177 389 1221 busque
415 1183 443 1210 et
470 1177 679 1221 synodalibus
711 1177 856 1210 conciliis
889 1176 1006 1217 editis,

266 1230 475 1272 generalibus
500 1231 549 1263 vel
574 1229 780 1273 specialibus,
802 1231 1009 1263 constitutio-

265 1282 361 1315 nibus
380 1287 411 1315 et
427 1282 702 1323 ordinationibus,
723 1293 851 1315 necnon
873 1283 1008 1326 quibus-

266 1345 412 1378 cumque,
429 1335 524 1368 etiam
546 1334 740 1374 iuramento,
758 1334 1007 1368 confirmatione

265 1389 454 1433 apostolica,
477 1389 525 1422 vel
552 1388 663 1432 quavis
691 1387 843 1422 firmitate
868 1389 930 1422 alia
956 1399 1008 1422 ro-

242 1443 406 1484 ‚boi-aiis,
432 1443 560 1476 statutis
589 1448 621 1475 et
653 1442 947 1476 consuetudinibus
972 1453 1008 1475 ac

266 1496 594 1541 praescriptionibus,
617 1501 916 1540 quantumcumque
937 1497 1009 1529 lon-

268 1549 407 1591 gissimis
429 1554 462 1582 et
481 1548 806 1589 immemorabilibus,
824 1548 1008 1592 privilegiis

268 1613 418 1646 quoqne,
445 1602 576 1635 indultis
598 1607 629 1634 et
653 1602 769 1635 litteris
798 1602 1006 1645 apostolicis,

268 1655 462 1698 supradictis
494 1655 631 1698 aliisque
670 1654 872 1698 quibuslibet
896 1666 1010 1699 perso-

268 1709 329 1748 nis,
347 1708 443 1741 etiam
463 1708 666 1751 quantumvis
685 1708 879 1741 sublimibus
897 1713 928 1741 et
941 1719 1009 1753 spe-

268 1761 441 1794 cialissima
459 1760 626 1793 mentione
649 1760 765 1803 dignis,
784 1771 800 1793 a
817 1760 900 1794 Sede
919 1771 1011 1804 prae·

269 1816 365 1855 dicta,
392 1825 427 1848 ex
455 1824 661 1857 quacumque
689 1816 804 1854 eausa,
831 1814 926 1847 etiam
952 1825 1010 1858 per

267 1867 350 1901 riam
376 1872 563 1901 contractus
589 1873 621 1899 et
648 1867 926 1907 remunerationis,
951 1867 1009 1900 sub

268 1921 527 1965 quibuscumque
565 1920 737 1952 rei-borum
775 1920 943 1953 tenoribus
979 1927 1011 1953 et

270 1975 392 2015 formis,
411 1985 447 2007 ae
473 1984 545 2006 cum
572 1972 736 2016 quibusvis
762 1973 857 2006 etiam
875 1974 1011 2016 deroga-

269 2027 425 2060 toriarum
459 2026 698 2069 derogatoriis‚
734 2026 870 2069 aliisque
907 2026 1011 2059 effica-

269 2080 421 2121 cioribus,
444 2079 674 2113 efficacissimis
702 2086 733 2112 et
763 2079 900 2112 insolitis
929 2081 1011 2113 clau-

269 2134 359 2175 sulis,
384 2134 655 2177 irritantibusque
691 2140 722 2166 et
754 2134 824 2167 aliis
862 2133 1010 2175 decretis,

271 2188 366 2220 etiam
392 2193 492 2226 motu,
519 2185 655 2220 seientia
681 2192 711 2219 et
737 2186 908 2230 potestatis
934 2189 1006 2230 ple-

270 2241 416 2274 nitudine
446 2239 589 2284 paribus,
614 2251 649 2272 ae
681 2240 960 2280 consistorialiter,
980 2245 1012 2273 et

269 2293 348 2326 alias
374 2293 624 2336 quomodolibet
642 2293 673 2325 in
695 2293 898 2326 contrarium
916 2303 1012 2336 prae-

270 2346 442 2379 missorum
470 2346 657 2387 concessis,
685 2346 801 2387 editis,
829 2346 942 2386 sactis,
976 2356 1011 2380 ac

270 2398 391 2441 pluries
417 2398 541 2431 iteratis
576 2404 607 2432 et
635 2399 907 2442 quantiscumque
936 2399 1012 2431 viei-

271 2452 331 2484 bus
350 2450 547 2493 approbatis,
565 2451 765 2484 confirmatis
783 2457 815 2485 et
832 2451 1008 2492 innovatis,

272 2503 366 2536 etiam
392 2503 635 2537 continentibus
667 2504 754 2547 quod
793 2504 1012 2537 excommuni-

272 2556 338 2591 cari
364 2566 429 2589 non
454 2556 581 2599 possint
597 2567 655 2600 per
671 2557 794 2591 litteras
819 2552 1034 2603 apostolicas}

273 2620 334 2644 non
362 2610 515 2643 facientes
541 2611 670 2654 plenam
697 2617 727 2644 et
753 2622 948 2655 expressam,
975 2607 1033 2652 ac}

1049 381 1201 414 omnibus
1229 385 1261 414 et
1290 381 1452 424 singulis,
1480 380 1603 414 etiam-si
1636 392 1695 425 pro
1721 382 1787 415 illo·

1048 444 1118 466 rum
1144 433 1317 468 sufficienti
1347 434 1559 476 derogatione
1589 435 1628 467 de
1654 434 1718 468 illis
1738 446 1788 468 eo-

1049 496 1185 530 rumque
1212 487 1286 520 totis
1305 486 1474 520 tenoribus
1499 486 1662 530 specialis,
1688 488 1789 531 speci-

1049 540 1117 580 fica,
1145 550 1299 584 expressa
1325 545 1355 572 et
1380 539 1558 580 individua,
1580 550 1615 573 ac
1633 540 1673 574 de
1692 541 1789 574 verbo

1049 593 1088 626 ad
1121 593 1274 633 verbum,
1308 604 1372 626 non
1406 599 1515 626 autem
1541 604 1602 637 per
1626 595 1790 628 clausula<

1049 647 1219 689 generales
1243 646 1328 679 idem
1349 646 1575 689 importantes,
1593 646 1716 679 mentio
1734 657 1788 680 seu

1051 699 1181 742 quaevis
1203 699 1265 732 alia
1291 699 1459 742 expressio
1478 699 1640 739 habenda,
1658 705 1712 732 aut
1736 699 1791 733 ali-

1051 763 1112 795 qua
1130 752 1193 785 alia
1210 752 1369 795 exquisita
1385 753 1486 785 fornia
1501 753 1617 786 adhoc
1632 753 1791 786 servanda

1051 806 1144 846 soret,
1164 810 1294 838 tenores
1314 805 1512 845 huiusmodi,
1527 817 1562 839 ac
1583 806 1608 838 si
1635 807 1674 839 de
1693 806 1790 839 verbo

1051 859 1088 891 ad
1102 859 1245 898 verbum,
1262 858 1342 892 nibil
1358 859 1490 902 penitus
1505 859 1625 892 omisso
1643 865 1675 892 et
1690 860 1791 892 forma

1051 912 1082 944 in
1108 911 1173 946 illis
1200 912 1313 945 tradita
1333 912 1511 951 observata,
1531 912 1792 955 exprimerentur

1053 970 1084 998 et
1108 966 1342 1006 insererentur,
1359 966 1585 1009 praesentibus
1610 975 1669 1008 pro
1695 967 1792 1009 plene

1052 1024 1084 1053 et
1108 1018 1305 1052 sufficienter
1330 1019 1497 1062 expressis
1523 1024 1553 1052 et
1578 1018 1710 1052 insertis
1740 1019 1792 1052 lia—

1052 1072 1176 1113 bentes‚
1195 1072 1259 1105 illis
1276 1072 1354 1105 alias
1376 1072 1407 1104 in
1426 1083 1485 1105 suo
1511 1072 1627 1105 robore
1645 1083 1792 1115 perman-

1052 1125 1156 1165 suris,
1187 1126 1225 1157 ad
1256 1125 1506 1168 praemissorum
1537 1124 1684 1158 ell'eetuin
1701 1151 1708 1165 ,
1732 1125 1793 1157 bac

1052 1178 1119 1211 rice
1148 1179 1329 1219 dumtaxat,
1357 1178 1543 1222 specialiter
1575 1184 1606 1211 et
1638 1189 1791 1222 expresse

1053 1232 1259 1275 derogamus,
1280 1244 1317 1265 ac
1333 1232 1520 1275 derogatum
1538 1242 1609 1266 esse
1628 1234 1791 1272 volumus-3

1051 1286 1232 1329 ceterisque
1257 1286 1428 1319 contrariis
1455 1286 1725 1330 quibuscumque.

1096 1341 1111 1384 g
1136 1339 1167 1373 5.
1202 1339 1352 1372 volumus
1389 1345 1493 1371 autern
1534 1345 1567 1371 ut
1603 1339 1791 1372 earumdem

1052 1392 1275 1437 praesentium
1296 1392 1475 1425 litterarum
1496 1392 1717 1436 transumptis,
1735 1403 1792 1426 seu

1053 1446 1220 1489 exemplis,
1236 1445 1330 1479 etiam
1350 1445 1528 1488 impressis,
1543 1455 1640 1478 manu
1659 1445 1794 1479 alicuius

1052 1500 1170 1534 notarii
1208 1499 1329 1544 publici
1369 1499 1562 1542 subscriptis
1577 1526 1584 1538 ,
1620 1505 1652 1532 et
1686 1499 1794 1542 sigillo

1053 1563 1216 1598 personae
1240 1553 1273 1586 in
1299 1552 1519 1586 ecclesiastica
1540 1552 1697 1595 dignitate
1722 1564 1795 1586 con-

1052 1607 1182 1641 stitutae
1222 1606 1365 1645 munitis,
1391 1606 1504 1639 eadem
1543 1616 1677 1649 prorsus
1715 1605 1795 1639 tides

1053 1667 1115 1694 tam
1141 1661 1173 1693 in
1199 1660 1321 1693 iudicio
1347 1670 1441 1702 quam
1463 1664 1551 1692 extra
1572 1659 1651 1692 illud
1674 1659 1794 1702 ubique

1053 1714 1256 1754 adhibeatur,
1272 1724 1355 1757 quae
1371 1712 1451 1756 ipsis
1465 1712 1689 1756 praesentibus
1708 1713 1795 1746 adlit»

1053 1767 1189 1800 beretur
1206 1766 1232 1799 si
1250 1766 1357 1799 forent
1381 1765 1544 1798 exhibitae
1562 1766 1610 1798 vel
1629 1770 1792 1799 ostensae.

1097 1820 1209 1853 Datum
1237 1819 1268 1852 in
1288 1820 1368 1852 Arce
1386 1818 1581 1861 Gandulplii,
1601 1818 1794 1851 Albanensis

1055 1873 1228 1913 dioecesis,
1267 1873 1327 1905 suh
1353 1872 1474 1905 annulo
1515 1871 1708 1916 piscatoris,
1743 1871 1794 1904 dic

1053 1936 1131 1960 xviii
1157 1926 1235 1959 iunii
1268 1935 1420 1965 mccxli,
1450 1923 1659 1968 pontificatus
1691 1924 1794 1957 nostri

1054 1990 1139 2013 anno
1164 1989 1218 2013 x11.

1089 2037 1150 2073 Dat.
1169 2047 1215 2073 die
1238 2046 1269 2073 ¹8
1288 2045 1354 2073 iunii
1378 2045 1455 2077 1712,
1476 2045 1576 2080 pontis.
1599 2052 1670 2072 anno
1690 2051 1737 2072 xit.

1332 2281 1351 2310 μ’
1364 2275 1483 2308 Lxxlt.

1055 2399 1277 2443 Confirmalur
1323 2400 1483 2433 decretum
1528 2399 1796 2444 Conqreyalionis

1098 2454 1320 2496 episcoporum
1345 2457 1374 2486 el
1398 2452 1603 2496 reyularium
1625 2453 1663 2486 de
1679 2453 1797 2495 suffra-

1097 2506 1149 2549 9io
1182 2505 1377 2538 concedendo
1409 2505 1445 2538 in
1481 2504 1638 2549 capitulis
1662 2505 1796 2548 provin-

1099 2558 1239 2591 cialibus
1259 2557 1402 2600 sinqulis
1426 2557 1591 2601 prioribus
1612 2557 1796 2601 provincia-

1101 2621 1172 2643 rum
1200 2612 1230 2643 S.
1259 2612 1424 2645 Antonini
1457 2616 1485 2644 e!
1521 2611 1552 2645 S.
1590 2611 1702 2643 Crucis
1731 2611 1796 2654 sra-

1845 1350 1853 1369 l*
1862 1351 1888 1369 ..1⁴
1897 1357 1904 1365 ε
1933 1352 1936 1365 t

1804 1381 1940 1402 tuinpltrxuut.

1942 1356 1986 1369 (ΔΗΓ
