2269 3203
43 231 93 258 An.
111 230 140 257 C.
162 231 230 258 1714

70 1982 119 2002 Item
146 1983 228 2003 malitia

44 2010 186 2029 urm-antium
196 2011 230 2029 tal-

44 2042 71 2055 su
80 2035 180 2055 ‹lnctrznis
188 2042 194 2055 ι
201 2037 227 2055 in-

45 2062 143 2082 la'imeru
165 2063 229 2083 inter-

870 230 1010 255 CLEMENS
1037 232 1067 254 XI
1092 231 1139 253 1‘1‘.

1655 221 1713 255 631

234 278 291 319 dis,
310 279 442 312 dolores
457 291 531 314 suos
549 282 646 324 longe
661 282 789 323 lateque
809 279 969 322 aperiens,
1013 277 1161 311 fiduciam
1194 277 1225 309 in
1257 278 1370 310 umbra
1395 278 1522 321 [Egypti
1538 305 1545 316 ‚
1572 278 1753 311 docuerunt

234 344 251 365 a
277 331 429 365 fidelibus
465 333 596 376 quidem
632 332 706 366 siliis
743 331 968 365 amaritudinis
1012 341 1095 374 quae
1119 341 1184 363 non
1210 337 1364 373 oportet,
1390 337 1424 363 ut
1449 336 1638 364 excusarent
1662 343 1753 364 excu-

234 395 309 417 suae
328 385 487 425 levamen,
509 397 526 419 a
545 385 722 418 rebellibus
748 395 824 417 vero
850 384 970 425 irroga·
1012 383 1153 416 sationes
1179 384 1210 416 in
1236 384 1389 427 peccatis.
1419 384 1439 416 li
1461 383 1619 427 siquidem
1638 395 1753 427 aquam

235 444 340 470 tarum
358 438 419 471 sibi
444 438 711 472 contumeliarum
732 447 855 479 poenas
874 437 970 479 depo-

233 500 321 523 scere
345 496 517 534 coeperat:
544 490 598 523 ubi
616 491 694 523 alias
721 490 853 532 (iterum
879 499 971 531 repe-

234 542 355 586 timus)
381 543 517 576 maxima
549 554 620 575 cum
653 542 751 575 animi
777 542 878 574 nostri
905 551 971 573 mo-

235 595 328 628 lestia
353 594 590 635 intelleximus,
619 600 680 628 tam
707 595 843 634 multos,
873 594 970 627 etiam

235 658 270 680 ex
291 648 471 681 carioribus
496 647 658 681 Ecclesiae
685 647 772 687 tiliis,
800 647 911 689 ignara
936 658 971 679 ac

235 700 413 733 damnabili
439 700 566 733 illarum
592 711 771 743 poenarum
798 700 970 733 formidine
993 709 994 716 ¹

234 755 414 797 perculsos,
440 764 518 796 quas
541 753 586 786 eis
611 754 819 786 minabantur
836 754 895 793 illi,
918 754 970 796 qui

235 816 351 849 corpus
370 806 500 849 quidem
518 806 681 846 occidunt,
705 807 844 839 animam
863 812 971 839 autem

234 869 298 891 non
316 864 450 902 possunt
471 859 633 899 occidere,
652 860 690 892 ad
711 869 747 892 ea
764 859 881 892 misere
903 870 973 903 pro-

235 921 364 953 gressos
399 912 522 952 fuisse,
548 918 591 952 ut,
619 917 715 945 exuta
746 913 974 946 ecclesiasticis

234 964 374 997 decretis
393 964 502 998 debita
522 965 718 1005 obedientia,
737 966 891 998 indictam
910 965 974 998 ius-

236 1028 273 1050 su
299 1023 410 1050 nostro
437 1018 470 1050 in
495 1018 680 1051 Cataniensi
707 1024 738 1051 et
762 1018 973 1061 Agrigentina

236 1070 417 1103 civitatibus
442 1076 473 1103 et
498 1071 704 1104 dioecesibus
737 1081 901 1104 sacrorum
928 1072 974 1103 iu-

237 1122 357 1155 stitiam
384 1123 523 1166 turpiter
543 1123 753 1157 violaverint:
774 1124 906 1166 illisque
932 1125 974 1156 in-

238 1177 489 1219 terrogantibus,
507 1176 560 1220 qui
575 1177 717 1220 captivos
733 1188 788 1210 eos
803 1178 974 1215 duxerunt,

236 1228 333 1262 verba
358 1230 555 1270 cantionum,
582 1241 617 1263 ea
642 1231 722 1273 ipsa,
744 1241 825 1273 quae
852 1231 883 1262 in
903 1231 975 1263 sali-

236 1281 328 1314 cibus
353 1282 601 1325 suspenderam,
621 1294 743 1326 organa
761 1283 799 1315 ad
819 1283 974 1315 laetitiam

237 1345 402 1375 revocare,
424 1340 454 1367 et
478 1335 634 1378 hymnum
655 1341 786 1368 cantare
812 1335 850 1368 de
876 1335 975 1368 canti-

236 1388 282 1420 cis
310 1387 387 1421 Sion
415 1387 547 1421 minime
573 1388 784 1421 erubuerint:
812 1388 866 1420 ubi
896 1389 975 1421 baec

237 1442 286 1483 (ut
310 1440 491 1483 aiebamus)
517 1441 710 1484 iampridem
735 1441 974 1481 inattdit'ir1111S‚

237 1495 358 1527 nullam
382 1495 532 1537 profecto
565 1496 720 1527 aerumna
752 1495 812 1527 hac
838 1495 976 1537 iniquio-

238 1557 325 1587 rem,
350 1547 548 1590 asperiorem
578 1549 699 1580 nullam
726 1548 887 1580 Ecclesiae
914 1547 975 1590 ipsi

237 1600 402 1633 miseriam
428 1601 556 1633 evenire
580 1601 727 1644 potuisse
756 1606 809 1633 aut
833 1612 975 1645 unquam

238 1663 334 1696 posse
359 1653 571 1686 credidimus.
591 1653 714 1687 Nostris
732 1659 907 1697 propterea
927 1665 977 1686 au-

238 1706 327 1739 ribus
345 1706 550 1739 continenter
571 1707 760 1749 obstrepere
785 1707 977 1745 ridebantur

240 1759 347 1792 tristes
371 1759 460 1793 illius
490 1770 599 1793 voces:
626 1759 706 1799 Quis
730 1759 816 1792 milet
840 1761 897 1793 hoc
923 1761 978 1792 tri-

238 1812 364 1846 bantut
387 1813 523 1856 plorans
545 1812 671 1855 plorem
696 1813 732 1845 in
763 1814 877 1855 noete?
898 1813 978 1853 Quis

240 1866 326 1899 mihi
349 1865 399 1899 det
430 1870 465 1898 ut
492 1866 653 1910 plangyczm
683 1866 862 1910 paululum
888 1867 977 1900 doto-

239 1930 307 1952 rem
331 1930 439 1953 meum
453 1920 468 1952 ἰ)

287 1974 301 2017 ἓ
326 1974 358 2006 ⁶2.
384 1974 428 2006 Ita
452 1975 549 2017 plane
576 1974 786 2007 credidimus.
819 1974 882 2008 Sed
916 1975 977 2008 cito

240 2028 335 2060 nimis
359 2037 418 2061 nos
436 2027 503 2060 falli
522 2028 753 2070 eognovimus,
780 2028 835 2061 ubi
855 2028 977 2061 scilieet

241 2080 390 2113 omnibus
417 2085 513 2113 antea
529 2080 560 2112 in
575 2081 718 2124 praefato
731 2091 832 2123 regno
851 2081 977 2114 Siciliae

241 2133 335 2166 illatis
371 2133 533 2166 Ecclesiae
572 2134 760 2166 vulneribus
797 2133 977 2176 graviorem

241 2238 311 2270 dem
336 2238 496 2272 Ecclesiae
518 2240 643 2282 pectori
665 2239 805 2272 subinde
825 2239 977 2272 inflictam

242 2290 340 2323 ruisse
366 2292 569 2335 percepimus
594 2293 633 2326 ab
666 2293 814 2335 ipsismet
847 2293 914 2326 eius
943 2286 1000 2325 s1-3

241 2342 315 2382 liis,
341 2343 472 2385 ingratis
499 2344 593 2385 tiliis,
620 2343 694 2378 filiis
730 2345 953 2378 desertoribus
970 2372 977 2386 ,

241 2395 308 2438 qui,
328 2395 479 2428 adversus
504 2403 641 2430 matrem
665 2408 757 2430 suam
778 2404 977 2441 pugnantes,

240 2457 300 2480 nec
325 2448 432 2480 solum
457 2448 517 2491 ipsi
542 2449 629 2483 illius
666 2450 828 2483 mandatis
864 2461 977 2494 parere

244 2500 464 2533 detractantes
482 2527 489 2540 ,
513 2512 622 2534 verum
649 2508 680 2536 et
703 2503 785 2536 alios
821 2504 859 2536 ad
891 2504 979 2547 paris
999 2515 1001 2524 ¹

240 2553 481 2586 inobedientiae
505 2554 627 2587 crimen
652 2556 837 2597 incitatum,
861 2567 897 2589 os
922 2557 979 2590 Do-

239 2605 318 2639 mini
343 2615 412 2640 non
434 2605 695 2650 interrogarunt,
722 2609 792 2650 sed,
819 2609 979 2644 habentes

1014 437 1202 476 turbidam,
1231 448 1295 470 non
1322 438 1362 469 de
1389 437 1531 469 sontibus
1556 436 1753 477 Salvatoris,

1013 489 1068 521 sed
1095 489 1134 522 de
1161 489 1333 532 Babylonis
1359 488 1545 521 fluminibus
1579 489 1752 528 haustam,

1014 540 1149 574 incautis
1182 542 1419 585 propinantes,
1454 543 1517 575 hoc
1554 548 1626 581 est,
1658 542 1754 574 salsas

1014 605 1078 627 non
1104 595 1208 627 minus
1236 606 1331 638 quam
1358 595 1556 638 perniciosas
1589 595 1755 628 doctrinas

1016 647 1046 679 in
1073 658 1186 680 eorum
1213 648 1435 690 patrocinium,
1463 648 1516 691 qui
1544 653 1630 681 metu
1654 649 1755 680 malo-

1017 711 1086 731 rum
1112 700 1173 732 sibi
1200 712 1217 732 a
1250 701 1406 733 saeculari
1439 706 1599 743 potestate
1633 701 1756 733 denun-

1016 752 1172 785 ciatorum
1198 753 1452 786 ecclesiasticum
1480 753 1685 786 interdictum
1723 754 1755 786 in

1016 805 1202 838 memoratis
1220 806 1402 838 civitatibus
1422 816 1458 838 ac
1476 806 1682 839 dioecesibus
1701 817 1757 849 ap-

1016 859 1157 901 positum
1183 858 1315 891 minime
1332 864 1524 899 servassent,
1541 859 1665 902 absque
1687 860 1754 892 ullo

1018 911 1136 943 rubore
1162 911 1396 951 obtrudentes,
1430 912 1587 954 plurimos
1620 912 1758 944 fascina-

1016 969 1091 996 runt
1115 975 1179 996 non
1206 964 1340 997 obedire
1363 964 1502 1004 veritati,
1525 965 1674 1008 illosque,
1693 975 1757 997 non

1016 1018 1084 1051 sine
1106 1018 1245 1051 maximo
1272 1017 1533 1051 christifidelium
1553 1019 1704 1051 scandalo
1723 1029 1759 1051 ac

1018 1072 1190 1104 manifesto
1216 1071 1311 1104 liuius
1336 1072 1471 1105 Sanctae
1496 1071 1587 1105 Sedis
1613 1077 1758 1104 contem-

1017 1130 1094 1167 ptu,
1120 1125 1158 1157 ad
1186 1125 1331 1157 eiusdem
1356 1125 1531 1162 interdicti,
1560 1125 1684 1158 tametsi
1703 1136 1757 1158 au-

1018 1177 1166 1209 ctoritate
1192 1177 1370 1220 apostolica
1395 1177 1515 1219 pluries
1541 1178 1757 1220 comprobati,

1017 1229 1271 1262 inexcusabilem
1304 1229 1539 1269 violationem,
1573 1240 1631 1272 per
1664 1240 1760 1273 quam

1018 1282 1190 1322 nimirum,
1215 1289 1250 1314 ut
1274 1282 1354 1314 sacri
1380 1293 1523 1315 canones
1549 1284 1686 1322 docent,
1712 1294 1761 1316 ec-

1017 1336 1218 1368 clesiasticae
1245 1335 1436 1378 disciplinae
1472 1347 1591 1369 nervus
1625 1337 1759 1369 disrum-

1018 1389 1117 1431 pitur,
1140 1394 1251 1432 aperte
1270 1389 1425 1421 seducere
1443 1400 1509 1421 non
1530 1389 1758 1429 formidarunt,

1019 1443 1115 1475 latam
1129 1442 1265 1474 nimium
1279 1443 1325 1475 sic
1339 1443 1522 1485 aperientes
1536 1443 1617 1476 viam
1632 1443 1761 1476 unirer-

1019 1505 1073 1527 sae
1089 1496 1328 1538 propemodum
1343 1495 1541 1528 christianae
1556 1496 1636 1538 legis
1655 1496 1761 1528 desor-

1019 1548 1153 1580 mationi
1179 1559 1215 1580 ac
1241 1549 1364 1581 ruinae.
1391 1548 1428 1582 Si
1452 1549 1539 1581 enim
1564 1550 1610 1581 ita
1634 1550 1763 1592 nequis-

1018 1602 1173 1634 simorum
1207 1601 1360 1633 timeatur
1392 1601 1556 1640 azulacia,
1590 1607 1647 1642 ut,
1675 1602 1762 1645 quod

1020 1654 1074 1687 itti
1098 1655 1170 1686 iure
1194 1659 1291 1697 atque
1315 1655 1480 1697 monitate
1513 1665 1577 1687 non
1605 1660 1758 1698 possunt,

1021 1708 1196 1740 temeritate
1227 1717 1264 1739 ac
1301 1706 1523 1750 desperatione
1559 1708 1758 1751 perficiunt,

1020 1765 1129 1794 actum
1153 1765 1207 1802 est,
1233 1766 1267 1793 ut
1285 1767 1417 1793 sanctus
1436 1761 1610 1804 episcopus
1628 1767 1660 1794 et
1684 1772 1763 1795 niar-

1023 1819 1069 1857 tyr
1093 1813 1268 1857 Cyprianus
1292 1815 1462 1857 praeclare
1498 1814 1655 1857 scriptum
1686 1815 1763 1847 reli-

1021 1867 1098 1909 quit,
1114 1867 1151 1899 cte
1168 1867 1368 1910 episcopatus
1386 1867 1495 1910 zvisJore
1508 1871 1535 1900 et
1549 1867 1586 1900 de
1603 1867 1764 1900 Ecclesiae

1019 1919 1249 1962 yubernamlae
1265 1919 1449 1952 sublimine
1463 1920 1575 1952 dz'vz'mi
1587 1923 1742 1962 potestate
1753 1948 1760 1961 ,

1021 1983 1077 2005 nee
1100 1973 1276 2005 christum&
1300 1973 1389 2005 ultra
1415 1977 1473 2005 auc
1488 1973 1608 2006 durare
1625 1979 1682 2006 aut
1699 1985 1763 2008 esse

1022 2026 1089 2058 iam
1113 2036 1295 2069 ροςειιηηις,
1313 2027 1342 2059 εἰ
1365 2026 1409 2058 ast
1434 2027 1491 2059 hoe
1515 2030 1644 2059 ventum
1665 2031 1710 2060 esc
1726 2032 1763 2061 ut

1018 2079 1218 2122 perditorum
1235 2080 1341 2112 minas
1356 2083 1452 2123 alque
1466 2079 1606 2114 insidias
1617 2081 1764 2124 pertime-

999 2143 1160 2181 ÷sommas,
1195 2132 1285 2170 Quod
1311 2143 1387 2166 vero
1426 2134 1522 2176 plane
1557 2133 1700 2167 deterius
1728 2144 1764 2167 ac

240 2185 334 2218 aliam
361 2192 393 2219 et
412 2187 507 2229 plane
529 2186 732 2219 acerbiorem
751 2187 878 2230 plagam
894 2187 979 2220 eius·
999 2186 1000 2204 l

1022 2185 1265 2218 intolerabilius
1292 2191 1358 2226 est,
1386 2186 1440 2218 alii
1467 2186 1562 2219 etiam
1588 2187 1762 2220 novissime

1022 2249 1086 2271 non
1105 2239 1288 2278 defuerunt,
1308 2239 1371 2282 qui,
1392 2239 1582 2272 adiicientes
1597 2245 1764 2282 peccatum

1022 2301 1122 2334 super
1147 2297 1314 2334 peccatum
1336 2319 1342 2331 ‚
1370 2298 1466 2335 atque
1492 2292 1632 2335 ipsamet
1664 2292 1764 2325 nimia

1024 2344 1131 2377 forsan
1157 2344 1404 2387 longanimitate
1431 2347 1563 2384 nostra,
1589 2355 1652 2388 qua
1684 2356 1762 2388 poe-

1022 2397 1177 2430 nitentiae
1204 2397 1343 2440 spatium
1370 2397 1495 2436 damus,
1522 2397 1659 2430 subdole
1685 2398 1764 2430 abu-

1024 2456 1136 2490 tentes,
1162 2461 1220 2494 per
1245 2451 1332 2483 illam
1357 2450 1495 2484 traditos
1514 2450 1553 2483 ab
1571 2451 1616 2483 eis
1636 2461 1763 2484 errores

1023 2504 1115 2536 tacite
1131 2504 1245 2536 saltem
1263 2514 1279 2536 a
1293 2504 1388 2536 nobis
1406 2504 1594 2546 approbari,
1614 2504 1763 2547 adeoque

1023 2556 1122 2599 ipsam
1139 2567 1269 2599 quoque
1288 2556 1453 2590 interdicti
1471 2557 1763 2599 transgressionem

1022 2608 1152 2642 minime
1179 2608 1358 2653 improbari
1384 2609 1660 2653 impudentissime
1697 2609 1764 2642 vul-

1504 2723 1517 2735 Ι

1764 231 1813 256 An.
1831 230 1858 256 C.
1881 232 1946 258 17¹4
