2269 3203
115 236 163 264 An.
182 236 211 263 C.
235 235 301 263 ¹7¹⁶AE

187 405 296 434 Eartwrum

113 434 226 452 enarratio.

947 234 1087 258 CLEMENS
1115 235 1144 258 Nl
1170 234 1216 258 PP-

528 285 662 313 Clemens
683 285 762 318 Papa
782 284 830 317 xt,

441 331 475 355 ad
505 329 641 356 futuram
670 328 716 356 rei
744 327 931 355 memoriam.

353 393 366 435 ξ
391 392 422 424 ’1.
447 391 492 424 Λᾶ
517 392 719 435 apostolatus
746 389 845 423 nostri
873 389 1044 430 notitiam,
1068 405 1070 431 3

309 456 372 478 non
391 446 458 478 siue
482 445 568 488 gravi
589 444 685 477 animi
707 444 808 476 nostri
830 443 1047 486 perturbatio·
1068 471 1069 482 ,

308 509 359 536 ne,
373 498 528 542 pervenit,
543 497 638 540 quod,
651 507 722 528 cum
738 495 935 529 venerabilis
952 496 1048 528 frater
1067 486 1070 506 ²

307 550 455 584 Nicolaus
468 550 565 583 Maria
580 549 754 593 episcopus
768 548 955 592 Liparensis
974 551 1046 581 ante
1068 552 1070 558 '

307 604 429 648 aliquot
454 613 582 636 menses
606 602 760 635 Ioannem
775 601 963 644 Baptistam,
980 601 1045 634 sive

307 658 482 701 baptistam
504 656 709 695 'sosoi-erum,
731 660 760 687 et
787 654 935 688 lacobum
949 653 1047 688 ⁴Chri-

307 763 470 806 Catapani
494 767 709 806 nuncupatos,
737 772 773 795 ex
800 763 894 794 causa
913 761 1047 794 violatae

307 816 346 848 ab
365 816 410 848 eis
436 815 645 848 immunitatis
669 814 920 854 ecclesiasticae,
940 814 1045 857 poena

307 868 652 902 excommunicationis
678 867 772 901 nobis
791 872 821 900 ct
841 866 1047 910 Apostolicac

306 921 380 954 Scdi
407 927 594 954 reservatae
621 920 806 956 innodatos,
833 919 892 951 rite
924 930 958 952 ac
982 929 1047 952 ser-

308 980 380 1007 vato
416 974 494 1008 iuris
520 974 655 1015 ordine,
683 973 902 1008 declarasset.
939 983 1047 1005 saecu-

307 1027 426 1060 cularis
451 1027 624 1071 potestatis
651 1026 741 1069 regni
768 1025 897 1059 Siciliae
916 1025 1048 1058 {ulmini-

307 1080 386 1121 stri,
413 1080 557 1124 quamvis
583 1080 742 1112 eiusmodi
770 1078 903 1121 negotio
922 1107 929 1120 ,
962 1079 1046 1123 quod

308 1134 347 1166 ad
373 1144 429 1166 eos
456 1144 519 1166 non
547 1133 747 1177 pertinebat,
773 1134 959 1166 nullatenus
977 1143 1070 1165 sese«

308 1187 457 1230 ingerere
480 1187 677 1227 debuissent,
705 1186 931 1226 nihilomnius,
956 1186 1049 1218 mini-

307 1251 358 1273 me
391 1245 513 1273 attento
549 1240 637 1284 qnod
672 1239 828 1273 ecclesiae
864 1239 1072 1282 Liparensis5

308 1293 444 1326 antistes
470 1293 565 1326 nobis
583 1297 614 1325 et
634 1293 708 1325 luiic
725 1292 861 1326 Sanctae
890 1292 964 1325 Sedi
993 1292 1050 1324 im-

307 1346 448 1379 mediate
474 1346 652 1379 subiectus·
672 1358 708 1378 ac
740 1351 785 1379 tot>
816 1347 978 1389 tantisque
1009 1346 1048 1378 ab

308 1402 345 1433 ea
370 1399 481 1443 gratiis
506 1405 537 1433 et
562 1399 741 1443 privilegiis
768 1399 938 1442 insignitus
957 1410 1050 1443 repe·›

309 1453 413 1493 ritur,
438 1453 590 1486 eumdem
617 1452 784 1485 Nicolaum
819 1452 949 1485 Mariam
982 1453 1050 1496 epi-

308 1516 442 1548 scopum
468 1506 603 1549 eiusque
628 1505 795 1538 ministros
815 1505 1049 1549 multiplicibus

309 1559 524 1602 gravibusque
551 1559 774 1592 vexationibus
799 1564 933 1602 propter
957 1570 1050 1603 prae-

309 1612 406 1645 missa
432 1612 559 1645 afficere
586 1623 622 1644 ac
654 1612 816 1655 exagitare
854 1612 946 1646 veriti
986 1623 1048 1646 non

311 1665 451 1697 suerunt.
478 1663 630 1702 Quinimo
651 1691 657 1704 ‚
682 1664 808 1697 tametsi
836 1667 1050 1698 exeommuni-

309 1717 391 1750 catio
417 1716 583 1760 praedicta
600 1743 607 1756 ,
634 1722 797 1760 tamquam
823 1718 862 1750 ab
899 1719 1050 1751 ecclesia-

309 1771 407 1802 sticae
422 1770 635 1802 immunitatis
650 1770 826 1804 violatione
844 1771 1050 1814 proveniens,

308 1823 342 1854 in
377 1833 489 1855 earum
525 1833 698 1855 numerum
735 1823 905 1856 reserenda
941 1828 1050 1863 esset,

309 1886 444 1919 quarum
481 1876 644 1909 absolutio
683 1876 812 1909 nonnisi
849 1887 866 1909 a
907 1876 1049 1910 Romano

311 1929 464 1962 Pontiflce
491 1939 550 1972 pro
570 1934 716 1972 tempore
736 1929 893 1962 existente
911 1929 1050 1963 obtineri

310 1987 443 2025 potest,
470 1982 551 2015 itaut
574 1983 695 2016 nemini
723 1983 840 2024 alteri,
879 1983 974 2016 etiam
1012 1983 1050 2016 ad

310 2037 469 2069 cautelam
488 2063 495 2076 ,
521 2047 556 2069 ac
589 2047 659 2069 eum
697 2036 929 2077 reincideiitia,
956 2042 988 2069 et
1012 2037 1051 2069 ad

311 2087 460 2122 effectum
486 2089 603 2132 agendi
631 2094 764 2131 tantum,
782 2100 852 2122 cam
871 2090 1051 2123 concedere

311 2142 358 2175 fas
383 2143 443 2182 sit3
470 2148 609 2176 attamen
643 2143 804 2187 quoddam
842 2149 1052 2186 praetensum

312 2196 456 2230 tribunal
481 2197 625 2229 eiusdem
651 2196 760 2240 regni,
780 2197 870 2230 nulla
888 2197 926 2229 ad
952 2196 984 2229 id
1010 2197 1053 2229 le-

312 2249 423 2291 gitima
461 2249 612 2282 facultate
638 2249 829 2289 suffultum,
857 2249 1051 2282 officialibus

311 2302 487 2345 praedictis
508 2330 514 2343 ,
541 2303 625 2335 sicut
648 2303 892 2346 praemittitur,
925 2313 1052 2336 excom-

312 2355 493 2399 municatis,
520 2356 737 2390 absolutionis
770 2355 966 2390 beneficium
995 2357 1052 2389 im-

313 2451 340 2484 in
360 2451 507 2486 Republica
526 2453 670 2486 lanuensi3
692 2456 719 2480 et
738 2456 827 2480 const.
849 2452 892 2480 ed.
914 2459 1031 2480 nincexnt
1044 2474 1051 2486 ,

313 2497 357 2523 die
371 2496 405 2523 23
416 2496 582 2530 decembris,
595 2498 692 2531 pontif.
713 2504 764 2530 xlv,
786 2497 861 2524 nulla
875 2497 1053 2524 declarantur
1072 2493 1074 2505 ¹

312 2533 388 2574 g'esta
406 2548 422 2566 a
440 2539 530 2567 iudice
549 2541 726 2568 monarchiae
745 2541 852 2568 Siciliae
880 2546 976 2568 contra
1005 2550 1052 2568 ex-

313 2584 591 2611 communicationem
619 2588 645 2612 et
677 2585 854 2613 interdictum
888 2586 989 2613 sactum
1019 2585 1075 2612 ab⁴

313 2629 440 2664 episeopo
460 2628 650 2664 Agrigentino,

307 715 369 749 sto,
394 709 531 742 civitatis
556 708 740 752 Liparensis
767 707 932 746 officiales,
952 708 1046 749 vulgo

1733 224 1791 258 53¹

1068 304 1070 323 2
1093 283 1235 325 pendere
1246 292 1359 314 ausum
1373 282 1438 314 suit.
1449 281 1515 320 Qua
1528 282 1734 325 postmodum
1746 293 1777 315 re
1790 283 1827 315 ad

1068 351 1070 367 t
1093 335 1246 368 iudicium
1262 340 1408 368 nostrum
1424 335 1540 374 delata,
1558 340 1585 367 et
1606 334 1732 367 anobis
1748 336 1830 368 Con-

1091 387 1272 430 gregationi
1300 386 1535 420 venerabilium
1556 387 1688 419 fratrum
1703 393 1830 419 nostro-

1092 452 1160 472 rum
1194 440 1224 474 S.
1260 441 1297 473 R.
1328 441 1360 473 E.
1395 440 1606 473 cardinalium
1634 440 1829 472 immunitati

1092 494 1328 527 ecclesiasticae
1345 500 1375 527 et
1389 493 1622 527 controversiis
1641 492 1833 526 iurisdictiO<

1092 546 1219 579 nalilius
1234 547 1438 590 praepositae
1461 546 1639 584 commissa,
1660 547 1698 578 ab
1717 546 1831 579 eadem

1091 599 1360 642 Congregaiione,
1387 599 1518 642 praevio
1544 598 1691 641 diligenti
1711 610 1746 631 ac
1767 610 1832 630 ma-

1094 657 1165 685 turo
1191 653 1360 692 examine,
1387 653 1554 685 decretum
1586 652 1728 695 prodiit,
1767 662 1831 694 quo

1092 706 1255 739 absolutio
1270 717 1286 738 a
1302 705 1385 738 dicto
1404 711 1575 749 praetenso
1588 705 1739 738 tribunali
1756 715 1834 738 con-

1092 769 1182 791 cessa
1223 758 1376 802 praefatis
1415 757 1701 790 excommunicatis
1743 758 1834 791 nulla

1092 821 1227 855 prorsus
1244 822 1279 844 ac
1298 810 1387 843 irrita
1404 821 1439 844 ex*
1456 811 1584 843 defectu
1599 810 1833 844 iurisdictionis

1093 865 1253 898 declarata
1290 864 1369 903 suit,
1410 863 1561 907 idemque
1598 863 1763 896 decretum
1782 891 1788 903 ,
1816 875 1833 896 a

1068 928 1070 950 ι
1093 918 1185 951 nobis
1210 917 1435 962 approbatum,
1464 917 1493 950 in
1521 917 1606 950 dicta
1631 917 1758 950 civitate
1784 917 1834 950 Li-

1093 972 1224 1015 parcns-i
1251 971 1338 1004 iussu
1357 976 1468 1004 nostro
1496 972 1739 1014 promulgatum
1759 971 1835 1004 sul)-

1094 1025 1167 1058 inde
1196 1025 1263 1065 t'uit,
1292 1030 1326 1056 ut
1351 1034 1410 1068 pro
1437 1023 1536 1057 veteri
1562 1024 1725 1057 Ecclesiae
1742 1035 1832 1057 ruore

1093 1078 1190 1111 iidem
1211 1077 1493 1116 excomi'nunieatr
1511 1077 1600 1110 velut
1613 1079 1696 1120 aqua
1711 1082 1742 1110 et
1759 1077 1833 1119 igne

1094 1132 1267 1172 interdicti,
1295 1138 1326 1164 ct
1352 1136 1516 1175 tamquam
1543 1131 1671 1174 putrida
1688 1131 1834 1163 membra

1069 1204 1071 1229 2
1094 1185 1270 1219 canonicae
1297 1185 1478 1218 severitatis
1499 1185 1608 1228 gladio
1634 1185 1777 1218 abscissa
1795 1195 1834 1218 ne

1095 1244 1196 1271 totum
1230 1249 1347 1282 corpus
1381 1237 1571 1277 inficerent,
1609 1238 1647 1269 ab
1681 1238 1832 1271 omnibus

1070 1288 1358 1329 l‹;·tn=isiifidctibus
1390 1291 1582 1324 vitarentur.
1618 1291 1700 1323 llinc
1733 1301 1833 1333 porro

1070 1365 1072 1382 t
1093 1350 1236 1377 secutum
1264 1344 1322 1376 suit
1347 1349 1380 1376 ut
1405 1343 1535 1386 quidam
1560 1344 1751 1376 Vincentius
1776 1345 1835 1376 Au-

1094 1399 1216 1436 ccllus‚
1244 1397 1402 1430 ccclesiae
1428 1396 1458 1429 S.
1487 1396 1573 1430 Petri
1607 1396 1755 1429 Panormi
1783 1407 1834 1429 ca-

1094 1451 1240 1491 nonicus,
1273 1460 1344 1483 cum
1369 1449 1497 1482 notario
1520 1450 1708 1492 armataque
1743 1449 1835 1481 sami-

1093 1504 1136 1537 lia
1160 1503 1308 1547 Liparam
1335 1502 1504 1545 ablegatus
1531 1502 1635 1541 fucrit,
1662 1503 1700 1535 ad
1723 1502 1784 1535 lioc
1801 1508 1834 1534 ut

1094 1557 1213 1590 nedum
1239 1561 1390 1589 auctores
1415 1561 1448 1589 et
1472 1555 1618 1588 conscios
1650 1556 1836 1598 promulga-

1095 1610 1191 1643 tionis
1218 1609 1387 1642 memorati
1419 1608 1541 1641 decreti
1576 1608 1752 1651 diligenter
1787 1609 1836 1640 in-

1095 1663 1242 1707 quireret
1267 1673 1304 1695 ac
1329 1662 1472 1705 puniret,
1497 1672 1608 1694 verum
1629 1661 1725 1694 etiam
1744 1672 1837 1704 prae-

1095 1717 1199 1750 dictos
1224 1715 1379 1749 officiales
1408 1715 1492 1747 sicut
1527 1715 1750 1758 praemittitur
1785 1725 1836 1747 ex-

1095 1770 1348 1803 communicatos
1361 1769 1622 1802 christifidelium
1637 1768 1835 1801 commercio

1095 1829 1439 1865 sacramentorumque
1477 1822 1744 1865 participationi,
1781 1833 1837 1864 pu-

1094 1877 1179 1910 blica
1211 1876 1354 1909 eiusdem
1387 1875 1657 1918 Congregationis
1691 1875 1836 1907 declara-

1097 1930 1183 1963 tione
1198 1931 1392 1972 contempta,
1411 1928 1609 1961 restitueret.
1625 1927 1710 1966 Quae
1728 1927 1836 1960 omnia

1095 1983 1179 2016 idem
1197 1983 1395 2023 Vincentius,
1412 1993 1472 2026 pro
1491 1981 1580 2025 regio
1597 1981 1662 2014 sive
1681 1980 1836 2014 antedicti

1096 2036 1256 2080 praetensi
1284 2036 1455 2068 tribunalis
1481 2036 1631 2077 delegato
1659 2044 1692 2067 sc
1708 2044 1834 2077 gerens»,

1096 2100 1160 2122 non
1176 2089 1245 2122 sine
1261 2089 1400 2121 maximo
1419 2087 1563 2121 fidelium
1581 2087 1735 2120 scandalo
1754 2097 1835 2121 sum-

1096 2145 1211 2186 maque
1242 2141 1536 2175 ecclesiasticariu‘n
1574 2142 1681 2184 legum
1718 2142 1835 2175 iniuria

1095 2208 1131 2229 ac
1158 2195 1327 2229 manifesta
1345 2195 1442 2236 etiam
1460 2195 1665 2238 Apostolieae
1680 2195 1771 2228 Sedis
1790 2196 1837 2228 of-

1072 2257 1074 2272 ’
1096 2250 1252 2289 sensione,
1268 2248 1587 2281 audacterexecutus
1605 2248 1672 2280 suit.
1694 2248 1836 2281 Primum

1095 2303 1181 2336 enirn
1207 2303 1368 2341 omniurn,
1393 2302 1501 2335 statim
1527 2312 1563 2334 ac
1588 2301 1736 2345 Liparam
1763 2313 1836 2345 per-

1095 2355 1191 2397 venit,
1216 2355 1401 2399 praedictos
1416 2355 1712 2388 excommunicatos
1728 2365 1837 2389 secum

1095 2410 1134 2442 ad
1153 2409 1324 2443 ecclesiam
1343 2410 1378 2442 B.
1397 2408 1535 2451 Virginis
1553 2408 1735 2441 Gratiarum
1754 2419 1836 2441 nun-

1096 2468 1231 2506 cupatae
1257 2463 1362 2506 palam
1383 2462 1524 2502 adduxit,
1544 2467 1577 2494 et
1595 2467 1835 2495 sacrosanctum

1096 2516 1214 2548 missae
1240 2515 1433 2548 sacrificium
1460 2515 1626 2548 celebrare
1653 2514 1730 2558 ipsis
1748 2524 1836 2557 prae-

1074 2605 1075 2611 *
1096 2567 1241 2601 sentibus
1260 2578 1326 2601 non
1346 2567 1525 2600 exhorruit.
1545 2567 1668 2600 Deinde
1688 2567 1835 2610 pluribus

1073 2616 1076 2630 ³
1097 2631 1132 2655 ex
1160 2621 1316 2654 saeculari
1342 2626 1371 2653 et
1395 2620 1540 2664 regulari
1571 2621 1659 2653 clero
1691 2618 1837 2653 sacerdo-

1843 233 1891 259 Αιι.
1909 232 1936 259 C.
1956 233 2021 260 ¹712
