2269 3203
108 215 159 241 Αη.
177 214 206 240 C.
231 213 298 241 ¹713

303 271 339 294 ac
370 261 488 305 quibus
523 260 799 304 Congregationes
837 264 868 291 et
903 258 1039 291 Ordines

302 314 460 357 praedicti
487 313 731 357 quomodolibet
751 317 884 344 utuntur
909 316 939 344 et
964 321 1039 352 gau-

303 368 400 407 dent,
426 379 443 400 a
468 367 562 401 nobis
599 364 827 400 communicari
866 364 1037 407 plurimum

303 419 491 453 desideret:
528 419 623 452 nobis
659 423 836 461 propterea
872 416 1062 464 humiliteri

303 473 478 515 supplicari
498 472 574 505 fecit
599 477 633 504 nt
652 472 682 503 in
709 469 897 514 praemissis
924 479 1041 512 oppor-
1061 469 1062 504 ἶ

304 531 379 558 time
405 525 575 569 providere
596 529 627 557 et
647 530 683 556 ut
707 523 788 556 infra
813 523 983 565 indulgere
1001 522 1039 554 de
1061 517 1062 523 ¹

304 577 503 620 benignitate
528 577 703 620 apostolica
728 575 950 618 dignaremur.

178 640 293 670 ,cunc-‚sao
347 631 362 675 g
382 631 411 664 02.
429 629 490 664 Nos
513 630 618 673 igitur,
641 628 931 672 Congregationem
949 637 1042 671 prae-

107 668 293 715 555155L'51‘3‚Y‚t'31¹'²'
304 684 318 717 s
317 689 412 723 atam,
427 694 519 728 quam
535 683 692 726 peculiari
707 687 860 726 paternae
874 681 963 714 chari
969 681 1041 713 tatis

302 736 416 770 all'cctu
443 735 688 780 prosequimur,
715 735 888 778 ipsumque
913 734 1041 767 Colum-

301 789 412 823 binum
437 789 589 823 abbatem
606 788 801 832 specialibus
828 787 991 820 favoribus
1011 792 1042 820 et

302 842 412 884 gratiis
438 842 590 886 prosequi
617 842 778 881 volentes,
805 845 837 873 ct
861 840 1040 883 singulares

934 209 1074 234 CLEMENS
1101 209 1129 232 XI
1157 209 1204 232 ΙΨ.

300 895 569 939 Congregationis
607 895 791 928 huiusmodi
832 904 987 938 personas
1024 904 1040 925 a

299 942 467 992 q'uibusvis
484 948 839 988 excommunicationis,
854 947 1042 991 suspensio·

299 1002 349 1034 nis
376 1005 407 1035 et
436 1002 613 1042 interdicti,
639 1002 778 1045 aliisque
811 1001 1063 1046 ecelesiasticis}

299 1055 481 1095 sententiis,
501 1055 646 1088 censuris
665 1061 695 1087 et
712 1055 837 1098 poenis,
860 1066 877 1086 a
902 1054 972 1087 iure
991 1054 1039 1087 vel

300 1108 340 1140 ab
358 1108 512 1147 bomine,
537 1107 648 1152 quavis
673 1107 846 1140 occasione
873 1108 921 1140 rel
945 1108 1041 1140 causa
1062 1119 1064 1121 ·

301 1161 384 1200 latis,
409 1161 436 1194 si
461 1161 579 1205 quibus
596 1161 841 1204 quomodolibet
866 1160 1040 1193 innodatae

302 1214 456 1254 existunt,
476 1215 514 1247 ad
536 1214 683 1248 effectum
709 1213 930 1257 praesentium
956 1214 1042 1246 dum-

301 1272 386 1300 taxat
409 1267 702 1310 consequendum,
729 1267 843 1300 harum
877 1266 962 1299 serie
989 1266 1041 1299 ab·

300 1320 466 1354 solventes
492 1325 523 1352 et
547 1320 711 1353 absolutas
743 1320 811 1353 sore
846 1324 1041 1359 censenteS‚

302 1372 486 1406 huiusmodi
511 1372 806 1418 supplicationibus
824 1372 982 1413 inclinati,
1001 1372 1040 1405 de

301 1427 534 1461 venerabilium
551 1427 682 1460 fratrum
700 1432 888 1460 nostrornm
903 1426 933 1459 S.
951 1426 989 1459 R.
1004 1425 1038 1459 E.

301 1480 515 1514 cardinalium
533 1480 674 1524 negotiis
696 1485 729 1513 et
745 1479 1041 1513 consultationibus

301 1534 534 1578 episcoporum
560 1540 592 1567 et
616 1534 813 1576 regularium
838 1533 1042 1577 praeposito-

302 1597 373 1620 rum
391 1587 535 1626 consiliO,
555 1592 587 1620 et
605 1588 727 1620 attenta
750 1587 909 1620 relatione
931 1586 1039 1620 dilecti

302 1639 359 1673 tilii
397 1640 499 1673 nostri
537 1639 644 1673 Caroli
685 1640 854 1683 Augustini
894 1640 1039 1673 eiusdem

302 1693 333 1726 S.
365 1693 402 1725 R.
429 1693 462 1725 E.
488 1693 661 1726 cardinalis
687 1693 827 1726 Fabroni
853 1693 1038 1736 nuncupati,

301 1745 488 1788 praedictae
514 1745 782 1788 Congregationis
806 1746 1040 1779 Yallisumlne-
1061 1759 1063 1777 ι

302 1807 356 1830 sae
374 1798 458 1841 apud
478 1808 536 1831 nos
554 1803 586 1831 et
601 1798 718 1832 Sedem
736 1799 953 1842 Apostolicam
971 1810 1041 1842 pro·
1061 1821 1063 1823 »

303 1851 445 1890 tectoris,
464 1861 562 1895 super
582 1852 769 1895 praemissis
797 1853 918 1886 eisdem
939 1853 1042 1886 cardi—

302 1903 431 1937 nalibus
458 1905 552 1945 sacta,
569 1911 766 1939 memoratae
789 1905 1039 1948 Congregationi

303 1957 574 1992 vallisumbrosae
615 1958 751 2002 petitum
789 1959 949 1991 indultum
986 1969 1040 1992 seu

303 2011 644 2053 communicationem,
665 2012 748 2044 dicta
773 2012 976 2052 auctoritate,
995 2017 1042 2045 te·
1063 2031 1064 2042 i

304 2074 384 2097 nore
408 2064 642 2108 praesentium,
669 2065 890 2098 concedimus.

348 2117 363 2160 ἓ
386 2117 418 2150 3.
444 2117 679 2159 Decernentes‚
699 2119 827 2152 easdem
854 2124 1042 2162 praesentes

304 2170 429 2204 litteras
457 2181 588 2215 semper
619 2171 726 2205 firmas
751 2178 782 2205 et
806 2172 952 2205 efficaces
979 2172 1043 2205 exi-

304 2229 390 2258 stere
415 2230 447 2258 et
471 2224 551 2265 fore,
575 2236 714 2269 suosque
740 2225 906 2269 plenarios
932 2231 964 2259 et
989 2226 1040 2258 in-

305 2282 414 2319 tegros
446 2277 578 2311 effeetus
604 2279 710 2312 sortiri
743 2284 774 2312 et
808 2278 978 2318 obtinere,
1009 2289 1045 2313 ac

306 2328 391 2369 illis,
416 2331 455 2364 ad
480 2342 562 2375 quos
599 2337 722 2376 spectat
747 2336 778 2365 et
809 2342 868 2375 pro
895 2337 1043 2376 tempore

307 2383 578 2429 quandocumque
597 2386 774 2429 spectabit,
794 2386 826 2419 in
845 2386 996 2419 omnibus
1014 2391 1046 2419 et

307 2445 366 2478 per
390 2436 498 2470 omnia
518 2438 708 2480 plenissime
727 2438 913 2482 suffi'agari3
933 2439 1043 2482 sicque

308 2487 338 2519 in
360 2488 550 2530 praemissis
575 2500 636 2533 per
664 2485 1044 2535 quosctiiiis1u5³itidices

137 2122 257 2145 cisimulae.

308 2540 490 2573 ordinarios
515 2546 548 2573 et
564 2541 743 2585 delegatos,
761 2544 858 2577 etiam
876 2554 1043 2578 causarum
1066 2567 1067 2585 Ξ

308 2594 419 2637 palatii
445 2595 619 2637 apostolici
648 2596 829 2636 auditores,
852 2598 990 2631 iudicari
1016 2604 1043 2631 et
1066 2597 1067 2605 ¹

1717 198 1779 233 579
1827 207 1877 234 An.
1896 207 1923 233 e.
1945 207 2013 234 1713

1082 256 1212 290 definiri
1237 257 1357 290 debere
1373 283 1380 297 ‚
1405 267 1441 290 ac
1466 257 1592 289 irritum
1619 261 1650 289 et
1674 257 1768 289 inane
1795 256 1819 288 si

1082 320 1175 342 secus
1189 310 1351 354 superbis
1366 320 1383 343 a
1397 320 1570 353 quoquam,
1590 309 1701 352 quavis
1716 314 1822 341 aucto-

1083 362 1187 409 ritate,
1205 363 1347 396 scienter
1364 364 1415 396 vel
1433 363 1634 405 ignoranter,
1647 362 1822 403 contigerit

1083 416 1250 448 attentari.
1265 416 1332 449 Non
1355 416 1557 449 obstantibus
1577 415 1773 458 praemissis,
1787 425 1823 447 ae

1083 469 1370 502 constitutionibus
1404 475 1435 502 et
1466 468 1726 502 ordinationilnis
1751 479 1823 510 apo-

1061 528 1063 547 ῑ
1083 522 1218 562 stolicis,
1234 530 1545 566 necnon‚‹piatenus
1557 533 1638 565 opus
1651 522 1700 560 sit,
1717 521 1821 554 dictae

1083 575 1353 618 Congregationis
1394 575 1691 614 Yallismnbrosae,
1725 574 1823 606 etiam

1083 629 1274 669 iuramento,
1294 628 1539 662 confirmatione
1559 625 1748 671 apostolica,
1772 628 1822 659 vel

1084 681 1195 724 quavis
1220 681 1370 714 firmitate
1403 681 1463 714 alia
1490 681 1670 720 roboratis,
1696 679 1823 713 statutis

1084 740 1116 767 et
1140 734 1444 774 consuetudinibus,
1472 734 1648 777 privilegiis
1678 743 1820 776 quoque,

1084 786 1218 820 indultis
1245 792 1276 821 et
1300 787 1416 820 litteris
1443 787 1632 832 apostolicis
1650 786 1681 818 in
1700 790 1824 818 contra-

1085 841 1166 873 rium
1192 841 1444 884 praemissorum
1471 839 1717 884 quomodolibet
1748 849 1824 872 con-

1084 893 1195 933 cessis,
1221 892 1420 926 confirmatis
1446 897 1477 926 et
1498 893 1676 933 innovatis,
1704 892 1823 935 quibus

1085 946 1238 978 omnibus
1276 951 1307 979 et
1338 946 1486 988 singulis,
1522 945 1654 979 illorum
1693 950 1822 977 tenores

1084 998 1312 1041 praesentibus
1338 1009 1398 1041 pro
1431 999 1528 1041 plene
1555 1004 1585 1031 et
1622 997 1822 1030 sufficienter

1062 1062 1063 1069 ¹
1086 1051 1245 1095 expressis
1271 1062 1307 1084 ae
1327 1051 1366 1083 ad
1388 1052 1521 1084 verbum
1549 1049 1679 1083 insertis
1705 1050 1823 1082 liaben-

1085 1110 1142 1144 tes,
1162 1105 1225 1138 illis
1246 1104 1324 1137 alias
1350 1104 1383 1136 in
1404 1114 1461 1136 suo
1487 1105 1606 1137 robore
1631 1113 1822 1146 permansu-

1084 1157 1138 1196 ris,
1155 1158 1194 1190 ad
1212 1157 1466 1200 praemissorum
1487 1157 1646 1196 etl'ectum,
1666 1157 1727 1189 liae
1753 1155 1821 1188 vice

1084 1210 1259 1250 dumtaxat,
1284 1210 1469 1253 specialiter
1490 1215 1522 1243 et
1547 1220 1697 1253 expresse
1728 1210 1823 1242 ‹lero-

1086 1273 1215 1306 gamus,
1256 1263 1440 1307 ceterisque
1474 1262 1645 1296 contrariis
1683 1262 1818 1306 quibus-

1085 1326 1235 1359 eumque.

1128 1369 1143 1413 ᾗ
1175 1369 1206 1401 4.
1243 1369 1397 1402 Volumus
1430 1373 1536 1402 autem
1569 1374 1603 1401 ut
1635 1367 1822 1401 earumdem
1873 1379 1936 1400 rates
1959 1381 2018 1401 tran-

1083 1423 1305 1467 praesentium
1322 1422 1502 1457 litterarum
1527 1422 1749 1466 transumptis,
1764 1410 1969 1455 seusumpmmn.

1085 1476 1254 1520 exemplis,
1268 1476 1363 1509 etiam
1378 1476 1558 1519 impressis,
1576 1486 1672 1508 manu
1687 1475 1823 1508 alicuius

1086 1529 1202 1562 notarii
1217 1529 1341 1572 publici
1359 1528 1563 1572 subscriptis,
1579 1534 1610 1561 et
1624 1529 1734 1571 sigillo
1751 1539 1823 1572 per-

1084 1593 1183 1616 sonae
1209 1582 1241 1615 in
1266 1582 1488 1616 ecclesiastiea
1519 1582 1677 1625 dignitate
1703 1583 1823 1615 consti-

1086 1641 1171 1669 tutae
1181 1635 1325 1675 munitis,
1337 1635 1450 1668 eadem
1462 1645 1598 1678 prorsus
1608 1635 1687 1668 fides
1703 1635 1823 1678 ubique

1085 1690 1228 1722 locorum
1248 1694 1310 1721 tam
1330 1688 1362 1721 in
1380 1688 1499 1721 iudicio
1518 1699 1614 1732 quam
1633 1693 1722 1721 extra
1742 1688 1824 1720 illud

1085 1742 1255 1781 habeatur,
1280 1751 1363 1785 quae
1382 1741 1460 1783 ipsis
1477 1741 1706 1784 praesentibus
1729 1741 1825 1774 liabe-

1085 1801 1174 1828 retur
1202 1795 1225 1828 si
1259 1795 1365 1827 forent
1390 1793 1553 1827 exhibitae
1579 1795 1627 1827 vel
1659 1799 1820 1827 ostensae.

1130 1849 1241 1881 Datum
1270 1848 1407 1887 Romae,
1440 1848 1524 1891 apud
1551 1847 1582 1880 S.
1610 1847 1740 1880 Mariam
1765 1847 1825 1879 illa-

1085 1901 1197 1941 iorem,
1224 1902 1284 1934 sub
1310 1901 1431 1934 annulo
1449 1900 1633 1940 piscatoris,
1652 1900 1703 1933 die
1726 1910 1823 1933 xxvtn

1086 1954 1281 1998 septembris
1307 1963 1466 1995 MDccxui,
1494 1952 1700 1997 pontificatus
1719 1953 1823 1986 nostri

1087 2017 1172 2041 anno
1188 2017 1256 2041 xm.

1122 2069 1180 2097 Dat.
1197 2069 1240 2096 die
1259 2069 1293 2096 28
1305 2069 1469 2105 septembris
1482 2069 1558 2104 1713,
1572 2069 1666 2104 pontit.
1679 2076 1748 2096 anno
1766 2074 1823 2095 xm.

1407 2247 1503 2281 CXCI.

1089 2335 1282 2370 Conceditur
1312 2336 1520 2380 indulyemia
1542 2337 1693 2381 plenaria
1716 2347 1827 2382 perpe-

1134 2393 1189 2422 tua
1211 2400 1270 2434 pro
1295 2390 1434 2423 ecclesiis
1458 2391 1601 2433 fratrum
1629 2390 1827 2434 Capuccz'no-

1132 2452 1204 2475 rum
1239 2443 1276 2476 in
1312 2443 1400 2486 festis
1435 2448 1619 2477 sanctorum
1654 2443 1827 2477 Pasclealis

1133 2495 1262 2539 Baylon
1283 2500 1310 2530 et
1334 2497 1471 2530 Ioannis
1495 2497 1722 2541 Czi1n'stvmzo'.

1123 2563 1134 2588 1
1159 2563 1201 2589 ΑΙ)
1220 2564 1376 2592 Innocentio
1397 2565 1429 2591 XI
1450 2565 1558 2593 constit.
1579 2565 1644 2592 edit.
1667 2571 1825 2596 ninztxxxui,

1065 2639 1068 2642 Δ
1088 2606 1130 2632 die
1153 2608 1184 2633 ’.9
1205 2608 1275 2640 maii,
1298 2609 1391 2643 pontit.
1413 2615 1470 2642 xm,
1491 2617 1618 2636 concessa
1648 2609 1693 2635 fuit
1715 2608 1828 2635 facultas
