2269 3203
115 220 163 246 An.
184 215 212 245 C.
228 217 297 245 1707

192 2196 310 2216 [velidi-atio

127 2223 228 2247 nullitatni
247 2223 310 2244 edicti

127 2250 227 2280 praefati.

942 213 1082 238 ereum}

313 267 400 300 mine
420 266 619 300 venerabilis
643 265 737 299 etiam
758 264 865 297 fratris
884 262 1055 306 Augustini
1077 261 1080 276 '

314 321 353 353 ab
388 319 647 353 Annunciatione
687 318 738 351 die
771 327 835 350 xx1i
874 316 1056 349 decembris

312 383 431 408 nucciv
457 372 580 406 editum
610 371 779 414 prodierit,
805 376 835 403 ct
861 369 997 403 subinde
1024 369 1055 402 in

313 427 507 472 quibusdam
528 426 726 470 oppidorum
753 436 808 458 scu
829 425 975 457 Iocorum
995 424 1056 456 Ma-
1077 422 1079 438 ¹

314 481 501 524 draspatani
538 485 568 513 et
604 479 791 512 Pudiahcrii
830 477 988 517 eeclesiis,
1026 483 1079 517 ct‘,

315 536 425 568 forsan
446 533 535 574 alibi,
552 533 753 576 publicatum
775 531 881 571 suerit,
900 542 975 573 quo,
998 531 1056 563 suh
1077 527 1079 545 ³

314 587 423 627 variis,
449 586 570 619 frivolis
596 596 631 618 ae
657 596 793 628 prorsus
821 584 1057 617 insubsistenti—

315 642 374 674 hus
387 639 621 684 praetextibus,
633 649 789 671 censurae
805 638 1003 681 praedictae,
1018 637 1056 670 ab

316 695 429 727 eodem
455 693 571 726 Carolo
597 691 718 724 Thoma
751 690 938 734 patriarcha
971 701 1056 723 com-

315 747 465 780 missario
485 751 516 779 et
535 746 710 784 visitatore,
727 745 809 777 sicut
830 743 1056 787 praemittitur,

315 800 555 844 promulgatae,
582 798 727 831 inaudito
753 808 845 837 ausu,
865 798 976 829 nullae
1004 797 1058 829 de-

316 854 491 892 clarantur,
517 851 646 895 ipsique
678 851 845 894 regulares
879 851 918 883 ad
953 860 1058 883 sacra-

315 910 501 939 mentorum
527 905 822 938 ecclesiasticorum
855 903 1059 936 administra-

318 959 439 992 tionem
456 959 679 997 admittuntur‚
699 968 826 991 necnon
852 957 1003 990 omnihus
1029 962 1060 990 et

317 1012 455 1055 singulis
483 1017 544 1045 tam
579 1011 810 1045 ecclesiasticis
844 1021 940 1055 quam
969 1010 1060 1043 laicis

317 1066 548 1105 mandatur‚ne
567 1065 627 1108 ipsi
642 1065 757 1098 Carolo
772 1065 915 1097 Thomae
930 1064 1061 1107 patriar-
1080 1079 1081 1082 ¹

317 1119 399 1152 chae
420 1118 640 1152 commissario
667 1123 697 1151 et
716 1117 876 1151 visitatori
896 1117 1058 1156 obediant,

318 1176 374 1204 aut
399 1171 502 1205 dictas
534 1181 687 1204 censuras
709 1177 933 1211 revereantur,
953 1181 989 1203 ac
1014 1171 1061 1202 in-

319 1235 417 1268 super
434 1225 540 1258 eidem
558 1224 673 1258 Carolo
691 1225 833 1257 Thomae
851 1224 1059 1267 patriarchae

318 1277 542 1312 commissario
571 1283 602 1310 et
627 1277 798 1317 visitatori,
826 1278 957 1311 inverso
982 1289 1059 1311 sanc
1081 1289 1082 1292 ’

318 1343 496 1377 poenarum
521 1341 581 1375 per
606 1331 775 1364 canonicas
807 1332 994 1364 sanctiones
1020 1332 1083 1363 ir—¹

318 1391 505 1430 legatarum
530 1396 599 1425 usu,
623 1385 683 1418 sub
714 1385 1083 1422 exconn‘minicationis.

319 1442 424 1484 poena
449 1439 629 1479 inhibetur,
654 1439 828 1482 quominus
862 1439 1061 1472 iurisdictio-

319 1505 392 1528 nem
412 1503 504 1527 suam
522 1493 624 1525 libere
643 1498 802 1533 exerceat,
818 1492 944 1536 aliaque
964 1498 1062 1526 teme-

320 1559 354 1581 re
386 1546 633 1591 praecipiuntur
670 1552 765 1590 atque
791 1547 1001 1588 ordinantur,
1028 1547 1060 1580 in

321 1600 549 1644 gravissimum
564 1600 763 1642 apostolicae
779 1601 987 1641 auctoritatis,
999 1612 1061 1644 qua

321 1654 407 1687 idem
440 1652 572 1685 Carolus
598 1652 736 1686 Thomas
761 1654 950 1696 patriarcha
975 1664 1062 1686 com-

322 1706 492 1740 missarius
518 1711 549 1738 et
573 1705 721 1738 visitator
746 1711 861 1739 nostro
895 1712 926 1739 et
956 1707 1060 1740 dictae

321 1759 412 1792 Sedis
439 1758 572 1792 nomine
599 1758 631 1790 in
656 1758 719 1790 illis
741 1759 887 1801 partibus
907 1759 1060 1802 fungitur,

321 1817 555 1855 contemptum,
574 1811 810 1854 praeiudicium
833 1817 863 1844 et
889 1813 1064 1845 detrimen-

323 1872 400 1907 tum,
427 1870 459 1898 et
483 1865 574 1904 alias,
597 1869 694 1908 prout
720 1864 750 1896 in
778 1865 924 1908 praes-ato
944 1866 1062 1905 edicto,

321 1919 421 1963 quod,
449 1929 515 1952 non
541 1918 762 1961 approbandi,
790 1919 843 1951 sed
871 1919 999 1962 penitus
1032 1925 1064 1952 et

321 1973 454 2007 omnino
472 1971 671 2016 reprobandi
692 1971 812 2011 animo,
832 1973 1063 2015 praesentibus
1083 1988 1085 1991 ·

321 2027 433 2060 itidem
454 2036 514 2069 pro
540 2025 638 2068 plene
659 2030 690 2057 et
708 2024 908 2058 sufficienter
934 2036 1064 2069 expres-

322 2091 358 2114 so
385 2085 416 2113 et
441 2080 480 2113 de
502 2079 602 2112 verbo
630 2079 668 2111 ad
697 2079 830 2111 verbum
856 2078 980 2112 inserto
1008 2080 1065 2113 lia-

321 2133 393 2168 beri
411 2133 569 2173 volumus,
591 2131 724 2165 uberius
745 2131 862 2165 dicitur
880 2133 1062 2166 contineri:

366 2186 421 2232 Ψ.
437 2186 518 2220 Hinc
533 2191 581 2219 est
599 2185 684 2229 quod
700 2195 768 2225 nos,
785 2196 821 2219 ex
837 2185 947 2219 debito
962 2197 1064 2220 sacro·

322 2241 422 2276 sancti
438 2241 638 2284 apostolatus
657 2239 766 2279 officii,
784 2239 870 2282 quod
891 2239 1063 2273 humilitati

323 2301 468 2336 nostrae,
496 2293 622 2327 meritis
649 2295 727 2327 licet
760 2298 791 2326 et
817 2293 940 2326 viribus
967 2294 1064 2337 longe

323 2348 451 2392 impari,
474 2346 638 2381 commisit
663 2346 770 2379 divina
798 2346 953 2390 dignatio,
981 2347 1065 2379 eius-

324 2401 397 2433 dem
422 2400 527 2434 Caroli
553 2399 694 2433 Thomae
730 2400 950 2442 patriarchae,
978 2411 1065 2433 com-

325 2453 462 2486 missarii
478 2458 509 2486 et
522 2452 708 2493 visitatoris,
724 2463 779 2486 seu
795 2453 903 2496 potius
920 2459 1063 2486 nostram

325 2511 357 2540 et
381 2506 484 2538 dictae
502 2505 592 2538 Sedis
611 2505 811 2548 dignitatem,
838 2506 1063 2540 auctoritatem

326 2565 358 2592 et
381 2557 636 2591 iurisdictionem
662 2569 678 2591 a
705 2559 883 2592 temerariis
909 2565 937 2592 et
956 2560 1064 2603 perni-

326 2611 420 2646 ciosis
439 2610 626 2644 huiusmodi
653 2612 822 2645 conatibus
844 2612 972 2646 illaesas
997 2623 1065 2646 sar-

404 2674 485 2705 Buta.
500 2675 582 2704 Rom.
600 2689 629 2694 -—
653 2674 712 2703 Vol.
728 2674 805 2703 XXI.
951 2675 984 2702 32

1111 213 1138 237 xi
1163 213 1210 236 rr.
1741 205 1803 237 ⁶205·
1850 214 1887 239 An
1921 214 1948 239 e.
1969 213 2033 241 1707

1100 266 1212 305 tasque
1250 266 1281 295 et
1316 266 1415 295 tectas
1454 262 1534 295 tueri
1579 268 1609 295 et
1647 273 1838 296 conservare

1099 316 1282 359 cupientes,
1320 327 1355 348 ac
1394 315 1550 355 omnium,
1577 326 1657 359 quae
1684 317 1840 359 praedicti

1099 369 1195 401 edicti
1216 380 1272 402 seu
1302 369 1332 401 in
1352 380 1390 402 eo
1416 373 1643 402 contentorum
1669 370 1841 402 occasione

1100 423 1213 466 quovis
1231 423 1328 456 modo
1348 428 1416 455 acta
1443 428 1473 455 et
1500 428 1590 463 gesta
1608 428 1693 462 sunt,
1712 423 1840 461 seriem,

1101 487 1211 509 causas
1238 482 1270 509 et
1294 476 1566 515 circumstantias,
1602 475 1699 508 etiam
1734 486 1843 518 aggra-

1101 535 1223 569 vantes,
1250 529 1352 562 aliave
1378 539 1613 572 quaecumque,
1647 529 1741 561 etiam
1776 540 1843 572 spe-

1101 583 1223 615 cificam
1245 588 1276 615 et
1296 582 1496 615 individuam
1522 582 1720 616 mentionem
1740 588 1771 614 et
1790 594 1843 615 ex-

1100 635 1303 679 pressionem
1348 635 1571 679 requirentia,
1615 635 1843 678 praesentibus

1101 689 1225 732 pariter
1242 699 1301 732 pro
1320 690 1417 732 plene
1437 694 1468 721 et
1485 688 1686 721 sufficienter
1711 699 1843 731 expres-

1101 743 1143 775 sis
1169 748 1201 775 et
1232 747 1340 775 exacte
1374 741 1569 784 specificatis
1595 741 1777 781 habentes,
1804 741 1843 775 de

1102 797 1337 829 nonnullorum
1365 806 1401 828 ex
1427 795 1664 828 venerabilibus
1692 795 1844 827 fratribus

1102 849 1222 883 nostris
1247 848 1278 882 S.
1301 849 1336 881 R.
1356 848 1391 881 E.
1412 848 1633 881 cardinalibus
1659 847 1846 891 Congrega-

1104 903 1201 936 tionis
1225 902 1457 946 propagandae
1488 901 1562 934 fidei
1589 901 1727 944 negotiis
1752 912 1845 945 prae—

1103 956 1226 1000 positae
1253 967 1352 999 super
1381 956 1479 988 rebus
1513 955 1677 988 Indiarum
1704 954 1845 988 Orienta-

1104 1010 1183 1042 lium
1215 1020 1231 1042 a
1265 1009 1360 1042 nobis
1392 1009 1578 1052 specialiter
1614 1009 1846 1052 deputatorum

1104 1064 1252 1102 consilio,
1281 1074 1316 1096 ac
1341 1063 1438 1096 etiam
1464 1068 1553 1095 motu
1580 1063 1723 1105 proprio,
1750 1067 1782 1094 et
1809 1071 1845 1094 ex

1104 1119 1191 1151 certa
1217 1116 1353 1150 seientia
1385 1121 1417 1149 et
1449 1118 1574 1149 matura
1609 1114 1846 1148 deliberatione

1105 1170 1244 1210 nostris,
1289 1170 1394 1213 deque
1437 1169 1634 1213 apostolicae
1676 1168 1847 1212 potestatis

1104 1224 1319 1268 plenitudine,
1357 1229 1603 1266 praenarratum
1640 1223 1782 1255 edictum
1815 1228 1848 1255 et

1105 1288 1329 1321 quaecumque
1349 1277 1380 1308 in
1407 1288 1444 1310 eo
1471 1282 1634 1316 contenta,
1655 1287 1724 1309 cum
1744 1277 1848 1310 omni—

1104 1333 1164 1365 hus
1198 1337 1229 1364 et
1254 1331 1392 1374 singulis
1417 1331 1493 1363 inde
1522 1331 1650 1370 secutis
1679 1336 1710 1363 et
1738 1331 1845 1363 t'orsan

1105 1386 1379 1430 quandocumque
1420 1384 1577 1417 secuturis
1595 1412 1602 1425 ,
1640 1384 1769 1427 penitus
1816 1390 1848 1416 et

1105 1440 1239 1473 omnino
1261 1439 1367 1479 nulla,
1391 1437 1516 1477 inania,
1553 1437 1710 1477 invalida,
1736 1438 1846 1478 irrita,

1106 1492 1290 1531 temeraria,
1309 1495 1466 1524 attentata
1481 1491 1566 1524 etde
1583 1492 1665 1524 sacto
1680 1502 1848 1534 praesum-

1105 1553 1167 1589 pta,
1195 1546 1383 1588 nulliusque
1411 1544 1543 1578 omnino
1570 1544 1698 1578 roboris
1725 1551 1756 1577 et
1781 1555 1848 1577 nio-

1105 1600 1204 1633 menti
1221 1610 1290 1632 esse
1306 1604 1336 1631 et
1351 1604 1510 1642 perpetuo
1527 1599 1603 1638 sore,
1624 1604 1737 1631 tenore
1756 1609 1848 1642 prae-

1105 1653 1247 1686 sentium
1273 1652 1475 1685 declaramus
1493 1663 1500 1691 3
1520 1656 1551 1684 et
1569 1651 1782 1684 nihilominus
1809 1652 1846 1684 ad

1105 1706 1260 1739 maiorem
1272 1705 1442 1743 cautelam,
1465 1709 1497 1736 et
1515 1710 1673 1747 quatenus
1693 1715 1776 1748 opus
1795 1704 1848 1744 sit,

1105 1760 1160 1793 illa
1194 1759 1303 1792 omnia
1340 1763 1371 1790 et
1407 1758 1548 1800 singula,
1578 1763 1677 1798 motu,
1705 1758 1847 1797 seientia,

1106 1812 1342 1846 deliberatione
1380 1817 1411 1844 et
1437 1811 1607 1854 potestatis
1641 1811 1847 1854 plenitudine

1106 1867 1262 1911 paribus,
1290 1867 1406 1898 harum
1433 1865 1516 1898 serIe
1548 1865 1661 1898 itidem
1686 1870 1847 1908 perpetuo

1107 1930 1310 1959 revocamus,
1332 1929 1504 1958 cassamus,
1533 1918 1711 1958 irritamus,
1739 1919 1849 1952 annul-

1106 1975 1209 2007 lamus
1230 1979 1260 2006 et
1278 1973 1456 2012 abolemus,
1477 1972 1667 2015 viribusque
1686 1977 1716 2005 ct
1733 1971 1849 2005 effectu

1106 2027 1237 2071 penitus
1256 2031 1287 2059 et
1305 2025 1437 2059 omnino
1459 2035 1639 2064 vacuamus,
1659 2030 1691 2057 et
1713 2036 1774 2068 pro
1800 2036 1850 2058 re-

1109 2080 1240 2120 vocatis,
1268 2078 1409 2117 cassatis,
1436 2078 1548 2118 irritis,
1569 2078 1677 2117 nullis,
1701 2078 1850 2112 invalidis

1108 2138 1137 2167 et
1159 2132 1298 2173 abolitis,
1317 2131 1504 2175 viribusque
1530 2136 1561 2164 et
1586 2131 1701 2164 effectu
1719 2131 1849 2175 penitus

1108 2193 1140 2220 et
1165 2186 1297 2220 omuino
1312 2185 1419 2219 vacuis
1438 2196 1566 2229 semper
1585 2186 1698 2218 haberi
1717 2186 1849 2226 debere,

1108 2240 1316 2273 decernit-uus
1343 2244 1370 2272 et
1391 2239 1516 2282 pariter
1541 2239 1758 2272 declaramus.

1151 2294 1165 2337 Ξ
1191 2293 1221 2326 3.
1250 2293 1470 2325 Decernentes
1483 2292 1588 2332 etiam,
1611 2293 1741 2325 easdem
1760 2303 1851 2335 prae-

1107 2353 1215 2380 sentes
1237 2348 1361 2380 litteras
1387 2352 1418 2379 et
1449 2347 1481 2378 in
1507 2346 1553 2379 eis
1579 2351 1731 2379 contenta
1757 2356 1851 2389 quae-

1108 2411 1269 2444 cumque,
1299 2400 1396 2432 etiam
1421 2410 1457 2432 ox
1484 2410 1523 2432 eo
1550 2399 1636 2442 quod
1663 2399 1849 2442 praedictus

1108 2453 1306 2496 Augustinus
1344 2453 1613 2496 archiepiscopus
1645 2458 1675 2486 et
1701 2453 1753 2485 alii
1781 2453 1852 2495 qui-

1108 2517 1247 2550 cumque
1273 2507 1304 2539 in
1331 2506 1522 2550 praemissis
1548 2506 1707 2538 iuteresse
1730 2505 1852 2538 hahen-

1108 2564 1154 2593 tes
1178 2570 1233 2593 seu
1267 2559 1388 2592 habere
1421 2558 1669 2602 quomodolibet
1698 2563 1852 2601 praeten-

1108 2614 1232 2656 dentes,
1260 2612 1401 2648 cuiusvis
1423 2618 1534 2654 status,
1560 2611 1691 2655 gradus,
1713 2610 1849 2653 ordinis,

1889 2298 2009 2320 Clausulas.
