2269 3203
231 181 279 207 An,
297 181 323 206 0.
347 180 413 208 1715
459 170 522 204 6802

281 927 334 946 Lana

356 929 412 948 uitus

227 952 249 972 B·
260 959 354 973 uoniewi
369 970 373 974 .

424 229 509 262 neris
534 229 635 262 nostri
662 230 916 263 sollicitudinem
943 231 1136 264 adhibemus
1153 259 1160 272 ‚

423 286 457 314 ut
481 282 521 315 ad
547 283 658 315 eadem
683 283 790 315 studia
814 283 847 315 in
873 283 935 316 illis
970 284 1162 326 praesertim

422 334 502 368 locis
527 335 708 379 impensius
733 343 943 369 exerceantur
969 342 999 370 et
1021 337 1161 379 vigeant,

424 398 506 430 quae
546 388 586 421 ad
623 393 767 431 optatum
806 390 945 422 fructum
981 390 1163 432 producen-

424 441 501 474 dum
526 441 628 483 magis
654 441 771 475 idonea
806 452 841 474 ac
874 447 1059 485 opportuna
1094 452 1163 475 esse

423 498 579 537 possunt;
606 494 711 534 sicut,
737 494 886 528 omnibus
918 499 1063 528 maturae
1089 505 1165 529 con-

424 547 630 580 siderationis
648 547 768 579 trutina
791 548 979 590 perpensis,
1000 548 1038 580 ad
1062 549 1163 581 0111111-

424 600 566 642 potentis
595 601 648 633 Dei
675 600 826 642 gloriam,
845 613 881 633 ac
907 601 1003 634 liuius
1028 601 1162 634 Sanctae

424 653 517 685 Sedis
549 653 757 695 dignitatem,
786 659 1038 697 nostrorumque
1064 655 1163 697 potis-

424 706 541 738 simum
568 711 599 738 et.
624 706 768 738 eiusdem
793 705 884 739 Sedis
911 706 1006 739 etiam
1029 707 1061 739 in
1088 713 1162 740 tem-

424 758 590 801 poralibus
608 758 811 791 subditorum
831 759 991 799 decorem,
1022 770 1162 794 commo-

424 812 499 844 dum
524 822 560 844 ae
584 811 765 851 utilitatem,
789 812 941 855 expedire
968 812 999 844 in
1025 813 1161 847 Domino

424 864 630 897 arbitramur.

468 918 482 960 ᾗ
503 917 532 949 ’1.
554 917 677 960 Exponi
699 917 859 960 siquidem
881 918 976 951 nobis
995 929 1101 962 nuper
1119 919 1163 952 fe—

424 971 466 1003 cit
483 971 619 1004 dilectus
633 970 716 1003 filius
731 981 840 1004 comes
860 972 1029 1014 Philippus
1046 973 1163 1006 Aldro-

423 1024 568 1064 vandus,
609 1024 746 1056 civitatis
782 1029 911 1057 nostrae
947 1025 1162 1059 Bononiensis

423 1077 507 1120 apud
532 1087 590 1110 1105
616 1081 647 1109 01
665 1077 781 1109 dictam
803 1077 918 1110 Sedem
938 1085 1056 1118 orator,
1076 1079 1162 1122 quod

423 1140 487 1163 non
512 1130 556 1162 ita
582 1130 706 1172 pridem
726 1130 757 1162 in
779 1130 892 1163 eadem
914 1130 1041 1164 civitate
1064 1132 1162 1174 (quae

424 1183 510 1216 omni
537 1194 614 1216 sane
647 1188 794 1226 tempore
829 1184 938 1217 multis
972 1185 1163 1228 magnisque

422 1235 547 1269 refulsit
583 1236 808 1277 ornamentis,
841 1237 873 1269 in
909 1237 1021 1280 primis
1055 1243 1162 1272 autem

423 1288 619 1331 perantiquo
641 1288 908 1332 nobilissimoque
929 1290 1085 1332 insignita
1110 1301 1163 1334 gy-

424 1342 572 1382 mnasio,
614 1342 785 1375 doctorum
822 1349 854 1375 et
890 1344 1089 1377 scholarium
1125 1355 1162 1377 ex

424 1396 573 1429 omnibus
600 1395 688 1428 orbis
716 1396 886 1429 christiani
913 1397 1058 1439 partibus
1087 1398 1163 1431 illuc

423 1448 668 1481 confluentium-
682 1448 892 1482 multitudine
906 1476 913 1488 ,
938 1459 1065 1483 necnon
1091 1450 1163 1483 illu-

422 1502 536 1535 strium
562 1501 595 1534 in
620 1502 708 1534 omni
735 1502 955 1535 doctrinarum
980 1503 1162 1546 artiumque

423 1565 543 1598 genere
564 1555 705 1588 virorum
723 1555 816 1598 eopia
833 1555 875 1588 ita
897 1566 1026 1598 semper
1047 1556 1161 1589 eximie

422 1608 552 1649 floruit,
579 1608 872 1651 quemadmodum,
906 1608 1012 1642 divina
1038 1609 1162 1642 favente

423 1661 607 1700 clementia,
634 1661 741 1693 adhue
767 1661 798 1693 in
823 1671 978 1704 praesens
999 1662 1104 1702 ssoret,
1128 1667 1164 1694 ut

422 1713 639 1747 honorificum
672 1713 752 1747 illud
783 1725 819 1747 ac
857 1715 953 1757 plane
983 1715 1164 1757 gloriosum

423 1767 539 1800 Matris
574 1766 760 1800 studiorum
792 1767 986 1801 vocabulum
1020 1768 1164 1801 omnium

423 1830 581 1854 consensu
599 1821 715 1854 merito
733 1821 851 1864 adepta
870 1821 985 1862 fuerit;
1013 1822 1163 1865 civesque

423 1878 591 1916 praeterea
617 1873 739 1916 genuit,
765 1874 796 1906 in
822 1873 939 1917 quibus
967 1879 1031 1907 tum
1057 1875 1165 1918 singu-

423 1926 499 1958 laris
523 1936 618 1959 verae
644 1925 812 1968 religionis
838 1927 955 1967 cultus,
983 1932 1049 1960 tum
1068 1927 1164 1961 etiam

424 1979 532 2011 debita
562 1978 714 2011 Romanis
747 1979 956 2013 Pontificibus
991 1980 1163 2024 dictaeque

423 2032 497 2065 Sedi
523 2031 602 2065 sides
628 2037 725 2076 atque
751 2033 880 2066 devotio
906 2033 1021 2066 mirum
1047 2034 1080 2066 in
1100 2045 1164 2067 1110-

425 2086 501 2118 dum
535 2090 696 2128 perpetuo
728 2086 920 2129 eluxerunt)
958 2086 1068 2120 dilecti
1106 2086 1162 2120 filii

424 2137 656 2170 reformatores
673 2137 778 2170 Status
802 2138 963 2171 libertatis
988 2138 1090 2182 ipsius
1123 2139 1165 2172 ci-

423 2190 538 2230 vitatis,
554 2190 648 2223 nobis
673 2191 903 2233 annuentibus,
919 2202 954 2225 ac
974 2193 1034 2225 sub
1061 2193 1163 2236 auspi-

426 2243 482 2276 ciis
508 2243 637 2283 11051115,
654 2243 841 2286 erigendam
867 2249 1036 2287 curarunt,
1054 2245 1087 2278 in
1112 2256 1164 2279 ae-

427 2296 521 2329 dibus
553 2295 591 2328 ad
621 2295 653 2328 id
680 2306 716 2329 ex
750 2297 886 2339 pecunia
910 2308 926 2330 a
952 2297 1046 2331 nobis
1072 2308 1164 2341 prae-

427 2348 548 2391 scripta
566 2348 775 2391 comparatis,
799 2350 1017 2390 Academiam,
1033 2350 1164 2383 Institu-

428 2407 493 2434 tum
519 2401 726 2434 scientiarum
746 2409 976 2445 nuncupatam,
992 2413 1074 2446 quae
1100 2414 1164 2436 ma-

428 2455 676 2486 thematicarum
713 2454 914 2498 aliarumque
948 2456 1162 2498 ingenuarum

428 2508 685 2551 disciplinarum,
702 2517 832 2540 necnon
857 2508 1085 2551 philosophiae
1110 2519 1165 2542 na-

429 2561 540 2595 turalis
565 2565 596 2596 et
615 2560 877 2606 experimentalis
895 2560 1009 2597 studiis
1027 2567 1059 2597 et
1076 2572 1164 2598 exer-

1008 182 1189 206 BULLARIUM
1216 183 1370 207 ROMANUM

1206 231 1288 264 ciliis
1327 243 1364 265 ac
1402 233 1682 267 observationibus
1729 235 1939 277 praecipuam

1207 285 1417 329 sedulamque
1451 292 1544 320 navat
1579 298 1733 330 operam;
1754 296 1796 320 ac
1821 287 1854 320 in
1880 291 1940 321 eis-

1207 338 1280 370 dem
1307 338 1440 372 aedibus
1466 340 1620 372 collocari
1646 346 1678 373 et
1703 345 1884 383 opportune
1909 353 1940 373 a·

1207 395 1325 433 pteque
1351 391 1480 435 disponi
1517 393 1661 425 fecerunt
1694 403 1842 435 magnam
1880 393 1939 426 vim

1207 444 1406 477 selectorum
1431 445 1627 478 voluminum
1649 446 1821 485 variarum,
1848 457 1941 489 prae-

1207 496 1318 528 sertim
1344 497 1561 538 orientalium,
1588 498 1782 541 linguarum,
1809 504 1869 531 tam
1898 505 1941 543 ty-

1207 549 1255 591 pis
1274 550 1435 582 editorum
1453 562 1547 594 quam
1563 562 1657 584 manu
1673 553 1939 595 conscriptorum,

1207 609 1331 636 veteres
1355 603 1489 647 insuper
1508 615 1570 637 non
1590 615 1706 648 paucas
1725 615 1761 637 ex
1781 615 1941 638 marmore

1207 665 1242 687 ac
1267 666 1340 688 aere
1366 661 1501 696 statuas,
1528 657 1644 690 artium
1661 657 1942 700 monitionumque

1207 708 1365 747 modulos,
1394 714 1543 750 testacea,
1571 710 1733 744 metallica
1758 710 1943 743 0101111010-

1206 761 1249 794 lia
1273 772 1328 794 seu
1355 762 1483 802 fossilia,
1506 762 1632 806 aliaque
1650 763 1789 806 plurima
1814 762 1941 806 conspi-

1206 812 1256 846 cui
1281 814 1396 847 valoris
1421 815 1582 856 utensilia,
1611 821 1675 849 tum
1701 816 1740 849 ad
1766 816 1942 849 mathema-

1208 866 1284 899 ticas
1304 867 1503 910 disciplinas,
1525 873 1591 901 tum
1606 869 1702 902 etiam
1715 870 1754 903 ad
1768 870 1941 903 militarem

1206 920 1456 953 architecturam
1490 922 1689 965 physicaque
1720 923 1943 966 experimenta

1205 983 1314 1005 rerum
1350 974 1544 1006 naturalium
1577 980 1609 1007 et
1647 975 1687 1007 ad
1723 975 1942 1018 cognitionem

1207 1025 1406 1068 antiquitatis
1444 1027 1649 1070 pertinentia,
1686 1038 1770 1070 quae
1807 1028 1943 1061 dilectus

1206 1077 1304 1111 etiam
1324 1078 1408 1112 iilius
1426 1090 1535 1113 0011105
1555 1080 1703 1124 Aloysius
1720 1080 1943 1113 Ferdinandus

1206 1131 1364 1164 Marsilius
1389 1132 1508 1165 nobilis
1525 1133 1750 1174 Bononiensis,
1769 1144 1806 1166 ac
1824 1134 1944 1167 dudum

1206 1184 1329 1228 primus
1356 1196 1393 1217 ex
1425 1186 1632 1227 generalibus
1669 1186 1855 1229 pontificiae
1889 1198 1945 1221 no-

1206 1243 1292 1270 strae
1329 1237 1463 1270 militiae
1495 1239 1692 1281 praesectis,
1720 1241 1843 1272 summa
1868 1242 1945 1273 cura

1207 1291 1397 1334 ingentique
1423 1292 1665 1337 sumptu‘hune
1690 1292 1797 1336 ipsum
1824 1294 1856 1326 in
1874 1304 1944 1327 sco-

1206 1354 1281 1386 pum
1307 1355 1343 1376 ex
1370 1344 1464 1376 variis
1501 1344 1611 1376 mundi
1649 1345 1840 1388 regionibus
1865 1357 1883 1379 a
1908 1357 1944 1380 se

1206 1396 1411 1439 conquisita,
1439 1397 1531 1429 acin
1564 1407 1664 1430 unum
1700 1399 1849 1439 collecta,
1885 1410 1944 1442 pro

1205 1449 1359 1492 singulari
1385 1454 1610 1492 perpetuoque
1635 1461 1691 1484 suo
1713 1461 1789 1493 erga
1806 1452 1944 1494 patriam

1206 1507 1238 1535 et
1262 1503 1365 1536 bonas
1391 1508 1476 1535 artes
1502 1503 1622 1543 studio,
1649 1514 1714 1537 non
1731 1505 1802 1537 sine
1828 1508 1945 1547 magna

1206 1555 1252 1588 sui
1269 1555 1406 1589 nominis
1425 1556 1536 1598 gloria,
1556 1557 1741 1599 praedictae
1753 1558 1945 1592 Academiae

1206 1608 1386 1642 liberaliter
1412 1609 1497 1642 dono
1525 1609 1672 1650 dederat,
1696 1616 1731 1643 ut
1755 1611 1787 1644 in
1806 1611 1945 1654 publicis

1207 1662 1362 1695 eiusmodi
1389 1662 1573 1696 donationis
1604 1663 1741 1705 tabulis,
1769 1663 1819 1697 die
1844 1676 1875 1698 x1
1899 1662 1946 1698 ia-'

1206 1715 1312 1747 nuarii
1338 1723 1470 1748 Moccxu
1503 1726 1562 1758 per
1587 1715 1722 1749 dilectos
1755 1717 1880 1761 pariter
1911 1718 1946 1750 fi-

1206 1768 1266 1801 lios
1291 1768 1444 1801 Iacobum
1465 1769 1639 1802 Antonium
1661 1764 1894 1813 Bergamorum
1914 1777 1946 1805 et

1206 1821 1382 1864 losephum
1397 1821 1583 1854 Caietanum
1600 1821 1776 1856 Gardinum
1794 1824 1945 1866 publicos

1207 1874 1311 1907 dictae
1338 1874 1474 1908 civitatis
1501 1875 1648 1908 notarios'
1677 1876 1840 1917 confectis,
1866 1877 1946 1911 ube-

1207 1927 1271 1960 rius
1286 1927 1401 1960 dicitur
1418 1927 1594 1968 contineri,
1618 1927 1709 1971 quia¹
1729 1928 1825 1962 etiam
1848 1929 1946 1963 iidem

1207 1981 1443 2021 reformatores,
1458 1981 1592 2024 praefati
1611 1980 1776 2014 donatoris
1790 1982 1945 2016 voluntati

1208 2033 1430 2074 inhaerentes,
1456 2034 1649 2067 Academiae
1674 2034 1859 2077 praesidem
1874 2061 1882 2076 ,
1902 2046 1947 2068 se-

1208 2087 1391 2128 cretarium,
1417 2087 1623 2130 professores
1655 2087 1782 2128 artium,
1809 2093 1840 2121 et
1865 2088 1945 2121 alios

1206 2145 1410 2184 opportunos
1436 2140 1598 2173 ministros
1624 2141 1803 2182 elegerunt,
1830 2152 1847 2174 a
1876 2141 1946 2185 qui-

1207 2193 1266 2225 bus
1291 2193 1491 2236 praescripta
1508 2193 1614 2226 studia
1630 2193 1837 2226 laudabiliter
1858 2204 1945 2227 exer-

1207 2245 1272 2278 ceri
1307 2246 1370 2278 iam
1403 2251 1518 2289 coepta
1554 2251 1641 2287 sunt3
1676 2257 1711 2279 ae
1744 2246 1876 2290 insuper
1907 2258 1943 2280 ex

1208 2298 1352 2341 ipsorum
1378 2299 1632 2332 reformatorum
1656 2309 1790 2333 nurnero
1815 2305 1944 2334 coetum

1208 2361 1264 2383 500
1291 2351 1578 2394 congregationem
1604 2358 1844 2395 assumptorum
1862 2364 1944 2387 nun-

1207 2409 1356 2446 cupatam
1383 2405 1590 2448 deputarunt,
1617 2415 1697 2448 quae
1723 2406 1881 2440 eiusmodi
1905 2408 1945 2440 A·

1208 2457 1372 2490 eademiae
1399 2457 1581 2490 studiorum
1605 2459 1726 2491 salubri
1758 2459 1943 2501 directioni,

1207 2520 1334 2543 necnon
1372 2510 1458 2543 illius
1487 2510 1645 2544 bonorum
1672 2517 1703 2545 et
1729 2519 1945 2555 proventuum

1244 2573 1253 2599 1
1277 2570 1391 2599 Videtur
1411 2571 1556 2608 legendum
1573 2573 1644 2608 quin
1665 2574 1703 2609 (n.
1725 2574 1773 2608 T.).

1949 187 1998 213 An.
2015 186 2042 213 C.
2065 187 2133 214 1715
