2269 3203
100 229 150 255 An.
171 228 200 255 C.
223 228 290 255 1712

910 224 1051 250 emimus

295 278 525 311 couvenientes
543 282 631 311 actus
651 286 812 315 exercere,
829 286 864 308 ac
881 274 1032 308 omnibus

296 335 328 362 et
353 330 489 373 singulis
514 330 624 374 gratiis
645 357 651 368 ,
681 329 867 368 favoribus,
902 321 1053 375 praero-'J

296 383 410 424 gativis
437 389 468 416 et
495 384 638 423 indultis,
663 383 780 426 quibus
806 382 857 414 alii
883 380 915 413 in
943 378 1053 424 prae-¹

296 436 381 468 dicta
405 436 508 470 dictae
535 436 629 469 Urbis
654 446 709 469 seu
736 434 806 468 aliis
839 433 1031 466 universita-

296 490 382 522 tibus
407 495 437 522 et
462 490 536 523 alibi
564 491 652 523 iuxta
678 489 762 522 illius
784 494 814 521 et
839 488 972 521 aliarum
999 498 1032 518 u-

295 543 516 576 niversitatum
553 542 740 575 huiusmodi
778 540 1031 574 constitutiones

295 601 327 628 et
350 606 455 629 mores
480 595 518 628 ad
543 595 661 638 gradus
686 594 872 638 praedictos
890 593 1030 637 promoti
1051 627 1052 630 ,

295 648 333 681 de
359 648 428 680 inre
454 648 504 680 vel
521 647 756 681 consuetudine
774 647 958 684 utebantur,
975 656 1032 688 po·

295 700 459 734 tiebantur
482 706 514 733 et
536 700 737 742 gaudebant,
764 698 818 732 ae⁴
847 699 906 738 uti,
933 698 1030 741 potiri

295 761 327 787 et
349 755 494 798 gaudere
520 760 655 798 possent
680 760 711 787 et
736 754 891 787 deberent
913 780 920 793 ,
958 750 1053 796 per-¹

293 807 369 840 inde
395 819 431 840 ac
455 808 480 840 si
517 808 636 850 gradus
674 807 859 851 praedictos
892 807 921 838 in
961 805 1053 853 ipsa1

293 861 437 894 eiusdem
470 860 565 894 Urbis
598 861 809 894 universitate
841 860 926 892 iuxta
958 868 1053 902 con-3

292 914 483 947 suetudines
508 919 539 947 et
565 924 672 947 mores
703 914 889 957 praedictos
925 903 1053 946 susce-¹

292 967 429 1010 pissent,
448 967 650 1000 concedendi
677 972 707 999 et
731 966 936 1009 indulgendi,
955 965 1033 998 libc—

293 1029 359 1052 ram
385 1020 564 1062 apostolica
590 1019 784 1052 auctoritate
821 1019 954 1051 dederat
988 1018 1032 1050 sa-

293 1073 448 1105 cultatem
475 1079 506 1105 et
530 1077 740 1116 potestatem,
769 1082 804 1104 ac
836 1076 1030 1114 propterea,

292 1131 326 1158 ut
352 1125 455 1169 ipsius
481 1125 611 1168 collegii
648 1125 893 1158 conservationi
928 1123 1053 1168 bono-l

292 1188 428 1222 rumque
454 1178 628 1221 regimini,
658 1183 719 1210 tam
745 1178 777 1210 in
804 1178 855 1209 his
880 1187 963 1220 quae
992 1169 1053 1209 ad¹

292 1231 529 1264 institutionem
556 1236 586 1264 et
604 1230 817 1274 disciplinam,
834 1240 931 1273 quam
949 1239 1030 1272 quae
1051 1240 1053 1268 ι

291 1284 329 1316 ad
355 1284 485 1322 victum,
512 1283 672 1324 vestitum,
695 1283 823 1326 aliaque
844 1282 1031 1315 huiusmodi

290 1337 476 1371 necessaria
491 1337 709 1381 pertinebant,
726 1336 942 1380 opportunius
961 1346 1030 1368 con-

291 1391 464 1431 suleretur,
492 1396 555 1423 tres
581 1401 618 1423 ex
645 1390 793 1423 eiusdem
818 1395 949 1422 sanctae
967 1389 1030 1421 Ro-

290 1454 404 1477 manae
429 1443 593 1477 Ecclesiae
630 1442 848 1476 cardinalibus
884 1442 1028 1475 eiusdem

291 1497 420 1540 collegii
438 1501 642 1540 protectores
656 1495 866 1529 constituerat
884 1501 916 1528 et
930 1496 1030 1538 depu-

292 1554 424 1590 taverat,
452 1560 588 1594 quorum
615 1549 750 1583 consilio
776 1554 808 1582 et
832 1559 895 1592 ope
923 1549 1030 1582 omnia

292 1609 321 1636 et
347 1603 476 1646 singula
501 1602 690 1646 praemissa,
716 1608 746 1636 et
769 1602 832 1635 alia
856 1613 1030 1645 quaecum-

292 1665 354 1699 que
380 1656 419 1688 ad
451 1656 582 1689 eosdem
616 1655 648 1688 in
682 1655 822 1697 collegio
855 1655 1030 1688 admitten-

292 1709 350 1742 dos
376 1709 544 1742 scholares
571 1708 827 1751 retinendosque
853 1708 1030 1741 admissos²

291 1761 493 1804 spectantia,
520 1767 719 1804 agerentur,
746 1766 967 1794 statuerentur
998 1766 1030 1792 et

291 1814 542 1854 ordinarentur,
578 1814 723 1846 tribuens
755 1813 878 1847 eisdem
910 1818 941 1845 et
971 1823 1029 1855 pro

291 1871 440 1909 tempore
466 1866 681 1899 existentibus
707 1866 948 1909 protectoribus
974 1866 1029 1897 liu-

290 1919 431 1953 iusmodi
457 1920 587 1963 plenam
621 1924 653 1951 et
685 1919 821 1951 liberam
848 1919 1029 1951 facultatem

291 1978 323 2005 et
347 1972 581 2014 auctoritatem,
607 1982 666 2015 pro
691 1971 811 2004 salubri
850 1971 1028 2004 directione

291 2030 324 2057 et
347 2025 593 2058 conservatione
620 2025 695 2058 dicti
721 2024 849 2066 collegii
879 2024 1028 2066 illiusque

290 2079 455 2112 bonorum
481 2084 513 2111 et
538 2089 646 2111 rerum
674 2089 709 2110 ac
734 2078 852 2110 iuriurn
869 2082 930 2109 tam
950 2082 1029 2109 teni-

291 2132 453 2175 poralium
468 2142 562 2175 quam
577 2131 803 2174 spiritualium,
820 2141 1027 2170 oeconomos,

291 2185 464 2218 advocatos
481 2211 488 2225 ‚
512 2189 743 2227 procuratores
769 2184 914 2226 aliosque
942 2183 1029 2215 mini—

290 2243 375 2271 stros
401 2243 433 2270 et
458 2237 612 2271 officiales
638 2238 671 2270 in
696 2248 734 2270 eo
756 2237 933 2280 deputandi
949 2247 1029 2269 amo-

291 2291 451 2334 vendique
473 2318 479 2331 ,
505 2296 537 2323 et
561 2301 674 2324 eorum
700 2291 773 2323 loco
799 2290 880 2322 alios
915 2290 1029 2322 subro-

293 2344 402 2386 gandi,
428 2343 712 2387 ordinationesque
739 2349 771 2376 et
796 2348 924 2384 statuta,
943 2343 1051 2381 licita.

292 2401 401 2428 tamen
426 2402 458 2429 et
484 2397 632 2437 honesta,
658 2397 824 2440 sacrisque
849 2397 1029 2429 canonibus

294 2454 325 2480 et
349 2446 483 2481 Concilii
507 2449 687 2482 Tridentini
713 2449 850 2482 decretis
874 2459 937 2482 non
975 2449 1031 2481 ad-

328 2530 339 2554 1
363 2526 502 2554 Coniunct.
524 2537 557 2554 ac
576 2528 690 2556 delenda
708 2532 746 2564 (n.
768 2530 818 2564 T.).

326 2571 344 2598 2
362 2571 390 2598 ln
411 2571 469 2598 loco
489 2571 582 2607 parall.
603 2572 702 2606 legitur
722 2573 919 2601 retinendosve
934 2581 966 2599 ac
987 2572 1030 2600 di-

293 2616 448 2644 mittendos
467 2618 503 2649 (u.
522 2616 570 2650 T.).

1077 224 1111 249 xi
1135 225 1184 249 rr.
1709 214 1772 248 1169
1820 224 1867 250 An.
1890 223 1919 250 C.
1941 223 2009 250 1712

1075 273 1246 313 versantia,
1262 273 1398 306 faciendi
1418 278 1449 306 et
1469 273 1595 311 edendi,
1612 282 1725 316 eaque,
1742 284 1813 306 eum

1075 327 1177 360 visum
1204 327 1296 366 soret,
1324 327 1507 366 revocandi,
1523 325 1725 364 immutandi,
1744 336 1816 358 cor-

1076 380 1213 422 rigendi,
1228 381 1353 423 aliaque
1369 380 1408 413 de
1427 390 1512 413 novo
1531 379 1703 419 condendi,
1722 389 1814 421 quae,

1075 439 1246 476 postquam
1275 433 1378 474 sacta,
1405 433 1517 472 edita,
1544 438 1717 472 revocata,
1757 432 1816 464 im-

1075 492 1195 518 mutata
1228 492 1258 519 et
1295 492 1438 520 correcta
1476 487 1641 525 fuissent,
1679 485 1814 529 perinde

1076 539 1190 571 haberi
1217 540 1343 579 voluit,
1371 551 1407 572 ac
1432 540 1456 572 si
1483 540 1674 572 auctoritate
1693 544 1817 582 aposto-

1076 592 1136 624 lica
1161 594 1341 636 approbata
1367 599 1398 626 et
1423 593 1613 626 confirmata
1654 592 1814 630 fuissent,

1076 646 1195 688 illaque
1222 646 1260 678 ab
1287 647 1438 678 omnibus
1476 646 1681 685 rectoribus,
1718 644 1816 688 magi-

1075 698 1171 736 stris,
1199 698 1416 737 scholaribus,
1444 699 1580 741 aliisque
1606 697 1756 741 personis
1784 697 1815 729 in

1076 751 1219 793 collegio
1245 751 1411 793 praedicto
1430 761 1489 793 pro
1509 757 1653 793 tempore
1672 751 1817 784 servien-

1077 804 1161 836 tibus
1182 809 1212 836 et
1233 804 1499 844 miuistrantilnis,
1516 804 1746 837 inviolabiliter
1764 804 1817 836 ob-

1075 858 1211 898 servari,
1238 869 1274 891 ac
1300 858 1386 891 iuxta
1411 858 1599 891 eorumdem
1624 862 1816 890 statutorum

1052 913 1053 923 ³
1076 911 1324 954 dispositionem
1340 921 1356 943 a
1370 911 1535 953 quibusvis
1557 909 1727 949 iudicibus,
1743 909 1817 942 sub-

1075 966 1139 997 lata
1166 964 1211 997 eis
1238 963 1346 1007 quavis
1374 963 1436 996 alia
1454 963 1548 996 aliter
1578 962 1739 995 iudicandi
1772 962 1813 994 sa-

1076 1018 1194 1049 cultate
1214 1043 1221 1057 ,
1249 1016 1384 1048 iudicari
1411 1021 1442 1048 et
1468 1015 1596 1048 deliniri
1622 1015 1757 1055 debere,
1784 1020 1816 1046 et

1075 1071 1100 1102 si
1127 1080 1219 1103 secus
1244 1079 1343 1112 super
1369 1068 1418 1101 his
1444 1079 1460 1101 a
1485 1078 1674 1111 quoquam,
1700 1066 1811 1110 quavis

1075 1122 1279 1163 anctoritate,
1298 1121 1438 1155 scienter
1455 1122 1503 1153 vel
1523 1121 1719 1164 ignoranter,
1740 1130 1815 1152 con-

1076 1176 1195 1218 tigisset
1222 1175 1384 1215 attentari,
1410 1174 1536 1206 irritum
1569 1174 1756 1207 decreverat
1782 1179 1814 1205 et

1075 1228 1187 1269 inane,
1207 1239 1242 1261 ae
1261 1227 1418 1261 subinde¹
1440 1237 1523 1260 anno
1537 1227 1663 1260 Domini
1679 1236 1813 1265 MDLxxx,
1826 1262 1844 1279 Γ.
1865 1233 2010 1278 Asrhiconsm-

1075 1286 1210 1324 propter
1235 1280 1321 1313 varia
1347 1280 1500 1313 miracula
1527 1285 1558 1312 et
1584 1279 1691 1321 signa,
1718 1263 2011 1322 qtiaest‘nrfiieauahwssssss

1825 1314 1870 1333 deni
1909 1313 2009 1338 Gregorio

1074 1339 1110 1366 ut
1134 1334 1185 1376 pie
1212 1334 1432 1374 credebatur,
1460 1333 1633 1365 miserator
1658 1337 1689 1364 et
1720 1332 1926 1390 mise-ffigffiess
1944 1340 2010 1386 um&

1074 1387 1174 1420 ricors
1201 1386 1355 1419 Dominus
1383 1391 1457 1419 tune
1482 1385 1609 1429 operari
1649 1391 1679 1418 et
1715 1385 2011 1418 edereintrixtunitesva·

1825 1419 1912 1439 rochiae
1921 1419 1953 1439 δε,
1963 1419 2010 1439 Ser-

1075 1441 1272 1483 dignabatur
1295 1440 1420 1473 meritis
1457 1438 1660 1472 beatissimae
1698 1438 1852 1475 Mariaesu
1875 1447 1895 1465 et
1918 1445 2010 1467 naec-hi.

1825 1477 1887 1497 eique
1941 1472 2010 1491 sartae

1074 1494 1211 1536 Virginis
1236 1493 1317 1526 caeli
1345 1493 1502 1536 reginae,
1536 1492 1648 1525 matris
1686 1491 2010 1524 miseri-conatione-<aum

1823 1525 1944 1544 conditione
1980 1527 2011 1544 ta-

1074 1547 1203 1580 cordiae
1225 1574 1231 1587 ,
1259 1551 1437 1589 perpetuae
1463 1545 1597 1578 humani
1625 1545 1756 1588 generis
1782 1554 1813 1576 a·
1824 1553 2011 1603 Τινῗῧῗῖῗὶἱιιτὲιυῗᾶ

1074 1600 1244 1641 diutricis,
1283 1606 1315 1633 et
1351 1599 1437 1642 apud
1474 1599 1579 1642 ipsum
1612 1599 1712 1632 Deum
1752 1605 1920 1641 promtum.

1074 1654 1190 1686 devoto
1216 1653 1338 1696 populo
1364 1653 1550 1690 advocatae,
1565 1652 1650 1695 apud
1676 1651 1764 1684 illins
1788 1650 1812 1682 i-

1073 1705 1234 1748 maginem
1260 1711 1334 1738 tunc
1359 1705 1502 1748 proxime
1529 1705 1688 1737 detectam
1710 1704 1741 1736 in
1758 1714 1812 1746 pa-

1074 1760 1190 1792 rietina
1214 1760 1309 1792 unius
1335 1759 1464 1792 soenilis
1491 1759 1575 1791 intra
1599 1758 1719 1791 limites
1749 1767 1812 1800 pam

1073 1812 1228 1846 rochialis
1253 1813 1409 1845 ecelesiae
1435 1811 1484 1844 Ss.
1511 1811 1612 1853 Sergii
1640 1816 1672 1843 et
1696 1811 1813 1843 Bacchi

1074 1865 1214 1908 regionis
1230 1865 1385 1898 Montium
1402 1865 1440 1898 de
1459 1865 1571 1897 eadem
1590 1864 1683 1903 Urbe,
1704 1874 1814 1906 quam-

1073 1920 1183 1961 plures
1210 1917 1325 1950 infirmi
1353 1917 1491 1950 diversis
1516 1916 1727 1959 languoribus
1743 1926 1814 1958 gra-

1073 1970 1134 2003 vati
1155 1976 1185 2003 et
1202 1970 1283 2003 aliae
1309 1969 1510 2002 miserabiles
1536 1978 1695 2011 personae
1717 1973 1813 2011 atque

1073 2023 1154 2055 adeo
1181 2021 1444 2055 christifidelium
1470 2020 1814 2060 multitudo,devotio-

1074 2076 1123 2108 nis
1150 2078 1245 2108 eausa
1270 2082 1301 2108 et
1337 2075 1530 2118 impetrandi
1568 2074 1667 2118 ipsius
1700 2075 1813 2107 beatae.

1073 2129 1188 2162 Mariae
1214 2129 1354 2171 Virginis
1393 2128 1623 2161 intercessione
1662 2128 1810 2171 spiritua-

1074 2183 1151 2215 lium
1178 2183 1353 2225 gratiarum
1379 2192 1513 2214 munera
1539 2182 1577 2214 ad
1604 2181 1705 2224 ipsam
1736 2181 1814 2213 ima-

1073 2237 1179 2279 ginem
1227 2236 1373 2269 certatim
1422 2234 1624 2267 confluentes
1652 2262 1659 2273 ,
1704 2234 1813 2277 plures

1073 2290 1297 2333 eleemosynas
1323 2295 1353 2321 et
1379 2287 1561 2321 oblationes
1581 2287 1723 2330 quotidie
1738 2296 1812 2319 eon-

1074 2343 1232 2383 serebant,
1261 2342 1345 2375 idem
1366 2341 1543 2383 Gregorius
1568 2340 1812 2383 praedecessor,

1073 2400 1179 2428 tantae
1205 2395 1388 2428 devotionis
1413 2394 1539 2426 fervore
1565 2392 1809 2431 cummendato,

1072 2449 1201 2482 illorum
1227 2448 1389 2491 spirituali
1415 2446 1631 2480 consolationi
1664 2446 1812 2478 consulem

1072 2512 1106 2534 re
1126 2528 1133 2541 ‚
1159 2512 1194 2534 ac
1225 2502 1318 2534 simul
1360 2501 1431 2544 piae
1469 2501 1746 2542 eleemosynarum
1782 2503 1812 2530 et

1106 2572 1118 2596 1
1143 2571 1195 2598 Pro
1214 2579 1272 2606 seq.
1294 2574 1368 2606 parte
1389 2570 1540 2598 narrativae
1560 2570 1636 2596 deest
1657 2569 1730 2596 bulla
1745 2567 1809 2593 Gre-

1071 2615 1138 2650 goxii
1160 2615 1219 2642 tht
1239 2617 1277 2643 (R.
1294 2617 1341 2650 TA).
