2269 3203
232 219 282 247 An.
298 218 330 246 c.
351 216 418 244 Ποῖ
464 206 506 241 78

260 385 415 405 Contrariorum

233 412 352 436 derogatio.

249 2088 251 2090 “
278 2085 398 2106 Elottlium.

425 266 537 309 quavis
561 265 764 304 auctoritate,
785 263 926 297 scienter
942 263 991 295 vel
1009 262 1162 305 ignoran-

426 324 484 358 ter,
511 317 687 361 contigerit
706 316 874 351 attentari.

470 372 485 415 ἓ
510 371 540 404 4.
560 370 630 404 Non
649 370 858 404 obstantibus
875 366 1163 402 constitutionibus

427 430 459 458 et
486 424 750 458 ordinationibus
769 420 969 466 apostolicis,
988 430 1032 459 ac,
1051 423 1164 461 quate-

427 530 459 564 S.
486 530 582 564 Marci
609 528 810 568 huiusmodi,
843 527 940 560 etiam
966 526 1162 562 iuramento,

428 584 674 619 confirmatione
699 581 893 626 apostolica,
911 580 960 612 vel
979 577 1090 622 quavis
1116 576 1165 608 fir-

428 638 539 671 mitate
572 637 634 670 alia
665 635 838 674 roborum,
872 631 999 666 statutis
1025 636 1057 664 et
1091 639 1165 662 con-

430 689 667 728 suetudinibus,
682 687 861 732 privilegiis
879 694 1018 729 quoque,
1030 681 1164 716 indultis

430 749 461 776 et
478 742 594 776 litteris
611 740 800 785 apostolicis
814 740 846 771 in
861 736 1060 771 contrarium
1078 745 1167 779 prae-
1187 747 1189 780 ξ

429 797 603 830 missorum
622 792 869 838 quomodolibet
894 790 1071 826 concessis,
1093 799 1168 821 con-

431 903 579 946 singulis,
616 901 746 935 illorum
781 905 909 932 tenores
936 896 1167 941 praesentibus

432 967 491 1000 pro
524 957 621 999 plene
655 960 687 987 et
719 952 919 986 sufficienter
943 948 1106 993 expressis
1133 958 1169 981 ac

432 1010 471 1043 ad
494 1009 628 1042 verbum
653 1006 783 1040 insertis
808 1004 979 1044 habentes,
1007 1003 1072 1036 illis
1090 1002 1169 1035 alias

433 1063 464 1095 in
483 1072 541 1095 suo
563 1060 681 1094 robore
704 1056 935 1102 permansuris,
954 1056 992 1089 ad
1012 1054 1171 1099 praemis-

434 1124 542 1147 sorum
562 1113 722 1151 effectum,
741 1111 802 1144 hac
822 1110 889 1143 vice
907 1110 1080 1148 dumtaxat,
1099 1117 1171 1151 spe-

433 1167 560 1200 cialiter
577 1172 609 1199 et
633 1174 786 1209 expresse
805 1164 1014 1206 de1·0gamus;
1041 1161 1173 1195 ceteris-

434 1230 496 1264 que
521 1219 693 1252 contrariis
719 1217 992 1262 quibuscumque.

477 1273 590 1306 Datum
616 1272 749 1310 Romae,
774 1270 861 1314 apud
886 1270 918 1303 S.
950 1268 1081 1302 Mariam
1112 1267 1173 1300 Ma-

435 1327 560 1366 iorem,
585 1327 642 1359 sub
679 1326 802 1358 annulo
839 1323 1036 1362 Piscatoris,
1071 1322 1122 1355 die
1151 1331 1172 1354 11

436 1380 617 1414 decembris
659 1388 797 1418 unccu,
828 1375 1035 1421 pontificatus
1071 1374 1174 1408 nostri

439 1445 524 1468 anno
551 1444 599 1468 111.

471 1498 533 1525 Dat.
554 1496 597 1524 die
612 1496 629 1523 2
645 1495 798 1525 decembris
816 1494 894 1528 1702,
912 1493 1009 1530 pontif.
1032 1500 1103 1519 auno
1118 1497 1157 1519 ιιι.

762 1638 849 1671 XLV.

437 1720 603 1755 Statuitur
617 1724 653 1753 ut
677 1719 830 1753 canonici
853 1716 1021 1761 regulares
1040 1716 1179 1758 Conqre-

482 1773 626 1817 yationis
638 1772 824 1817 Hispaniae
838 1770 976 1805 Ordinis
1000 1769 1181 1803 Praemon-

483 1827 653 1860 stratensis
683 1828 888 1859 reassumam
921 1824 1083 1862 habitum,
1113 1823 1181 1854 bre-

484 1881 629 1913 viarium
653 1883 682 1913 et
706 1877 840 1912 missale
865 1877 946 1910 dicti
972 1875 1108 1911 Ordinis
1125 1875 1146 1908 ¹.

653 1959 789 1987 Clemens
812 1957 890 1992 Papa
910 1957 961 1991 XI,

580 2005 617 2031 ad
635 2004 773 2031 laturam
793 2003 841 2031 rei
861 2002 1044 2030 memoriam.

488 2075 666 2110 Commissa
699 2074 795 2108 nobis
833 2073 986 2108 divinitus
1019 2072 1185 2116 dispensa-

446 2128 543 2163 tionis
566 2128 648 2162 ratio
673 2128 795 2171 exigit,
829 2133 865 2159 ut
893 2131 1079 2160 sanctarum
1113 2125 1185 2159 reli-

446 2182 579 2225 gionum
618 2187 732 2214 statum
770 2181 803 2213 in
841 2182 898 2214 sua
929 2180 1116 2222 integritate
1155 2184 1187 2213 et

445 2235 587 2279 puritate
612 2243 816 2274 conservare,
833 2239 864 2266 et
880 2233 1044 2277 primaeva
1058 2232 1187 2265 illarum

446 2287 599 2328 instituta,
618 2285 729 2320 sicuti*¹
746 2286 938 2326 exciderint,
952 2286 991 2319 ad
1017 2284 1187 2328 pristinam

446 2340 696 2380 observantiam,
712 2340 882 2372 adiuvante
912 2338 1065 2379 Domino,
1090 2337 1187 2370 redu-

448 2404 522 2427 cere
547 2398 743 2436 satagamus.

504 2483 513 2508 1
536 2480 613 2508 Idem
633 2484 806 2516 praeceptum
822 2480 872 2506 suit
892 2482 978 2507 const.
1000 2479 1065 2506 edit.
1087 2484 1188 2511 mocon,

450 2525 494 2554 die
514 2527 530 2553 6
550 2525 723 2557 novembris,
739 2525 786 2552 sed
809 2529 903 2560 postea
929 2533 978 2560 per
998 2524 1106 2552 constit.
1124 2523 1188 2550 edit.

450 2576 547 2603 nnccv,
562 2569 605 2596 die
624 2569 659 2596 30
678 2569 750 2603 maii,
771 2569 865 2603 pontif.
885 2575 912 2602 v,
928 2569 1007 2596 aliter
1026 2567 1188 2604 disponitur.

485 2616 503 2642 2
522 2614 624 2643 Forsan
642 2613 734 2642 sicubi
752 2615 791 2648 (a.
809 2615 858 2648 12).

1007 210 1187 238 etJLLAmUM
1211 208 1365 235 nomam!

1954 200 2004 228 An.
2019 199 2050 230 C.
2070 200 2140 229 ¹703

1249 259 1263 302 ξ
1295 258 1326 291 i.
1359 256 1436 290 Cum
1470 255 1601 298 itaque,
1630 253 1714 286 sicut
1748 251 1945 295 accepimus,
1970 260 2140 288 niueum-201

1956 288 2007 309 din-ti
2042 288 2140 309 canontct

1207 312 1338 351 dudum,
1353 319 1471 352 nempe
1497 313 1641 351 tempore
1667 305 1876 350 pontificatus
1902 304 1946 338 fe·
1957 318 2089 335 mummia
2102 315 2141 335 na-

1184 378 1185 390 π
1207 364 1276 397 licis
1303 361 1542 396 recordationis
1568 360 1714 402 Gregorii
1741 359 1845 403 Papae
1877 341 1969 391 xm?

1184 415 1468 460 ,praedecessoris
1495 414 1610 453 nostri,
1636 413 1666 446 in
1687 413 1860 447 occasione
1898 422 1946 444 re-

427 489 489 511 nus
515 488 597 521 opus
616 477 668 517 sit,
687 476 817 509 Ordinis
839 480 870 508 et
894 471 1163 515 Congregationis
1184 481 1186 484 ·

1206 469 1406 502 formationis
1432 468 1463 501 in
1490 467 1753 510 Congregatione
1771 466 1947 510 Hispaniae

1184 522 1186 533 ¹
1207 522 1437 555 canonicorum
1463 521 1662 563 regularium
1688 519 1819 553 Ordinis
1853 518 1949 552 Prae-

1208 575 1455 608 monstratensis
1482 580 1556 608 tunc
1589 574 1818 612 introductae,
1853 581 1950 605 cano-

1208 629 1270 661 nici
1287 629 1454 671 regulares
1471 628 1576 662 dictae
1590 626 1858 670 Congregationis
1874 630 1950 658 tune

1210 682 1383 716 existentes
1410 682 1557 715 habitum
1576 680 1790 714 monasticum
1811 689 1846 712 ac
1859 688 1951 711 usum

1209 735 1362 768 breviarii
1390 734 1512 768 romani
1539 731 1802 777 assumpserint,
1830 731 1952 765 dilecti-

431 850 563 883 firmati<
588 856 620 882 et
635 846 809 881 innovatis·
831 844 949 889 quibus
967 844 1118 878 omnibus
1138 847 1168 875 et
1188 829 1190 855 ’ξ
1210 799 1272 831 que
1313 788 1369 821 mii
1411 788 1558 822 mOderni
1596 787 1744 821 canoni&
1782 787 1951 830 regulares

550 876 559 882 ,
784 873 811 886 t,

1211 842 1358 874 eiusdem
1399 841 1672 884 Congregationis
1691 868 1698 881 ‚
1739 838 1951 883 dispositioni

1213 895 1432 928 tercentesimi
1468 894 1622 938 trigesimi
1656 895 1763 938 quarti
1800 893 1954 927 aliorum-

1212 959 1274 992 que
1300 949 1529 993 capitulorum,
1556 948 1824 982 constitutionum
1851 947 1954 980 dictae

1212 1001 1509 1045 Congregationis,
1543 1008 1575 1035 et
1604 1001 1819 1044 quarumdam
1859 1009 1953 1032 reco-

1214 1055 1331 1088 lendae
1371 1055 1550 1088 memoriae
1590 1054 1711 1087 Urbani
1753 1054 1856 1096 Papae
1890 1051 1956 1085 Vlll

1214 1109 1478 1152 praedecessoris
1513 1108 1636 1151 pariter
1674 1107 1778 1140 nostri
1817 1106 1869 1139 die
1906 1115 1958 1138 xtx

1215 1162 1341 1205 augusti
1379 1171 1501 1202 MDCLt,
1532 1173 1569 1194 ac
1601 1167 1664 1194 tam
1702 1159 1776 1193 dicti
1809 1158 1956 1202 Gregorii

1216 1215 1480 1259 praedecessoris
1496 1225 1590 1258 quam
1616 1214 1688 1257 piae
1707 1212 1884 1246 memoriae
1910 1210 1957 1244 Pii

1216 1270 1320 1312 Papae
1339 1268 1361 1300 V
1380 1268 1476 1301 etiam
1496 1267 1763 1311 praedecessoris
1788 1264 1891 1299 nostri
1909 1263 1959 1298 lit-

1218 1328 1358 1355 terarum
1380 1321 1412 1354 in
1437 1320 1536 1353 simili
1564 1320 1666 1354 forma
1697 1319 1807 1352 Brevis
1832 1328 1960 1351 emana-

1219 1380 1324 1408 tarum
1354 1374 1580 1412 inhaerentes,
1607 1372 1753 1405 habitum
1779 1377 1811 1404 et
1833 1369 1960 1404 brevia-

1219 1428 1302 1461 rium
1330 1426 1520 1460 huiusmodi
1548 1426 1656 1459 adhuc
1685 1425 1868 1464 retinean13
1896 1433 1960 1467 quo

1219 1492 1294 1515 vero
1320 1480 1495 1514 intentioni
1521 1479 1625 1512 sancti
1646 1477 1795 1511 Norberti
1815 1476 1889 1510 dicti
1904 1475 1962 1510 Or-

1220 1535 1304 1569 dinis
1329 1535 1564 1568 canonicorum
1596 1532 1795 1576 regularium
1830 1530 1961 1564 institu-

1221 1588 1301 1622 toris
1326 1588 1585 1627 conformentur,
1601 1585 1609 1601 ¹
1636 1594 1816 1628 congruum
1842 1583 1891 1624 sit,
1916 1588 1962 1623 ut,

1221 1642 1335 1675 relicto
1361 1641 1449 1674 dicto
1476 1640 1589 1673 habitu
1615 1637 1805 1678 monastico,
1826 1636 1964 1680 primae-

1223 1705 1296 1728 vum
1323 1693 1471 1727 habitum
1497 1694 1682 1736 regularem
1700 1718 1707 1732 ,
1734 1691 1788 1735 qui
1813 1691 1853 1723 ab
1890 1689 1962 1722 aliis

1222 1748 1385 1782 canonicis
1416 1746 1621 1789 regularibus
1659 1745 1804 1778 eiusdem
1836 1742 1965 1776 Ordinis

1223 1801 1439 1835 communiter
1464 1805 1628 1843 gestatur,
1653 1803 1833 1838 resumant,
1849 1806 1894 1836 ae,
1914 1806 1965 1829 re-

1224 1856 1300 1888 licto
1327 1854 1451 1898 pariter
1472 1854 1557 1886 dicto
1575 1851 1737 1886 breviario
1756 1860 1901 1890 romano,
1918 1849 1965 1883 di-

1225 1909 1297 1941 vina
1322 1908 1428 1941 officia
1453 1907 1539 1939 iuxta
1564 1905 1759 1938 breviarium
1786 1909 1819 1936 et
1834 1902 1965 1936 missale

1226 1961 1373 1994 eiusdem
1423 1959 1553 1993 Ordinis
1596 1958 1758 1991 recitent:
1797 1957 1874 1989 hinc
1917 1961 1967 1989 est

1227 2016 1312 2060 quod
1339 2026 1423 2055 nos,
1451 2013 1569 2047 dictam
1595 2011 1889 2054 Congregationem
1925 2008 1966 2042 ad

1227 2069 1393 2112 primaeva
1417 2077 1474 2100 sua
1498 2065 1645 2098 instituta
1669 2065 1701 2097 in
1727 2064 1789 2097 hac
1805 2068 1900 2107 parte
1918 2072 1969 2095 re-

1229 2122 1302 2154 duci
1328 2120 1511 2164 cupientcs,
1537 2128 1573 2151 ac
1598 2117 1876 2157 constitutionum,
1895 2125 1969 2149 nec—

1229 2185 1296 2208 non
1319 2174 1378 2214 Pii,
1402 2172 1552 2215 Gregorii
1577 2176 1608 2204 et
1631 2170 1753 2203 Urbani
1778 2169 1970 2214 praedeces-

1230 2238 1341 2262 sorum
1365 2226 1548 2259 litterarum
1574 2223 1812 2268 praedictarum
1839 2228 1971 2256 tenores

1231 2287 1263 2315 et
1287 2281 1386 2321 datas,
1414 2279 1512 2312 etiam
1537 2277 1695 2318 veriores,
1721 2277 1824 2310 aliave
1849 2275 1972 2319 quaeli-

1231 2335 1333 2375 libet,
1359 2333 1457 2366 etiam
1491 2331 1675 2375 specificam
1707 2336 1738 2363 et
1775 2328 1972 2362 individuam

1232 2388 1432 2423 mentionem
1451 2392 1482 2419 et
1499 2384 1743 2429 expressionem
1756 2383 1970 2426 requirentia,

1231 2440 1458 2487 praesentibus
1483 2449 1543 2482 pro
1580 2439 1678 2481 plene
1710 2441 1742 2469 et
1775 2436 1974 2468 sufficienter

1232 2494 1404 2539 expressis,
1430 2492 1563 2525 insertis
1584 2497 1615 2524 et
1632 2489 1827 2534 specificatis
1849 2489 1973 2522 haben-

1233 2554 1292 2588 tes,
1316 2548 1355 2581 de
1382 2544 1616 2579 venerabilium
1631 2544 1767 2576 fratrum
1784 2547 1973 2576 nostrorum

1270 2612 1280 2638 1
1300 2608 1440 2637 Coniunct.
1463 2610 1488 2636 et
1508 2605 1630 2635 delemus
1649 2606 1690 2642 (n.
1705 2605 1754 2641 τ.).

1972 341 2022 361 itum
2040 341 2141 361 monasti-

1970 374 2002 388 uin
2029 371 2049 388 el.
2072 369 2142 387 roura-

1955 400 1983 414 nu
1992 402 2002 413 ιι
2014 394 2141 415 breviarum.

2011 1963 2091 1985 Statuit
2105 1963 2127 1983 ut
2142 1962 2162 1982 in

1977 1991 2070 2011 rubrica.
