2269 3203
100 252 150 280 Αη.
165 252 196 281 C.
217 252 279 279 172¹

124 950 234 970 Decretum
246 949 281 969 de-

97 977 181 997 flnrturii
195 981 281 1001 genera·

96 1004 121 1024 li«
132 1003 157 1023 de·
173 1003 230 1023 dieta
250 1009 281 1023 ri·-

97 1030 226 1050 ductioue‘a
244 1036 280 1055 pa-

97 1057 162 1077 tribus
199 1063 281 1082 provin-

97 1084 143 1104 ciae
159 1084 234 1110 potua.

147 2440 281 2460 Confirmatio

97 2467 159 2488 retati
174 2467 262 2488 decreti.

893 253 1103 279 INNOCENTIUS
1129 253 1186 278 xm
1211 254 1259 279 1⁵1²,

293 301 354 334 nisi
378 301 469 346 prius
494 313 554 346 per
579 302 741 336 sexdecim
767 313 924 336 annornm
952 314 1030 336 cur-

293 365 372 395 sum,
399 367 537 400 quorum
564 356 736 390 duodecim
763 356 795 389 in
821 356 1033 400 principalio-

292 408 383 442 ribus
409 409 557 443 eiusdem
586 411 774 454 provinciae
796 410 1029 450 conventibus,

291 462 424 495 verbum
476 463 531 496 Dei
573 463 860 507 praedicaverint,
903 463 1032 507 praevio

293 516 444 549 examine
470 527 578 550 coram
605 517 875 550 examinatoribus
902 517 934 550 in
960 527 1034 550 con-

292 574 387 601 ventu
413 569 444 602 S.
479 570 599 614 Filippi
632 569 760 603 Ordinis
792 570 949 614 praedicti
978 581 1033 614 op-

292 622 358 666 pidi
379 622 495 656 Man-iti
514 623 740 656 'l'oletanensis
760 624 928 664 dioecesis,
948 624 1033 656 iuxta

292 675 477 708 ordinatum
515 675 546 708 in
583 675 704 709 eisdem
744 676 1031 709 constitutionibus

292 738 350 771 pro
387 729 566 762 lectoribus
596 729 778 762 subeundo.
806 728 1032 762 Definitorium

292 787 399 815 autem
425 784 598 825 generale,
625 783 674 815 liis
700 783 880 816 rationibus
905 783 1033 823 auditis,

293 834 395 868 edidit
419 836 587 869 decretum
614 836 737 870 tenoris
771 837 824 880 qui
859 836 1031 880 sequitur,

292 888 445 922 videlicet
462 900 468 922 :

331 950 475 981 Decretum
508 953 625 992 capituli
657 953 805 991 generalis,
830 957 858 981 ut
886 953 1032 990 sequitur:

291 998 350 1037 Ego
366 999 570 1040 infrascriptus
586 1001 761 1031 secretarius
778 1001 895 1031 Ordinis
912 1001 1032 1029 fratrum

291 1048 479 1079 eremitarum
510 1051 603 1080 sancti
636 1050 725 1089 patris
757 1049 912 1088 Augustini
950 1049 1032 1078 fidem

291 1098 365 1128 facio
388 1098 514 1137 qualiter
535 1099 565 1128 in
590 1099 758 1129 delinitorio
776 1098 896 1138 capituli
913 1106 1033 1136 genera-

290 1147 326 1177 lis
355 1156 448 1187 nuper
481 1148 620 1178 celebrati
653 1148 801 1179 exhibitus
833 1148 886 1177 suit
918 1147 1034 1177 libellus

289 1196 412 1236 supplex
444 1197 561 1227 nomine
595 1198 762 1236 provinciae
793 1197 943 1231 Camenae,
977 1206 1034 1235 quo

291 1246 455 1285 petebatur,
486 1256 628 1276 numerus
658 1247 863 1285 magistrorum
889 1246 1035 1284 praefatae

291 1296 459 1335 provinciae
491 1296 675 1334 redigeretur
697 1296 731 1326 ad
757 1296 874 1334 triginta
898 1296 928 1325 in
951 1296 1035 1325 sacr-21

292 1344 435 1382 theologia
466 1348 493 1374 et
515 1349 640 1383 quatuor
667 1344 703 1374 de
731 1344 854 1383 pulpito,
883 1344 956 1373 itaut
983 1344 1035 1372 liu-

289 1392 415 1423 iusmodi
438 1402 579 1422 numerus
608 1393 636 1422 in
666 1397 814 1432 posterum
840 1392 980 1422 excedere
1006 1396 1034 1422 et

289 1442 407 1473 alterari
425 1442 545 1472 minime
561 1442 663 1482 possit.
682 1443 815 1482 Cumque
831 1442 861 1471 in
885 1441 1033 1481 praesenti

290 1501 392 1522 omnes
423 1491 555 1530 magistri
586 1491 746 1522 ascendant
768 1491 802 1521 ad
826 1491 1032 1531 quadraginta,

290 1540 453 1580 petebatur,
483 1540 559 1580 quod
589 1545 670 1580 pater
696 1540 960 1570 reverendissimus
986 1549 1034 1578 ge-

290 1590 398 1620 neralis
415 1600 471 1620 non
489 1591 580 1630 possit
595 1591 682 1621 alium
700 1591 852 1621 instituere
869 1590 1032 1630 usquedum

290 1648 430 1669 numerus
462 1649 519 1669 non
552 1639 640 1670 suerit
675 1639 810 1670 redactus
844 1639 879 1669 ad
915 1639 1032 1678 triginta

290 1691 416 1727 quatuor
438 1687 619 1726 magisteria,
643 1688 772 1727 exceptis
795 1692 891 1718 tamen
916 1688 1034 1718 lectori-

290 1735 345 1766 bus
368 1736 639 1773 Salmaticensibus,
663 1741 692 1767 et
714 1737 842 1776 exceptis
858 1741 983 1776 quatuor
998 1737 1032 1767 de

291 1785 416 1824 pulpito,
450 1794 524 1824 quae
556 1785 706 1824 provincia
740 1785 847 1815 oratrix
880 1786 952 1825 petit
981 1795 1033 1825 pro

290 1834 378 1864 unica
400 1834 462 1864 vice
486 1834 571 1864 modo
593 1834 708 1864 institui
732 1844 826 1873 posse,
850 1836 891 1873 [ne
921 1835 1033 1874 praedi-

289 1887 413 1920 catores,
445 1883 495 1922 qui
518 1893 569 1913 sua
600 1883 708 1913 habent
732 1883 884 1923 requisita,
908 1885 961 1913 sua
985 1884 1033 1914 de-

288 1932 463 1962 fraudentur
489 1933 736 1962 remuneratione.
766 1932 821 1962 Cui
847 1933 973 1972 supplici
1001 1933 1032 1962 li-

288 1980 365 2011 bello
384 1981 543 2011 definitorii
566 1981 712 2020 generalis
742 1986 839 2021 patres
867 1982 947 2012 albos
977 1982 1031 2012 cal-

289 2030 369 2060 culos
391 2030 572 2068 adiecerunt,
593 2035 620 2061 et
642 2031 671 2061 in
695 2031 908 2071 praescriptum
932 2041 1032 2061 nume-

289 2088 354 2109 rum
390 2079 508 2117 triginta
546 2084 672 2118 quatuor
718 2080 924 2118 magistrorum
965 2090 1031 2110 cum

290 2128 426 2167 praefatis
441 2128 657 2158 conditionibus
674 2134 897 2159 consenserunt.
914 2129 944 2159 ln
961 2139 1033 2169 quo-

288 2185 353 2206 rum
377 2176 473 2212 fidem,
499 2181 554 2206 etc.
578 2177 680 2207 Datum
708 2177 736 2207 in
768 2182 912 2207 conventu
936 2178 1029 2207 sancti

289 2225 380 2264 patris
406 2225 565 2265 Augustini
592 2226 626 2256 de
658 2226 752 2263 Urbe,
784 2226 831 2256 die
861 2235 928 2256 xxvi
958 2226 1031 2256 iunii

289 2281 428 2305 unccxxt.
466 2293 505 2299 -—
539 2275 677 2313 Magister
712 2276 801 2305 frater
838 2275 1030 2306 llffinonruus

289 2323 473 2354 Aucusrmcs
497 2324 630 2363 Zazzsm,
661 2325 810 2363 Aretinus,
839 2324 957 2355 Ordinis
985 2334 1032 2355 se-

291 2372 442 2402 cretarius.
465 2373 533 2403 Loco
554 2376 572 2411 ³,-
592 2374 690 2412 siyz'lli.

335 2435 350 2477 5
375 2433 406 2468 2.
433 2435 509 2468 Cum
536 2442 652 2477 autem,
679 2436 760 2470 sicut
793 2437 906 2470 eadem
932 2448 1030 2481 expo-

291 2487 364 2521 sitio
389 2487 625 2531 subiungebat,
652 2489 712 2533 ipsi
746 2496 944 2534 exponentes
976 2491 1030 2524 de-

290 2547 414 2574 cretum
437 2541 631 2583 huiusmodi,
654 2553 717 2587 quo
736 2543 860 2576 firmius
877 2544 1031 2576 subsistat

291 2602 322 2630 et
346 2601 492 2629 servetur
517 2597 658 2629 exactius
677 2623 685 2638 ‚
719 2597 917 2640 apostolicae
954 2607 1030 2630 con-

289 2648 480 2682 firmationis
504 2654 634 2682 nostrae
666 2650 850 2692 patrocinio
888 2660 1029 2684 commu-

1714 248 1777 281 891³,

1077 303 1138 336 niri
1177 304 1351 347 plurimum
1379 303 1591 338 desiderent:
1626 316 1706 346 nos,
1731 307 1820 350 ipsos

1078 362 1277 400 exponentes
1304 357 1500 401 specialibus
1528 358 1690 391 favoribus
1705 364 1733 391 ct
1752 370 1820 401 gra-

1079 409 1129 442 tiis
1154 411 1309 453 prosequi
1336 411 1493 450 volentes,
1520 417 1550 444 et
1575 422 1687 444 eorum
1713 412 1821 454 singu-

1078 463 1161 495 lares
1176 473 1333 506 personas
1350 475 1365 496 a
1381 463 1549 507 quibusvis
1565 464 1821 497 excommunica-

1079 515 1187 555 tionis,
1201 516 1428 559 suspensionis
1445 522 1475 550 et
1495 517 1821 560 interdicti,aliisque

1078 569 1310 602 ecclesiasticis
1327 570 1511 609 sententiis
1532 570 1681 603 censuris
1700 575 1731 603 et
1747 580 1822 613 poe-

1078 622 1135 663 nis,
1154 633 1170 654 a
1197 623 1264 656 iure
1291 624 1340 656 vel
1361 624 1400 656 ab
1428 624 1572 663 homine,
1595 624 1707 667 quavis
1733 634 1823 657 occa-

1077 675 1168 708 sione
1194 677 1243 709 vel
1272 678 1370 709 causa
1396 677 1481 716 latis,
1499 677 1523 708 si
1547 677 1664 720 quibus
1687 688 1823 720 quomo-

1077 729 1204 761 dolibet
1225 729 1400 763 innodatae
1428 730 1585 770 existunt,
1615 731 1652 763 ad
1671 730 1821 763 effectum

1077 783 1300 825 praesentium
1335 784 1499 816 dumtaxat
1528 784 1794 828 consequendum
1815 811 1822 824 ,

1079 837 1193 869 barum
1230 837 1314 870 serie
1347 838 1553 870 absolventes
1585 843 1615 870 ct
1652 837 1820 870 absolutas

1079 890 1144 922 fore
1164 895 1356 931 censentes,
1383 891 1678 934 supplicationibus
1705 901 1820 924 corum

1078 942 1210 975 nomine
1243 953 1339 987 super
1374 943 1436 976 hoc
1467 943 1634 976 humiliter
1658 944 1819 987 porrectis

1078 996 1250 1036 inclinati,
1278 997 1316 1030 de
1342 997 1575 1030 venerabilium
1603 998 1736 1030 fratrum
1763 1008 1820 1030 no-

1078 1054 1218 1082 strorum
1243 1050 1274 1082 S.
1305 1050 1339 1082 R.
1369 1050 1402 1082 E.
1436 1050 1647 1084 cardinalium
1681 1050 1820 1093 negotiis

1079 1107 1110 1134 et
1135 1103 1430 1136 consultationibus
1457 1103 1686 1146 episcoporum
1713 1108 1743 1136 et
1770 1113 1819 1136 re-

1079 1155 1272 1198 gularium¹,
1300 1156 1353 1200 qui
1380 1155 1600 1189 relationem⁹
1621 1156 1728 1189 dilecti
1763 1155 1820 1189 tilii

1079 1209 1230 1242 moderni
1248 1209 1473 1253 procuratoris
1491 1209 1653 1252 generalis
1673 1208 1820 1242 eiusdem

1078 1261 1208 1295 Ordinis
1235 1273 1334 1306 super
1359 1263 1551 1306 praemissis
1577 1262 1700 1295 eisdem
1722 1262 1820 1295 cardi-

1079 1316 1206 1349 nalibus
1223 1318 1335 1350 factam
1362 1317 1525 1357 viderunt,
1542 1317 1688 1356 consilio,
1709 1316 1821 1349 decre-

1079 1374 1144 1401 tum
1165 1369 1403 1413 praeinsertum
1420 1369 1553 1413 capituli
1569 1380 1625 1403 seu
1641 1368 1818 1402 definitorii

1078 1422 1239 1464 generalis
1265 1422 1466 1455 reductionis
1496 1422 1621 1455 numeri
1646 1422 1819 1464 magistro-

1078 1484 1147 1507 rum
1168 1475 1272 1508 dictae
1298 1475 1486 1518 provinciae
1517 1476 1555 1509 ad
1584 1475 1715 1517 triginta
1739 1485 1819 1518 qua-

1078 1528 1259 1569 t1101*,int1*a
1270 1539 1367 1572 quem
1383 1539 1553 1562 numerum
1566 1529 1670 1572 prima
1683 1534 1820 1572 quatuor

1077 1582 1148 1614 loca
1172 1587 1323 1614 vacatura
1348 1582 1635 1615 concionatoribus
1661 1581 1819 1625 requisita

1078 1635 1264 1667 necessaria
1289 1635 1486 1668 habentibus
1512 1634 1741 1678 assignentur,
1768 1645 1820 1667 au-

1077 1688 1229 1721 ctoritate
1244 1688 1436 1731 apostolica,
1457 1694 1568 1721 tenore
1586 1687 1819 1731 praesentium,

1077 1739 1306 1774 confirmamus
1333 1747 1365 1775 et
1389 1742 1619 1784 approbamus,
1638 1740 1752 1784 illique
1771 1741 1820 1773 in-

1076 1793 1239 1826 violabilis
1276 1795 1479 1838 apostolicae
1519 1794 1679 1827 firmitatis
1720 1794 1820 1826 robur

1077 1847 1261 1888 amicimus,
1282 1859 1318 1881 ac
1336 1859 1449 1882 omnes
1467 1855 1498 1882 et
1521 1849 1671 1892 singulos
1692 1848 1770 1881 iuris
1789 1854 1821 1881 ct

1078 1901 1149 1933 facti
1175 1902 1343 1943 defectus,
1371 1903 1396 1935 si
1423 1902 1477 1946 qui
1509 1903 1651 1946 desuper
1685 1912 1819 1945 quomo-

1077 1955 1202 1988 dolibet
1226 1955 1474 1997 intervenerint,
1502 1957 1712 2000 supplemus:
1732 1956 1820 1989 salva

1077 2013 1184 2041 tamen
1214 2019 1345 2052 semper
1366 2010 1398 2042 in
1419 2009 1606 2053 praemissis
1627 2010 1819 2043 auctoritate

1076 2062 1345 2105 Congregationis
1371 2064 1560 2096 eorumdem
1589 2063 1816 2097 cardinalium.

1119 2116 1134 2159 §
1158 2115 1187 2149 3.
1215 2117 1451 2157 Decernentes‚
1474 2117 1604 2150 easdem
1630 2122 1818 2160 praesentes
1858 2121 1981 2145 “humme-

1076 2169 1197 2202 litteras
1223 2168 1343 2210 firmas,
1372 2170 1514 2210 validas,
1541 2170 1637 2203 etc.³.

1119 2223 1133 2265 ,ξ
1157 2222 1190 2255 4.
1217 2221 1286 2255 Non
1305 2223 1511 2256 obstantibus
1529 2224 1817 2257 constitutionibus
1854 2228 2012 2249 ‹³001·³¹···³*s⁰m

1830 2255 1949 2280 derogatio.

1076 2280 1107 2308 et
1121 2275 1384 2309 ordinationibus
1396 2277 1594 2320 apostolicis,
1609 2287 1645 2309 ac
1657 2283 1818 2320 quatenus

1074 2339 1155 2372 opus
1180 2329 1220 2362 sit
1244 2329 1372 2363 Ordinis
1398 2335 1430 2362 et
1454 2330 1641 2373 provinciae
1668 2342 1704 2363 ac
1741 2341 1817 2363 con‘

1075 2388 1227 2416 ventuum
1251 2383 1509 2426 praedictorum,
1538 2384 1642 2423 etiam,
1670 2390 1733 2417 ete.
1749 2384 1769 2416 ⁴.

1118 2436 1231 2469 Datum
1256 2436 1388 2476 Romae,
1411 2437 1496 2480 apud
1517 2437 1548 2469 S.
1569 2437 1700 2470 Mariam
1720 2437 1817 2469 Maio—

1112 2528 1120 2551 1
1145 2526 1227 2552 Deest
1245 2533 1294 2552 vox
1311 2526 1552 2560 praepositorum
1572 2530 1612 2559 tn.
1629 2527 1678 2558 Τ.).

1109 2571 1125 2596 2
1146 2570 1216 2596 Edit.
1238 2570 1321 2597 Μαίη.
1344 2571 1409 2605 legit
1430 2571 1588 2598 relationes
1610 2572 1645 2605 (n.
1662 2572 1712 2603 T.).

1109 2614 1124 2641 3
1146 2614 1259 2650 Reliqua
1279 2618 1306 2641 ut
1328 2623 1388 2650 pag.
1411 2615 1461 2642 703
1482 2625 1499 2641 α
1519 2617 1557 2650 (a.
1580 2616 1628 2649 τ.),

1114 2659 1124 2685 'i
1145 2659 1179 2685 Ut
1201 2658 1266 2685 ibid.
1288 2660 1325 2693 (a.
1348 2659 1395 2695 r).

1830 260 1878 284 An.
1900 257 2011 283 C.17-21
