2269 3203
123 241 175 270 Αιι.
191 240 221 270 c.
243 241 311 269 ¹712
952 243 1093 268 oteness
1119 244 1151 268 xi
1176 245 1224 269 pr.
1738 238 1802 272 595
1849 247 1895 274 An.
1913 246 1941 274 c.
1963 247 2029 275 1722

143 302 193 323 sina
217 302 300 332 toqmn
356 291 371 333 ξ
395 290 449 324 ⁶21.
471 291 608 324 Adsuere
626 292 775 335 protinus
792 291 968 332 adstantes,
988 298 1053 325 tuni
1098 294 1284 331 oramentis,
1311 303 1370 336 per
1393 294 1517 337 aliquot
1550 295 1647 327 horas
1680 295 1837 338 aliquate-

116 328 300 381 {tdfflssnl't'ffffl
313 349 434 386 patres,
452 344 512 378 hae
531 345 569 378 de
594 355 628 378 re
647 345 768 384 moniti,
787 345 1053 388 supervenientes
1097 354 1156 377 nus
1173 345 1416 389 conquiescens
1438 350 1503 378 tum
1523 356 1558 379 ex
1582 347 1743 389 religiosis
1760 348 1836 381 viris

144 1301 247 1323 Extremts
268 1307 276 1322 s
294 1312 302 1317 ·

117 1329 231 1357 craiueutis
255 1329 301 1349 reli-

117 1357 179 1376 citur.

171 2610 202 2631 Art
223 2610 304 2635 caelum

121 2637 198 2660 evolat.

312 395 404 430 illum
441 398 473 430 in
507 397 620 430 aedem
647 398 768 441 templo
794 398 973 441 proximam
998 398 1054 431 ad-

312 449 483 488 duxerunt,
509 456 541 484 et
564 451 664 483 sacris
696 455 855 484 exuerunt
885 450 1050 492 vestibus;

312 502 405 545 plura
429 502 579 542 subinde,
597 503 654 535 sed
677 503 804 542 frustra,
823 503 968 536 adhibita
986 503 1053 536 sue·

312 560 387 587 runt
417 554 639 595 medicamina,
666 565 738 588 nam
770 555 914 589 violenta
946 556 1052 590 morbi

313 607 420 641 rabies
445 617 574 641 omnem
599 608 628 640 ei
654 608 811 651 loquendi
838 619 929 641 usum
948 609 1053 641 abstu-

313 660 406 700 lerat,
420 660 533 694 illaesa
552 667 655 693 tamen
674 661 706 693 in
725 666 824 694 totum
844 662 1051 695 discernendi

314 712 484 752 facultate,
514 713 599 756 quod
636 724 694 757 per
730 714 802 747 (lata
834 715 873 747 ab
899 725 936 748 eo
961 714 1052 757 signa

312 765 409 809 plane
435 771 635 809 compertum
663 767 738 807 t'uit,
766 767 907 800 motibus
932 777 1051 811 nempe

311 818 515 861 quibusdam,
531 828 568 851 ae
589 819 732 860 nutibus,
750 826 784 852 ut
808 820 847 852 ad
873 830 960 852 aram
987 830 1052 852 ma-

311 871 414 904 iorem
432 871 679 914 perduceretur,
698 873 815 907 ardens
834 873 977 906 ostendit
1002 873 1052 906 dc-

310 925 477 963 siderium,
501 930 535 957 ut
560 931 647 959 stans
673 936 780 959 coram
808 927 874 966 illa,
900 932 930 960 et
956 927 987 959 in
1014 928 1051 959 ea

310 981 501 1022 consumpta
526 978 591 1012 Deo
617 979 768 1012 universa
793 979 975 1012 mortificati
1002 980 1051 1013 sui

311 1031 460 1075 corporis
481 1032 784 1073 ltostia,extremus,
799 1032 851 1075 qui
871 1039 1052 1076 supererat,

312 1090 343 1117 et
367 1085 524 1118 morituro
551 1091 625 1118 tunc
650 1085 682 1118 in
708 1091 841 1128 pectore
863 1085 943 1119 vitae
969 1086 1052 1129 ignis

314 1138 456 1181 tepebat,
469 1138 739 1181 quemadmodum
754 1138 864 1171 vivens
880 1145 1051 1179 exarserat,

313 1191 421 1224 divino
458 1201 589 1234 quoque
627 1190 771 1224 moriens
808 1191 1054 1234 extingueretur

313 1254 436 1276 amore.

356 1298 371 1340 g
395 1295 449 1330 ⁶22.
477 1297 553 1330 Cum
580 1307 656 1331 vero
681 1298 854 1341 superior,
886 1309 926 1331 an
952 1297 1053 1331 susci-

312 1350 451 1393 plendae
469 1350 689 1384 Eucharistiae
707 1351 810 1394 gratia
827 1351 859 1384 id
877 1355 1051 1395 expeteret,

311 1404 554 1446 interrogasset,
581 1403 694 1436 annuit
718 1403 772 1437 ille
798 1404 913 1437 iterato
938 1404 1052 1447 capitis

311 1457 394 1489 flexu
410 1483 418 1497 ,
445 1466 505 1489 nec
529 1468 546 1489 a
565 1457 699 1490 nutibus
724 1457 880 1490 desistere
906 1462 938 1490 et
961 1457 1053 1501 quie-

313 1519 403 1543 scere
422 1509 516 1550 visus,
535 1509 598 1543 nisi
617 1519 688 1542 cum
708 1510 772 1544 hoc
796 1510 836 1543 de
861 1511 999 1553 negocio
1017 1521 1051 1544 se

312 1561 400 1596 idem
416 1562 566 1606 superior
583 1563 631 1597 illi
649 1563 887 1597 satisfacturum
909 1573 1053 1607 spopon-

313 1615 424 1655 disset,
442 1621 613 1659 postquam
631 1616 769 1657 scilicet,
785 1616 870 1660 quod
890 1622 959 1649 erat
977 1621 1053 1650 tunc

313 1669 553 1712 opportunius,
587 1669 621 1701 in
657 1669 843 1703 cubiculum
878 1675 1052 1714 aegrotans

313 1727 497 1766 asportatus
522 1722 644 1756 suisset.
670 1722 715 1756 Eo
736 1723 922 1767 perductus,
948 1734 984 1757 ac
1008 1725 1053 1758 le-

313 1775 400 1808 ctulo
421 1780 551 1815 stratus,
577 1775 722 1816 medicis,
748 1777 802 1819 qui
828 1776 890 1809 iam
915 1777 1053 1810 advene-

312 1833 394 1867 rant,
415 1829 536 1861 nullam
561 1828 673 1861 salutis
699 1839 791 1872 spem
817 1829 978 1870 dantibus,
996 1830 1051 1864 sed

312 1881 398 1914 intra
422 1891 543 1924 paucas
574 1881 672 1914 horas
703 1891 836 1924 aegrum
861 1882 1052 1916 moriturum

312 1934 627 1977 pronunciantibus,
677 1934 882 1968 sanctissimo
929 1935 1051 1969 Viatico

312 1989 519 2031 extremaque
559 1987 678 2021 deinde
715 1987 871 2022 Unctione
910 1988 1052 2022 munitus

313 2039 384 2072 suit.
411 2039 445 2072 ln
472 2041 558 2073 tanta
583 2050 660 2073 vero
685 2041 857 2084 spirituum
882 2041 1051 2085 perturba-

314 2092 414 2133 tione,
441 2092 595 2136 singulari
613 2093 668 2126 Dei
689 2093 859 2135 beneficio,
877 2094 922 2127 ita
946 2100 1051 2128 mente

313 2156 444 2190 semper
460 2146 565 2180 libera
581 2147 769 2190 permansit,
787 2152 820 2180 ut
838 2147 906 2180 viso
922 2158 939 2180 a
955 2148 1051 2191 longe

311 2198 345 2232 in
363 2199 538 2233 sacerdotis
554 2200 703 2234 manibus
717 2200 825 2234 divino
839 2207 1050 2241 sacramento,

313 2251 408 2286 editis
433 2252 521 2286 haud
545 2253 730 2297 vulgaribus
747 2253 877 2297 pietatis
901 2258 934 2287 et
957 2253 1053 2287 devo-

314 2304 412 2338 tionis
447 2305 585 2346 indiciis,
623 2316 640 2339 e
665 2307 750 2340 lecto
775 2316 921 2349 surgere,
948 2316 1051 2350 quan-

314 2361 380 2390 tum
416 2368 474 2400 per
507 2359 591 2392 vires
617 2359 765 2400 licuerat,
790 2363 922 2394 conatus
944 2359 1050 2399 suerit,

313 2410 445 2443 nonnisi
469 2410 559 2445 humi
584 2417 702 2446 stratus
719 2412 845 2446 Domini
870 2412 992 2456 gloriae
1017 2412 1051 2445 in

313 2462 363 2495 sui
403 2464 552 2507 corporis
596 2465 774 2508 hospitium
815 2470 1048 2509 suscepturus,

313 2514 431 2558 quibus
455 2520 488 2548 et
509 2516 615 2549 morbi
631 2517 837 2551 adversarius
861 2517 999 2561 impetus
1020 2522 1052 2551 et

313 2566 493 2610 superioris
514 2567 672 2602 obstitere
697 2575 918 2613 praeceptum.

358 2619 374 2664 ἓ
397 2618 451 2654 23.
478 2619 590 2665 ltaque
614 2622 773 2666 susceptis
803 2621 967 2658 Ecclesiae
1004 2633 1051 2657 sa·

1099 405 1164 431 tum
1190 409 1228 431 ex
1253 398 1471 432 saecularibus
1498 399 1529 431 in
1556 398 1625 432 eius
1651 400 1836 433 cubiculum

1096 450 1354 492 introeuntibus,
1381 456 1478 495 atque
1503 452 1542 484 ab
1568 462 1606 485 eo
1632 453 1835 486 bencdictio-

1097 513 1170 536 nem
1196 504 1451 547 postulantibus,
1476 505 1622 548 singulos
1655 505 1709 538 ille
1743 505 1836 549 peni-

1098 561 1146 589 tus
1172 557 1344 599 agnovisse
1367 557 1525 597 indicans,
1543 558 1744 601 singulorum
1762 564 1836 592 vota

1096 616 1252 653 paternae
1270 611 1510 644 benedictionis
1529 621 1662 645 munere
1684 612 1836 655 diguatus

1096 668 1155 695 est.
1182 663 1333 697 Extremo
1359 664 1489 697 demum
1517 665 1689 707 ingruente
1715 674 1834 708 agone,

1097 726 1161 749 non
1187 717 1289 750 semel
1315 717 1466 760 equidem
1492 718 1724 751 validissimum
1763 728 1836 751 eum

1097 768 1228 800 humani
1256 770 1386 812 generis
1413 770 1506 803 ltoste
1532 776 1697 804 certamen
1724 771 1755 803 in
1782 771 1836 804 itta

1097 821 1272 855 novissima
1297 822 1379 856 vitae
1402 833 1479 856 suae
1497 826 1597 856 arena
1621 834 1655 857 se
1682 824 1837 857 initurum

1096 874 1164 917 ipse
1191 875 1410 918 praedixerat,
1449 882 1689 921 proptereaque
1723 887 1835 911 omnes

1095 928 1234 960 orationi
1259 929 1415 962 instantes
1441 930 1550 971 vellet,
1574 935 1609 962 ut
1633 930 1671 963 iis
1697 930 1837 964 interce-

1097 980 1248 1013 dentibus
1267 981 1394 1015 divinae
1412 982 1655 1016 misericordiae
1670 983 1836 1023 auxilium,

1097 1043 1159 1076 quo
1185 1033 1286 1066 victor
1319 1034 1490 1075 evaderet,
1516 1034 1689 1069 affuturum
1725 1046 1837 1080 spera-

1097 1091 1156 1118 ret.
1184 1086 1252 1119 )on
1279 1087 1345 1128 ubi,
1374 1089 1427 1131 qui
1447 1094 1635 1132 praesentes
1652 1096 1753 1130 erant,
1772 1091 1836 1123 An-

1097 1138 1193 1171 dreae
1210 1140 1331 1173 vultum
1351 1140 1440 1183 quasi
1460 1141 1590 1174 inducta
1610 1142 1836 1184 trepidationis

1096 1202 1132 1224 ae
1147 1193 1305 1226 moeroris
1323 1194 1410 1226 nube
1429 1194 1658 1228 obumbratum
1673 1195 1834 1237 viderunt,

1097 1249 1262 1277 certamen
1287 1243 1332 1278 ab
1353 1246 1425 1289 ipso
1451 1247 1653 1290 praedictum
1673 1248 1700 1281 ei
1723 1248 1835 1282 adesse

1097 1297 1166 1336 rati,
1194 1298 1447 1332 ferventissimas
1480 1310 1538 1343 pro
1574 1310 1613 1334 eo
1648 1311 1762 1344 preces
1795 1300 1835 1334 ad

1097 1349 1195 1382 Deum
1230 1350 1367 1383 sundere
1401 1358 1595 1394 coeperunt.
1625 1352 1739 1386 Verum
1773 1354 1836 1386 An-

1097 1401 1209 1441 dreas,
1235 1403 1400 1436 conversis
1434 1404 1552 1438 iterum
1589 1410 1686 1448 atque
1718 1406 1836 1439 iterum

1096 1453 1282 1488 firmissimo
1308 1455 1427 1488 intuitu
1452 1457 1553 1490 oculis
1579 1457 1617 1490 ad
1654 1457 1836 1501 piissimam

1097 1506 1271 1550 imaginem
1287 1518 1303 1541 e
1322 1508 1463 1542 cubiculi
1480 1509 1606 1553 pariete
1624 1510 1836 1554 pendentem,

1096 1566 1271 1594 consuetae
1297 1562 1443 1595 redditus
1471 1564 1705 1607 tranquillitati,
1724 1563 1836 1598 hilaris

1098 1613 1342 1658 tliriumphator
1366 1614 1399 1647 in
1430 1616 1556 1649 caelum
1593 1616 1632 1649 ad
1665 1626 1836 1660 capessen-

1097 1666 1169 1700 dam
1194 1667 1271 1700 boni
1297 1668 1495 1708 certaminis,
1531 1669 1617 1712 quod
1642 1674 1832 1709 certaverat,

1096 1729 1249 1753 eoronam
1275 1725 1306 1753 et
1337 1721 1561 1764 attingendam
1596 1721 1723 1756 beatam
1757 1733 1836 1756 con-

1095 1773 1246 1806 summati
1264 1784 1378 1807 cursus
1405 1780 1523 1808 metam
1549 1776 1699 1809 evolavit.

1139 1827 1154 1870 g
1179 1826 1233 1859 ⁶24.
1262 1826 1337 1860 Post
1362 1827 1429 1860 eius
1455 1828 1489 1860 in
1513 1828 1649 1861 Domino
1673 1829 1835 1862 obdormi-
1871 1836 2030 1859 mmmmm-

1845 1866 1894 1884 tatis
1911 1865 1975 1890 ipsius
1991 1865 2030 1885 tiis·

1097 1880 1219 1912 tionem
1244 1880 1341 1923 longe
1374 1881 1505 1924 lateque
1539 1880 1653 1914 diffusa
1687 1887 1736 1914 est
1759 1892 1833 1915 san·
1845 1890 1971 1937 sandltturh
1999 1894 2030 1936 15²

1095 1931 1214 1965 etitatis
1249 1943 1326 1966 suae
1365 1933 1461 1966 sama.
1503 1933 1709 1978 Quapropter
1747 1945 1832 1969 anno
1844 1922 2030 1980 iiiss'bepftixs‘itss

1095 1995 1220 2020 nocvtn
1245 1986 1429 2027 defunctus,
1457 1997 1542 2020 anno
1568 1998 1644 2020 vero
1669 1997 1797 2022 tttncxxv
1816 1970 1964 2021 aemam*

1096 2038 1198 2072 seticis
1223 2039 1461 2072 recordationis
1497 2039 1626 2074 Urbano
1660 2034 1747 2084 Papa
1769 2041 1834 2074 Vlll

1095 2091 1350 2134 praedecessore
1375 2097 1487 2125 nostro
1518 2092 1603 2126 inter
1634 2094 1751 2127 Beatos
1775 2104 1831 2128 so-

1095 2144 1194 2177 lemni
1218 2144 1283 2177 ritu
1301 2144 1482 2187 adscriptus
1507 2145 1577 2178 snit.
1604 2145 1642 2178 Et
1666 2146 1740 2190 quia
1757 2157 1835 2181 non·

1096 2197 1170 2230 dum
1196 2197 1395 2240 apostolicae
1421 2198 1612 2241 prodierant
1629 2199 1834 2233 constitutio-

1095 2260 1161 2289 nes,
1189 2250 1308 2293 quibus
1333 2255 1473 2291 cavetur,
1493 2250 1739 2292 nehuiusmodi
1759 2252 1834 2285 bea-²

1095 2302 1278 2336 titicationis
1296 2313 1465 2336 servorum
1478 2303 1534 2336 Dei
1552 2314 1834 2348 quorumcumque

1095 2366 1131 2389 ac
1145 2356 1399 2390 canonizationis
1408 2367 1534 2398 causae,
1544 2357 1607 2391 nisi
1617 2363 1691 2402 post
1706 2359 1833 2401 lapsum

1095 2410 1134 2443 ab
1158 2409 1288 2444 illorum
1323 2410 1413 2444 obitu
1445 2421 1566 2444 annum
1599 2411 1833 2455 quinquagesi-

1094 2474 1193 2504 mum,
1219 2468 1446 2503 tractarentur,
1474 2463 1537 2497 hoc
1561 2465 1666 2497 solum
1704 2465 1831 2499 interea

1094 2516 1265 2559 permisso,
1292 2521 1327 2549 ut
1351 2516 1474 2550 scilicet
1498 2517 1653 2550 virtutum
1678 2522 1710 2551 et
1735 2517 1832 2550 mira-

1094 2569 1239 2602 culorum
1264 2569 1478 2612 probationes
1502 2579 1682 2613 procurare
1701 2580 1737 2604 ac
1757 2580 1832 2603 con-

1093 2621 1191 2657 ticere
1215 2622 1341 2666 liceret,
1373 2632 1413 2657 ne
1446 2633 1508 2665 per
1543 2623 1642 2667 longa
1677 2622 1831 2667 temporis
