2269 3203
237 226 289 253 An.
308 224 337 252 C.
356 224 420 252 1701

280 1979 301 1998 Fi
313 1979 341 1996 lus
368 1981 422 1999 tuan·

471 215 513 250 10

429 274 529 307 sionis
544 278 576 308 et
589 273 765 313 interdicti,
784 272 920 316 aliisque
939 267 1167 305 ecclesiasticis

430 327 614 366 sententiis,
633 326 778 360 censuris
798 330 829 358 et
845 324 969 368 poenis,
990 334 1008 356 a
1032 323 1101 355 iure
1118 321 1167 353 vel

429 382 469 414 ab
495 380 638 419 bomine,
665 380 777 423 quavis
802 378 973 411 occasione
1003 376 1052 408 vel
1073 374 1168 406 causa

430 434 514 473 latis,
529 434 553 465 si
582 433 699 476 quibus
721 430 970 475 quomodolibet
993 427 1168 460 innodatus

431 487 551 526 existit,
571 487 609 519 ad
629 485 776 518 effectum
801 482 1017 527 praesentium
1045 480 1168 512 dumta-

429 546 484 573 xat
504 539 783 581 consequendum,
809 537 924 569 harum
956 533 1039 567 serie
1062 531 1168 564 absol-

431 598 543 625 ventes
562 596 593 624 et
611 592 795 623 absolutum
814 590 883 621 sore
898 591 1081 623 censentes,
1099 594 1170 626 sup-

430 644 665 689 plicationibus
693 643 760 676 eins
791 641 922 674 nomine
949 638 1043 671 nobis
1069 647 1169 680 super

433 698 494 730 hoc
527 696 693 730 humiliter
729 693 888 738 porrectis
921 690 1088 729 inclinati,
1116 689 1170 721 de-

432 755 556 784 cretum
574 749 812 793 praeiusertum
830 773 837 786 ,
872 743 1063 778 auctoritate
1092 752 1171 785 apo-

433 804 563 844 stoliea,
594 808 705 835 tenore
731 799 971 845 praesentium,
997 795 1171 829 confirma-

433 867 504 890 nius
523 861 554 890 et
573 855 787 899 approbamus
808 879 814 892 ‚
836 852 949 894 illique
972 849 1171 883 inviolabilis

433 910 634 954 apostolicae
656 906 812 940 firmitatis
843 906 943 938 robur
971 903 1141 936 adiieimus
1162 914 1169 943 ;

434 964 521 996 salva
542 968 649 995 tamen
675 970 804 1003 semper
829 959 861 991 in
896 957 1087 1001 praemissis
1118 967 1173 989 au-

433 1016 580 1049 ctoritate
599 1014 761 1057 praefatae
783 1010 1054 1054 Congregationis
1072 1010 1174 1042 cardi-

434 1069 566 1102 nalium.
586 1068 812 1104 DecernenteS,
833 1065 962 1098 easdem
980 1068 1172 1108 praesentes

434 1123 572 1161 litteras,
599 1130 729 1162 semper
753 1119 870 1158 firmas,
897 1118 1018 1151 validas
1044 1123 1076 1150 et
1108 1117 1173 1149 effi-

433 1185 523 1206 caces
540 1173 678 1206 existere
697 1178 728 1204 et
746 1172 824 1211 sore,
846 1181 989 1214 suosque
1008 1170 1173 1213 plenarios

433 1233 464 1259 et
489 1227 632 1268 integros
658 1224 792 1258 effeetus
817 1224 984 1257 sortiriet
1008 1223 1171 1263 obtinere,

433 1290 469 1312 ac
505 1279 583 1318 illis,
614 1279 651 1310 ad
675 1288 754 1321 quos
780 1282 906 1321 spectat
941 1282 972 1309 et
999 1287 1059 1320 pro
1093 1281 1174 1309 tem-

433 1343 510 1376 pore
533 1332 802 1376 quandocumque
821 1330 996 1374 spectabit,
1019 1330 1051 1362 in
1070 1329 1174 1362 omni-

432 1386 492 1418 bus
528 1391 560 1418 et
590 1395 650 1428 per
682 1384 790 1417 onmia
822 1383 1014 1427 plenissime
1052 1381 1170 1415 suil'ra-

434 1438 513 1481 gari,
542 1438 653 1481 sicque
671 1437 703 1469 in
722 1436 910 1480 praemissis
929 1446 990 1480 per
1003 1446 1175 1479 quoscum-

434 1502 497 1534 que
534 1491 656 1523 iudices
693 1490 876 1522 ordinarios
914 1495 946 1521 et
981 1489 1148 1531 delegatos
1164 1516 1171 1529 ,

434 1545 529 1577 etiam
550 1554 717 1576 causarum
735 1543 848 1585 palatii
862 1541 1035 1584 apostolici
1054 1541 1174 1574 audito-

434 1608 495 1636 res,
521 1597 654 1629 iudicari
677 1601 707 1629 et
734 1596 859 1629 definiri
885 1596 1022 1634 debere,
1049 1606 1086 1627 ao
1106 1594 1174 1626 irri-

435 1656 499 1682 tum
531 1656 562 1682 et
592 1650 702 1689 inane,
721 1649 745 1681 si
764 1659 856 1681 secus
873 1659 973 1691 super
991 1647 1041 1680 liis
1058 1658 1075 1680 a
1093 1658 1174 1690 quo-

433 1714 537 1745 quam,
575 1702 687 1745 quavis
716 1702 931 1741 auctoritate,
961 1701 1104 1734 scienter
1123 1701 1173 1733 vel

433 1756 634 1797 ignoranter,
657 1755 832 1797 contigerit
848 1754 1016 1787 attentari.

477 1810 491 1851 ᾗ
516 1809 546 1840 n.
574 1808 642 1841 Nou
660 1808 864 1840 obstantibus
885 1807 1173 1840 constitutionibus

433 1866 465 1893 ct
488 1861 749 1894 ordinationibus
776 1860 973 1903 apostolicis,
992 1859 1174 1903 ceterisque

433 1914 603 1946 contrariis
630 1913 904 1956 quibuscumque.

477 1968 491 2011 ‘g
516 1968 546 2000 Ji.
583 1968 735 2000 Volumus
770 1972 878 2000 autem
911 1972 946 1999 ut
988 1967 1174 1999 earumdem

434 2021 652 2064 praesentium
671 2021 851 2054 litterarum
872 2020 1095 2063 transumptis,
1117 2031 1174 2053 seu

434 2074 603 2117 exemplis,
619 2075 714 2106 etiam
731 2074 904 2117 impressis²
922 2084 1019 2106 manu
1034 2074 1174 2106 alicuius

435 2127 551 2159 notarii
567 2127 688 2169 publici
709 2127 908 2170 subscriptis,
928 2132 960 2160 et
977 2127 1085 2170 sigillo
1104 2138 1176 2171 per-

434 2192 532 2214 sonae
551 2181 582 2212 in
605 2181 826 2213 ecclesiastica
844 2182 1003 2223 dignitate
1018 2181 1175 2215 constitu-

435 2240 485 2266 tae
503 2234 647 2273 muussis,
667 2235 780 2266 eadem
801 2245 935 2277 prorsus
957 2235 1036 2268 tides
1057 2240 1121 2268 tam
1141 2235 1174 2267 in

435 2287 553 2319 iudicio
569 2297 663 2329 quain
682 2292 771 2319 extra
788 2288 868 2320 illud
886 2288 1007 2331 ubique
1027 2289 1174 2321 locorum

437 2340 606 2379 habeatur,
627 2350 707 2381 quae
723 2340 902 2372 haberetur
918 2340 999 2384 ipsis
1023 2352 1177 2384 praesen-

438 2393 522 2424 tibus
547 2392 573 2423 si
595 2393 700 2424 forent
721 2392 886 2426 exhibitae
908 2394 958 2426 vel
984 2399 1150 2427 ostensae.

481 2446 600 2477 Datum·
622 2446 750 2485 Romae,
776 2447 859 2488 apud
886 2446 916 2479 S.
947 2447 1087 2486 Petrum,
1113 2448 1174 2480 sub

437 2500 559 2531 annulo
592 2498 786 2539 piscatoris,
820 2499 871 2532 dic
906 2511 979 2533 xxix
1012 2500 1173 2542 ianuarii,

440 2561 563 2591 MDCCt,
594 2550 801 2594 pontificatus
827 2553 928 2586 nostri
954 2564 1038 2587 anno
1064 2564 1086 2587 1.

474 2613 532 2641 Dat.
551 2612 594 2641 die
610 2613 643 2641 29
659 2613 774 2641 ianuarii
792 2614 869 2649 1701,
886 2615 983 2652 pontis.
999 2623 1069 2645 anno
1085 2623 1104 2644 1.

1015 217 1196 246 BULLARIUM
1220 215 1372 242 ROMANUM

1553 260 1603 295 VI.

1210 337 1339 380 Eriqesi
1373 336 1406 368 ἰιι
1441 334 1699 377 Conqreqazione
1734 334 1787 367 del
1814 333 1953 368 Sollievo

1348 399 1407 432 per
1433 388 1464 420 la
1490 387 1571 420 cittot
1595 387 1631 419 di
1654 387 1757 421 Roma
1772 387 1792 420 ¹.

1432 459 1568 486 Clemens
1588 458 1667 492 Papa
1685 458 1734 492 XX,

1329 504 1366 530 ad
1388 506 1566 538 perpetuam
1585 503 1631 530 rei
1651 503 1834 531 memoriam.

1291 574 1474 604 Reverendissimo
1494 574 1605 604 cardinale
1626 573 1729 603 Galeazzo
1750 573 1876 604 Mariscotti.

1257 633 1271 676 ἓ
1296 633 1328 666 1.
1355 633 1414 666 Fra
1441 634 1470 666 le
1495 633 1584 665 molti
1612 643 1628 665 e
1654 632 1741 674 gravi
1767 642 1866 672 eure,
1892 632 1953 665 che

1214 686 1241 719 ci
1268 696 1435 729 occupano
1461 687 1478 719 l'
1495 686 1603 719 animo
1629 687 1681 719 nel
1715 685 1876 729 principio
1901 685 1953 719 del

1215 744 1327 773 nostro
1362 739 1574 783 pontificato,
1609 750 1675 772 non
1711 739 1728 771 e
1761 739 1791 772 la
1826 738 1954 772 minore

1216 794 1326 837 quella
1345 793 1396 826 del
1415 792 1552 826 sollievo
1576 803 1592 825 e
1613 791 1773 826 benetizio
1792 792 1878 825 della
1898 803 1956 825 no-

1215 852 1281 879 stra
1305 846 1382 879 citta
1407 846 1438 878 di
1465 846 1575 886 Roma,
1602 856 1665 878 non
1688 846 1757 879 solo
1772 856 1831 889 per
1844 845 1956 888 quello

1216 899 1366 942 riguarda
1390 899 1412 932 il
1438 899 1620 939 rinnovare,
1636 898 1957 942 pi'omuovei·e,esar

1217 952 1357 986 rifiorire
1383 952 1481 986 l'arte
1507 952 1814 995 dell'agricoltura‚
1847 952 1954 984 donde

1216 1006 1281 1048 puo
1308 1005 1457 1038 derivare
1482 1006 1507 1037 si
1541 1005 1698 1038 rilevante
1723 1004 1883 1038 benetizio
1916 1005 1957 1037 31-

1217 1057 1359 1091 l'istessa
1384 1058 1475 1098 Cina,
1499 1060 1530 1091 la
1553 1057 1807 1091 conservazione
1833 1057 1873 1090 ed
1903 1067 1957 1089 au-

1217 1118 1374 1154 gumento
1400 1112 1557 1152 dcll'arti,
1582 1112 1643 1145 che
1667 1112 1696 1144 vi
1722 1121 1814 1151 sono,
1841 1121 1858 1143 e
1884 1109 1957 1144 l'in-

1218 1166 1412 1199 troduzione
1431 1166 1603 1207 dell‘altre,
1621 1165 1646 1199 il
1665 1165 1822 1199 facilitare
1840 1165 1861 1198 il
1879 1165 1958 1197 traf-

1218 1219 1277 1252 tico
1293 1230 1309 1252 e
1321 1219 1554 1262 negoziazione
1569 1229 1726 1262 permare
1747 1229 1763 1251 e
1784 1228 1844 1261 per
1859 1223 1955 1257 terra,

1217 1273 1238 1305 il
1265 1272 1440 1305 riformare
1466 1283 1483 1305 e
1510 1272 1648 1315 togliere
1674 1271 1717 1314 gli
1743 1270 1836 1304 abusi
1858 1271 1957 1304 intro-

1218 1326 1297 1359 dotti
1318 1338 1326 1366 ;
1353 1336 1404 1358 ma
1436 1336 1555 1359 ancora
1580 1335 1648 1371 peu
1664 1325 1776 1368 quello
1802 1324 1957 1367 riguarda

1217 1380 1239 1412 il
1265 1380 1385 1412 decoro
1406 1389 1422 1411 e
1455 1379 1549 1411 stima
1573 1379 1624 1411 del
1648 1378 1768 1411 Seuato
1794 1377 1956 1418 Romano,

1217 1433 1239 1466 il
1264 1432 1424 1466 benefizio
1447 1443 1463 1465 e
1485 1431 1615 1475 sgravio
1638 1431 1722 1464 della
1741 1430 1877 1464 Camera
1903 1430 1959 1464 Ca-

1218 1485 1364 1529 pitolina,
1383 1496 1399 1518 e
1415 1486 1659 1527 generalmente
1674 1483 1821 1518 l'ottimo
1832 1495 1848 1517 e
1863 1484 1958 1518 selice

1217 1549 1363 1581 governo
1374 1539 1566 1572 economico
1582 1538 1668 1571 della
1685 1537 1863 1571 medesiina
1875 1538 1959 1571 Citta

1217 1593 1250 1625 in
1277 1597 1357 1624 tutte
1384 1593 1412 1624 le
1438 1602 1496 1624 sue
1522 1592 1618 1634 parti.
1645 1591 1668 1624 E
1693 1591 1822 1624 benetie
1843 1590 1960 1624 da'no-

1218 1645 1273 1679 stri
1286 1644 1511 1688 predecessori
1526 1655 1585 1688 per
1600 1645 1620 1677 il
1636 1645 1722 1677 buon
1733 1645 1959 1686 regolaniento

1218 1698 1432 1731 dell'annona
1457 1709 1474 1731 e
1500 1697 1626 1740 grascia
1645 1725 1652 1737 ,
1687 1702 1776 1730 tanto
1808 1697 1840 1729 in
1873 1697 1960 1730 detta

1218 1752 1294 1784 citta
1319 1751 1350 1783 di
1376 1752 1494 1791 Roma,
1519 1761 1609 1784 come
1635 1751 1667 1783 in
1694 1755 1775 1783 tutto
1800 1750 1822 1783 il
1848 1756 1959 1783 nostro

1217 1805 1305 1838 State
1320 1805 1558 1845 Ecclesiastico,
1571 1805 1661 1838 siano
1674 1810 1821 1837 emanate
1836 1804 1959 1837 diverse

1218 1858 1437 1898 costituzioni,
1463 1868 1479 1890 e
1505 1857 1740 1901 specialmente
1770 1857 1809 1889 da
1831 1856 1915 1889 Sisto
1937 1856 1959 1888 V

1220 1923 1235 1945 c
1262 1912 1361 1945 Paolo
1387 1912 1409 1943 Y
1436 1911 1467 1943 di
1494 1911 1588 1944 selice
1613 1911 1806 1944 ricordanza
1831 1910 1865 1942 in
1886 1910 1961 1944 data

1219 1965 1297 1998 delli
1315 1975 1392 1998 xxut
1410 1975 1518 1998 marzo
1534 1974 1679 1998 MDLxxxv
1694 1974 1710 1996 e
1726 1963 1804 1996 delli
1817 1973 1860 1996 vn
1875 1973 1961 2006 mag-

1219 2018 1271 2061 gio
1296 2028 1482 2052 Mutxxxvni
1500 2028 1516 2050 e
1543 2017 1619 2050 delli
1644 2027 1695 2049 xix
1712 2016 1843 2049 ottobre
1861 2026 1961 2050 MDcxt

1218 2072 1507 2115 rispettivamcnte,
1522 2081 1539 2103 e
1553 2069 1687 2103 istituite
1702 2081 1719 2102 a
1737 2070 1779 2102 tal
1795 2069 1904 2102 ell'etto
1919 2069 1961 2102 di-

1219 2135 1312 2157 verse
1329 2122 1602 2166 Congregazioni·,
1624 2122 1881 2161 nientedimeno‚
1903 2132 1962 2165 per

1219 2179 1247 2211 la
1273 2177 1453 2220 lunghezza
1477 2177 1529 2209 del
1557 2181 1676 2219 tempo,
1695 2187 1713 2208 o
1736 2177 1842 2219 peria
1859 2181 1961 2208 morte

1219 2231 1250 2264 di
1276 2232 1384 2274 quelle
1409 2239 1547 2273 persone
1569 2229 1618 2261 ch'
1631 2239 1730 2262 erano
1754 2234 1838 2262 state
1864 2229 1963 2272 depu-

1255 2347 1263 2372 1
1290 2346 1439 2372 Revocatae
1459 2344 1535 2371 suere
1556 2343 1741 2379 exemptiones
1756 2351 1770 2370 a
1787 2342 1963 2378 vectigalibus

1218 2391 1252 2417 ab
1273 2388 1428 2416 Innocentio
1440 2388 1482 2414 ΧΗ
1499 2392 1584 2415 const.
1602 2389 1646 2415 ed.
1658 2394 1797 2421 sincxxxxl,
1814 2386 1858 2414 die
1867 2387 1902 2413 24
1916 2387 1963 2413 de-

1219 2434 1347 2466 cembris,
1358 2433 1452 2469 pontis.
1465 2440 1484 2466 13
1495 2437 1521 2460 et
1530 2433 1637 2460 constit.
1648 2432 1692 2459 ed.
1704 2438 1783 2465 noce,
1794 2431 1836 2457 die
1845 2432 1878 2457 28
1888 2431 1962 2464 maii,

1219 2478 1315 2515 pontif.
1338 2486 1374 2511 ix,
1395 2482 1485 2504 erecta
1504 2477 1554 2504 fuit
1573 2476 1752 2511 Cougregatio
1771 2476 1870 2502 Portus
1882 2476 1963 2509 Antii,

1219 2528 1246 2551 et
1277 2523 1311 2550 ab
1338 2522 1389 2549 hoc
1415 2522 1550 2549 Pontifiee
1574 2521 1716 2555 eriguntur
1738 2520 1964 2556 Computistariae

1219 2569 1341 2596 locorum
1361 2567 1518 2599 montium,
1540 2570 1626 2595 const.
1655 2566 1728 2594 edita
1748 2572 1864 2599 unccvi,
1886 2565 1929 2593 die
1948 2566 1964 2593 8

1220 2613 1323 2650 aprilis,
1345 2611 1442 2649 pontif.
1465 2617 1500 2639 vt.

1960 208 2012 238 An.
2029 208 2057 236 C.
2077 209 2144 238 ¹701

2017 644 2105 669 cagreni
2127 643 2149 664 di

1966 675 2041 697 questo
2078 671 2151 691 chiro-

1965 698 2033 724 grato.
