2269 3203
95 233 145 260 An*-
163 232 194 258 c:
216 229 278 258 1701

920 222 1062 248 CLEMENS
1087 222 1117 246 x1
1143 222 1191 246 1²1¹.

289 278 475 322 praemissis
502 276 595 310 dictis
627 274 846 307 cardinalibus
867 274 946 306 saeta
963 300 970 313 ,
994 283 1029 305 o-

290 331 376 364 mnia
394 335 424 364 et
442 330 570 372 singula
585 327 761 372 privilegia,
776 327 1028 370 praerogativas,

290 384 530 424 concessiones,
558 383 695 422 favores,
722 382 896 420 facultates,
925 381 1031 413 decla-

291 437 452 477 rationes,
478 435 735 469 conservatorias
752 462 760 475 ,
787 433 1007 467 immunitates
1023 459 1030 472 ,

290 489 530 533 exemptIOnes,
547 489 727 528 libertates,
749 493 939 530 ceterasque
961 497 1033 529 gra-

291 543 358 583 tias,
384 542 661 585 praeeminentias
688 547 719 574 et
745 541 870 574 indulta
895 540 1032 573 cuiusvis

290 596 420 639 generis
447 595 629 635 existentia,
652 594 834 637 spiritualia
859 599 890 627 et
911 599 1033 636 tempo-

291 649 381 690 ralia,
407 648 657 691 qualiacumque
683 647 738 680 illa
763 647 837 687 sint,
855 646 1032 679 dummodo

292 707 397 734 tamen
424 700 537 734 sintin
557 711 613 733 usu
640 706 672 733 et
696 710 761 733 non
788 700 853 732 sint
870 705 1031 740 revocata,

291 756 340 788 vel
366 755 424 787 sub
456 755 618 798 aliquibus
650 754 912 788 revocationibus
939 764 1030 787 com-

291 809 476 852 prehensa,
503 820 538 842 ac
564 809 663 842 sacris
688 808 868 842 canonibus
895 813 926 841 ct
952 807 1034 841 Con—

291 861 355 894 cilii
381 861 562 895 Tridentini
594 862 733 896 decretis
765 867 820 895 aut
845 861 1033 905 apostolicis

291 915 578 949 constitutionibus
615 922 645 949 et
682 915 946 949 ordinationibus
983 916 1032 948 vel

292 969 481 1002 memoratis
501 969 706 1012 regularibus
726 969 830 1002 (lictae
848 968 1034 1011 Congrega-

293 1022 389 1055 tionis
406 1021 578 1055 Cliaritatis
605 1022 757 1054 institutis
778 1032 842 1054 non
864 1022 1035 1054 adversen-

294 1081 356 1116 tur,
374 1075 551 1119 praedictis
567 1069 757 1109 'Ordinibus
782 1075 1033 1108 Mendicantium

294 1134 325 1162 et
349 1129 600 1172 Congregationi
624 1130 816 1162 clericorum
835 1129 1034 1172 regularium

294 1182 545 1216 Ministrantium
570 1183 728 1223 lusimus,
753 1194 931 1226 eorumque
957 1193 1034 1216 con-

293 1236 521 1275 conventibus,
546 1236 699 1269 domibus
725 1240 756 1268 et
782 1236 852 1268 aliis
877 1236 959 1268 locis
986 1245 1036 1268 re-

294 1288 476 1331 gularibus,
504 1299 540 1322 ac
564 1288 720 1322 Ordinum
745 1294 777 1322 et
801 1288 1033 1331 Congregatio-

296 1341 345 1374 nis
371 1341 561 1374 huiusmodi
587 1341 818 1385 generalibus,
843 1342 1036 1385 praesiden-

295 1394 403 1436 tibus,
436 1400 466 1429 et
490 1395 660 1439 quibusvis
686 1395 757 1428 aliis
783 1395 1010 1438 superioribus
1026 1422 1033 1435 ,

295 1449 448 1491 praelatis
466 1454 496 1482 et
516 1448 678 1493 capitulis,
699 1448 795 1481 etiam
814 1449 1034 1491 generalibus,

294 1502 561 1546 provincialibus,
588 1513 645 1536 seu
671 1503 884 1543 intermediis,
908 1512 1037 1536 eorum-

296 1566 359 1599 que
387 1556 634 1597 definitoribus,
660 1556 852 1600 prioribus,
879 1556 1008 1589 novitiis
1027 1583 1035 1596 ,

298 1609 453 1642 fratribus
470 1636 477 1650 ,
512 1610 676 1643 conversis
693 1637 701 1650 ,
728 1610 854 1643 donatis
870 1636 877 1650 ,
903 1615 935 1642 et
960 1609 1031 1652 qui-

297 1662 407 1695 busvis
433 1673 547 1696 eorum
570 1663 775 1705 regularibus
802 1664 951 1707 personis
974 1669 1036 1695 tam

298 1714 331 1747 in
356 1714 441 1748 Urbe
470 1726 568 1759 quam
597 1716 692 1749 etiarn
721 1717 754 1749 in
779 1716 1036 1760 quibuscumque

298 1768 409 1801 mundi
432 1769 577 1812 partibus
602 1769 825 1810 existentibus,
853 1775 885 1803 ct
909 1769 1037 1803 illorum

298 1820 467 1860 instituto,
494 1827 549 1854 aut
581 1822 658 1854 alias
691 1822 950 1864 quomodolibet,
978 1833 1038 1866 per

298 1883 520 1917 quoscumque
545 1874 709 1907 Romanos
740 1874 913 1908 Pontifices
945 1886 1039 1918 prae-

299 1927 490 1960 decessores
517 1933 656 1968 nostros,
676 1938 730 1960 seu
758 1939 815 1971 per
839 1939 898 1961 nos
923 1934 955 1961 et
973 1940 1039 1962 suc-

299 1990 447 2013 cessores
472 1987 610 2020 nostros,
635 1986 688 2013 aut
712 1982 793 2014 alios
814 1982 1038 2015 auctoritatem

299 2032 470 2074 habentes,
489 2043 648 2067 concessa
662 2039 735 2067 sunt
752 2041 783 2067 et
795 2035 1037 2075 concedentur-⁴,

299 2096 336 2118 ac
352 2086 468 2129 quibus
495 2087 534 2120 de
560 2087 638 2127 iure,
660 2098 719 2120 usu
740 2092 772 2120 et
789 2087 1037 2128 consuetudine,

299 2139 349 2172 vel
374 2139 561 2183 privilegio,
589 2150 645 2173 seu
671 2140 883 2174 concessione
909 2146 1039 2183 aposto-

299 2192 385 2233 lica,
409 2192 441 2225 in
468 2203 589 2236 genere
622 2195 671 2227 vel
696 2194 729 2226 in
756 2194 886 2237 specie,
913 2204 949 2226 ac
976 2199 1038 2227 tam

300 2245 498 2278 coniunctim
516 2257 612 2290 quam
634 2246 773 2286 divisim,
794 2252 848 2279 aut
866 2246 943 2280 alias
962 2257 1041 2290 quo-

287 2299 482 2332 >modolibet
505 2305 662 2340 utuntur,
688 2300 843 2340 fruuntur,
870 2300 1040 2344 potiuntur

288 2356 333 2384 .et
357 2352 508 2394 gaudent,
535 2364 572 2386 ac
596 2353 652 2394 uti,
678 2353 757 2393 frui,
784 2353 880 2396 potiri
907 2358 939 2386 et
962 2363 1040 2395 gau-

301 2405 378 2438 dere
403 2411 538 2449 possunt
569 2412 600 2440 et
633 2412 787 2450 poterunt
813 2407 845 2439 in
871 2406 1012 2439 futurum
1028 2433 1035 2447 ,

290 2457 341 2490 ·ad
357 2459 556 2500 praedictam
575 2459 874 2502 Congregationem
895 2459 1039 2492 Charita-

301 2509 352 2550 tis,
373 2516 405 2543 et
421 2512 560 2556 ⁴singula
584 2512 671 2546 illius
696 2512 894 2555 hospitalia,
921 2512 1037 2545 domos

302 2565 335 2595 et
358 2562 421 2595 alia
437 2564 508 2597 loca
525 2565 698 2608 regularia,
718 2566 914 2608 illorumque
940 2575 1038 2608 supe-

339 2624 350 2651 1
373 2622 444 2652 Edit.
459 2624 538 2653 Maia.
556 2625 620 2662 legit
634 2628 830 2656 conceduntur
845 2628 884 2662 (n.
901 2629 951 2663 T.).

1075 271 1190 311 riores,
1209 269 1381 313 praelatos,
1401 273 1432 301 et
1450 278 1667 312 quascumque
1685 268 1814 310 regula-

1076 335 1126 357 res
1152 333 1320 367 personas,
1344 322 1535 355 auctoritate
1561 321 1750 364 apostolica,
1770 327 1814 353 te-

1077 387 1153 410 nore
1192 375 1434 420 praesentium,
1470 379 1631 418 perpetuo
1669 373 1815 406 extendi-

1077 441 1156 470 mus,
1180 429 1338 473 illasque⁴
1358 429 1404 462 eis
1425 428 1707 469 communicamus,
1726 433 1757 459 ct
1775 427 1814 459 de

1078 495 1160 517 novo
1197 483 1426 523 concedimus,
1459 494 1495 515 ac
1530 481 1697 524 sull'ragari
1723 481 1815 513 volu-

1079 548 1159 570 mus.
1188 538 1432 577 Decernentes,
1465 535 1595 569 easdem
1631 540 1818 577 praesentes

1079 591 1201 623 litteras
1227 600 1360 633 semper
1385 595 1416 622 et
1440 593 1601 632 perpetuo
1628 587 1754 626 firmas,
1771 597 1820 618 va-

1078 644 1159 677 lidas
1178 648 1209 676 et
1230 643 1374 676 efficaces
1399 642 1538 675 existere
1565 647 1596 674 et
1621 641 1703 681 sore,
1731 650 1821 672 suos-

1078 708 1140 741 que
1159 697 1324 741 plenarios
1345 701 1375 729 et
1395 696 1543 739 integros
1560 693 1693 727 effectus
1711 693 1819 726 sortiri

1079 756 1110 784 et
1139 751 1310 789 obtinere,
1336 759 1372 782 ac
1398 749 1483 789 illis,
1514 748 1552 781 ad
1585 757 1666 790 quos
1698 751 1822 790 spectat

1079 810 1110 837 et
1134 815 1194 847 pro
1222 809 1369 846 tempore
1399 801 1668 846 quandocumque
1695 805 1820 843 specta-

1078 858 1122 890 bit
1143 858 1174 890 in
1202 858 1354 891 omnibus
1372 862 1404 889 et
1421 867 1478 900 per
1499 855 1606 889 omnia
1632 854 1820 898 plenissime

1079 911 1260 955 suffragari,
1279 917 1310 944 et
1328 911 1367 944 ab
1387 911 1433 943 eis
1454 910 1633 954 respective
1654 908 1821 942 inviolabi-

1079 966 1151 998 liter
1170 965 1349 1004 observari,
1369 964 1482 1007 sicque
1505 964 1535 995 in
1558 961 1744 1006 praemissis
1762 972 1822 1005 per

1079 1029 1301 1063 quoscumque
1327 1019 1451 1051 iudices
1471 1017 1654 1051 ordinarios
1675 1022 1708 1049 et
1733 1015 1822 1049 dele-

1079 1079 1184 1116 gatos,
1205 1073 1301 1105 etiam
1321 1082 1491 1105 causarum
1514 1070 1627 1114 palatii
1647 1069 1822 1113 apostolici

1079 1126 1260 1165 auditores,
1280 1125 1414 1158 iudicari
1434 1131 1464 1158 et
1482 1124 1609 1158 deliniri
1632 1124 1764 1162 debere,
1786 1133 1822 1155 ac

1079 1180 1207 1212 irritum
1240 1185 1272 1212 et
1299 1179 1395 1211 inane
1421 1179 1447 1210 si
1482 1188 1573 1211 secus
1602 1187 1703 1220 super
1728 1177 1778 1209 liis
1805 1186 1822 1208 a

1079 1243 1257 1276 quoquam,
1286 1232 1397 1274 quavis
1427 1231 1641 1269 auctoritate,
1676 1229 1823 1263 scienter

1081 1287 1131 1318 vel
1159 1286 1357 1328 ignoranter,
1387 1283 1563 1326 contigerit
1584 1282 1753 1315 attentarit

1124 1339 1139 1382 ξξ
1163 1339 1195 1371 3.
1223 1338 1376 1376 Quocirca
1401 1336 1643 1369 venerabilibus
1670 1335 1823 1368 fratribus
1834 1343 2019 1393 hucggizctgxgssltgr

1080 1391 1289 1436 patriarchis,
1308 1389 1565 1433 archiepiscopis
1591 1395 1621 1422 et
1643 1389 1820 1432 episcopis,
1835 1399 1898 1420 nouis
1920 1401 2019 1420 executo-

1080 1446 1216 1488 aliisque
1242 1446 1390 1478 locorum
1408 1444 1588 1477 Ordinariis
1610 1444 1823 1487 quibuscum-

1081 1510 1154 1543 que,
1180 1509 1310 1533 necnon
1336 1498 1456 1531 dilecto
1482 1497 1548 1530 filio
1574 1507 1743 1530 causarum
1769 1507 1823 1530 cu-

1080 1554 1147 1586 riae
1173 1552 1325 1586 Gamerae
1356 1551 1563 1595 Apostolicae
1597 1550 1742 1593 generali
1768 1561 1823 1583 au-

1081 1607 1189 1646 ditori,
1216 1616 1275 1649 per
1305 1609 1498 1649 praesentes
1533 1603 1765 1637 committimus
1793 1608 1825 1636 et

1080 1660 1282 1699 mandamus,
1295 1663 1458 1702 quatenus
1476 1657 1615 1700 quilibet
1630 1667 1751 1696 eorum,
1766 1665 1824 1700 per

1080 1725 1127 1754 se,
1152 1715 1202 1747 vel
1227 1713 1337 1752 alium,
1359 1722 1415 1745 seu
1442 1711 1532 1751 alios,
1559 1715 1748 1753 praesentes
1774 1710 1825 1743 lit-

1082 1773 1186 1807 teras,
1211 1771 1243 1799 et
1268 1766 1300 1798 in
1327 1765 1373 1798 eis
1398 1769 1552 1797 contenta
1577 1773 1823 1806 quaecumque,

1081 1822 1135 1854 ubi
1161 1826 1192 1854 et
1217 1819 1349 1864 quando
1376 1829 1458 1862 opus
1485 1818 1581 1850 suerit
1598 1844 1605 1858 ,
1633 1828 1669 1850 ac
1694 1817 1825 1860 quoties

1080 1885 1140 1918 pro
1166 1879 1258 1918 parte
1292 1872 1455 1916 generalis
1492 1877 1522 1904 et
1552 1871 1687 1904 fratrum
1719 1870 1824 1904 dictae

1081 1927 1349 1972 Congregationis
1375 1926 1548 1959 Charitatis
1575 1925 1695 1958 suerint
1720 1924 1824 1967 requi-

1081 1982 1146 2021 siti,
1173 1981 1367 2014 solemniter
1391 1979 1617 2023 publicantes,
1654 1978 1766 2021 eisque
1791 1977 1824 2010 in

1082 2035 1270 2078 praemissis
1302 2033 1440 2066 efficacis
1473 2031 1674 2065 defensionis
1699 2031 1826 2075 praesi-

1082 2088 1135 2121 dio
1161 2087 1348 2120 assistentes
1364 2113 1371 2125 ,
1398 2085 1515 2118 saciant
1546 2084 1741 2117 auctoritate
1767 2094 1826 2117 no-

1082 2144 1146 2174 stra
1163 2141 1295 2174 easdem
1313 2139 1445 2182 plenum
1466 2148 1575 2171 earum
1594 2137 1744 2171 ell'ectum
1758 2147 1826 2170 sor-

1084 2195 1134 2227 tiri
1161 2200 1191 2227 et
1217 2193 1391 2232 obtinere,
1416 2191 1547 2234 illisque
1584 2201 1718 2232 omnes,
1744 2201 1825 2234 quos

1082 2250 1292 2285 concernunt,
1311 2244 1443 2288 pacifice
1462 2244 1523 2276 frui
1540 2249 1571 2277 et
1585 2244 1742 2286 gaudere3
1758 2253 1826 2276 non

1082 2300 1311 2344 permittentes
1330 2308 1524 2342 quemquam
1550 2298 1693 2340 desuper
1713 2302 1826 2330 contra

1083 2353 1213 2386 illarum
1233 2358 1399 2392 tenorem,
1425 2351 1486 2384 sub
1513 2349 1628 2394 quovis
1655 2355 1825 2393 praetextu

1083 2412 1115 2439 ct
1139 2407 1246 2445 causa,
1274 2405 1370 2438 etiam
1397 2404 1526 2437 defectu
1551 2402 1743 2436 intentionis
1768 2412 1826 2435 no-

1083 2465 1188 2498 strae,
1222 2469 1281 2502 per
1317 2466 1542 2501 quoscumque
1575 2455 1826 2499 quomodolibet

1083 2511 1227 2544 indebite
1261 2510 1439 2549 molestari,
1467 2509 1635 2552 quinimo,
1662 2506 1823 2551 quidquid

1081 2564 1115 2598 in
1139 2563 1338 2598 contrarium
1357 2561 1510 2596 attentari
1534 2562 1583 2594 vel
1602 2560 1672 2594 fieri
1699 2558 1822 2593 contin-

1122 2627 1131 2655 l
1155 2627 1250 2663 Aptius
1269 2626 1328 2663 tege
1348 2625 1458 2660 illaque
1480 2628 1514 2657 (r.
1538 2623 1586 2657 r).

1730 209 1773 244 35
1821 218 1871 245 An.
1888 217 1916 245 c.
1938 218 2007 246 1701
