2269 3203
92 216 143 244 An.
162 214 192 244 C.
209 214 277 244 ¹705

913 211 1055 235 CLEMENS
1080 211 1113 233 XI
1139 211 1185 234 Pr.

289 263 538 306 quomodolibet
563 262 739 301 concessis,
766 259 968 294 confirmatis
1002 264 1033 292 et

288 315 472 357 innovatis,
500 316 618 359 quibus
647 314 801 348 omnibus
823 318 855 346 et
879 312 1030 355 singulis,

289 369 422 404 illorum
440 375 572 403 tenores
600 367 831 412 praesentibus
854 377 913 409 pro
935 366 1032 409 plene

267 427 323 455 .et
347 422 549 456 sufficienter
579 420 742 464 expressis
771 430 807 452 ac
832 420 871 452 ad
897 419 1032 451 verbum

136 1550 250 1572 Exordium
274 1554 286 1570 a

100 1577 245 1599 sollieitudine
254 1582 289 1596 cu-

101 1604 163 1626 randi
174 1604 285 1624 observan-

101 1632 152 1651 tiam
217 1635 289 1650 eorum

103 1663 158 1683 quae
174 1662 211 1686 pro
222 1659 287 1676 extm-

103 1683 192 1710 suendis
216 1688 287 1709 pravis

102 1710 210 1731 erroribus
275 1715 287 1729 a

111 1736 280 1763 praedecessori-

101 1762 142 1784 bus
190 1762 287 1783 ordinata

101 1792 156 1811 nunt.

289 475 420 510 insertis
445 476 614 515 habentes,
640 474 704 507 illis
729 474 809 507 alias
836 473 866 506 in
893 483 950 506 suo
984 484 1033 505 ro-

288 529 369 563 bore
387 528 617 572 permansuris,
636 528 673 560 ad
689 527 943 570 praemissorum
962 526 1033 559 etl'e-

291 588 387 622 ctum,
406 582 466 614 hac
490 581 557 614 rice
584 581 766 620 dumtaxat,
789 580 977 623 specialiter
1002 585 1033 613 et

290 646 443 679 expresse
469 635 681 678 dcrogamus3
701 634 883 677 ceterisque
909 639 1034 667 contra-

289 689 347 722 riis
365 689 636 732 quibuscumque.

334 741 451 774 Datum
470 741 603 779 Romae,
628 741 715 783 apud
747 740 777 773 S.
806 740 946 779 Petrum,
973 740 1033 773 sub

292 794 413 827 annulo
439 793 621 833 Piscatoris,
649 793 700 826 die
727 804 785 827 xxx
805 793 879 825 maii
906 803 1031 834 unccv,

290 847 500 891 pontificatus
525 846 628 879 nostri
655 856 741 879 anno
756 857 784 879 v.

326 908 387 936 Dat.
405 907 449 935 die
468 908 502 935 30
522 907 585 935 maii
607 908 685 941 1705,
706 907 805 942 pontit.
827 915 900 935 anno
917 914 943 934 v.

598 1024 728 1057 LXXVI.

295 1093 538 1137 Confirmantur
561 1098 589 1126 et
614 1094 812 1127 innovantur
830 1093 1032 1126 constitutio-

336 1156 394 1179 nes
415 1146 604 1180 Innocenlii
627 1147 659 1180 X
682 1151 711 1180 et
743 1146 932 1180 Alexandri
972 1146 1037 1179 VII

337 1199 492 1232 adversus
509 1200 748 1233 Ianscm'anam
767 1199 942 1239 haeresim,
962 1209 1034 1231 cum

338 1253 510 1286 nonnullis
527 1254 718 1296 opportunis
731 1252 1031 1285 declaratiom'bus'.

502 1325 638 1351 Clemens
654 1324 825 1358 episcopus,

482 1377 590 1396 servus
605 1377 762 1396 servorum
775 1370 839 1402 Dei,

443 1423 595 1450 universis
617 1423 885 1456 christifidelibus,

331 1468 462 1496 salutem
484 1472 516 1496 et
533 1469 730 1501 apostolicam
745 1469 999 1497 benedictionem.

341 1532 473 1565 Vineam
491 1532 618 1565 Domini
636 1531 790 1572 Sabaoth,
810 1542 891 1575 quae
910 1537 958 1565 est
979 1531 1034 1565 Ca-

300 1586 422 1620 tholica
456 1585 611 1625 Ecclesia,
645 1595 703 1628 pro
734 1585 907 1618 commisso
940 1585 1034 1618 nobis

299 1640 452 1673 divinitus
477 1639 678 1682 apostolicae
703 1639 868 1672 servitutis
899 1649 1035 1671 munere

299 1693 465 1727 custodire
498 1698 594 1736 atque
627 1693 777 1725 excolere
811 1693 900 1725 omni
926 1693 1035 1726 studio

298 1752 395 1790 atque
420 1745 579 1779 industria
605 1745 724 1788 iugiter
755 1750 951 1788 satagentes,
976 1757 1033 1788 ea,

299 1810 381 1843 quae
398 1810 415 1832 a
432 1798 587 1831 Romanis
613 1797 823 1831 Pontificibus
841 1800 1037 1841 praedeces-

299 1853 430 1887 soribus
450 1852 570 1885 nostris
585 1851 625 1884 ad
651 1856 895 1884 succrescentes
921 1852 954 1884 in
983 1853 1037 1886 itta

297 1906 560 1952 perniciosarum
576 1905 753 1938 novitatum
780 1915 896 1948 vepres
921 1906 1037 1939 radici-

299 1966 349 1994 tus
375 1959 561 1994 evellendos
579 1958 734 2002 prudenti
755 1958 944 2002 salubrique
965 1969 1038 1992 con-

298 2014 375 2048 silio
400 2013 575 2046 constituta
600 2022 672 2045 esse
697 2016 887 2051 noscuntur,
906 2016 951 2051 ut,
970 2011 1039 2054 qui-

298 2068 501 2110 buscumque
518 2064 642 2098 inimici
659 2064 801 2097 hominis
815 2064 1039 2098 molitionibus

300 2120 446 2160 deiectis,
470 2118 594 2152 firmius
619 2128 749 2162 semper
773 2123 869 2162 atque
896 2118 1038 2152 exactius

335 2211 346 2238 1
369 2209 506 2238 Laudatae
525 2208 731 2237 constitutiones
759 2208 802 2236 hic
827 2209 993 2244 referuntur,
1014 2213 1040 2237 et

299 2259 356 2283 tres
375 2255 444 2282 aliae
463 2255 496 2282 ad
517 2254 642 2281 eamdem
671 2263 728 2281 rem
753 2257 910 2290 spectantes
937 2262 1039 2282 memo-

298 2303 404 2334 rantur,
424 2299 550 2326 videlicet
569 2297 713 2326 Clementis
733 2299 768 2325 lx
787 2299 831 2326 ed.
853 2305 981 2333 uncnxrx,
997 2299 1040 2326 die

299 2345 333 2372 19
353 2343 478 2376 ianuarii,
509 2346 536 2369 et
561 2342 712 2370 Innocentii
731 2343 776 2370 ΧΗ
798 2350 924 2378 uncxcxv,
953 2344 997 2370 die
1024 2345 1040 2370 6

300 2388 443 2421 februarii,
455 2395 485 2414 ac
500 2393 627 2422 Mucxcw,
639 2387 682 2415 die
693 2388 726 2414 24
737 2389 902 2417 novembris,
917 2388 946 2415 ln
961 2388 1040 2416 huius

301 2432 441 2460 Pontifieis
460 2435 546 2459 const.
572 2431 615 2459 ed.
640 2439 747 2466 uncmv,
768 2433 812 2460 die
840 2434 871 2460 11
898 2433 1039 2468 februarii,

301 2475 396 2513 pontif.
416 2481 453 2509 tv,
474 2475 599 2503 damnata
617 2476 694 2504 fuere
714 2478 847 2513 quaedam
866 2478 944 2506 folia:
973 2480 1039 2507 Acte

302 2520 449 2554 d'appell,
473 2522 541 2553 elo„
567 2524 594 2547 et
616 2521 722 2548 constit.
749 2522 812 2549 edit.
832 2529 951 2550 unccrtu
967 2545 974 2557 ,
994 2523 1038 2550 die

301 2563 337 2592 13
356 2562 424 2597 iulii,
450 2562 546 2598 pontif.
566 2569 621 2597 riu,
650 2564 795 2593 damnatur
823 2566 894 2594 liber
925 2567 1039 2596 Novum

305 2608 529 2640 Testamentum,
550 2610 602 2635 ete.

392 2661 472 2691 Bull.
489 2661 574 2692 Rom.
594 2676 629 2683 -
651 2662 713 2692 Vol.
732 2663 807 2693 XXI.
952 2665 986 2693 30

1713 200 1777 233 ⁶2:33
1825 210 1874 236 An.
1894 209 1921 235 c.
1940 208 2007 236 1705

1075 259 1301 297 observentur,
1323 258 1492 301 apostolici
1508 257 1696 290 muniminis
1713 257 1812 291 nostri

1075 311 1244 354 praesidio
1286 311 1429 344 libenter
1465 311 1678 349 roboramus,
1718 316 1814 352 atque

1075 366 1153 398 alias
1179 366 1320 408 desuper
1344 364 1574 398 sollicitudinis
1594 368 1624 396 et
1645 363 1816 406 providen-

1077 419 1138 451 tiae
1165 425 1294 452 nostrae
1320 425 1429 461 partes
1447 418 1698 460 interponimus,
1719 416 1812 455 sicut,

1075 473 1225 506 omnibus
1242 477 1388 505 maturae
1408 470 1678 504 considerationis
1695 470 1815 502 trutina

1075 527 1259 569 perpensis,
1287 526 1326 559 ad
1352 525 1482 558 fidelem
1508 535 1544 557 ac
1571 529 1673 557 tutam
1701 523 1815 556 ortho-

1076 580 1175 612 doxae
1197 579 1343 612 veritatis
1369 578 1565 617 custodiam,
1592 586 1721 610 necnon
1748 576 1816 609 ani-

1077 643 1200 665 marum
1226 632 1372 675 pretioso
1398 631 1559 673 unigeniti
1585 630 1642 663 Dei
1679 629 1735 662 sitii
1763 630 1817 662 do-

1076 685 1153 717 mini
1187 685 1290 718 nostri
1324 684 1396 717 Iesu
1422 683 1541 717 Christi
1574 682 1733 725 sauguine
1766 692 1817 714 re-

1076 737 1278 781 demptarum
1297 738 1434 770 salutem
1456 736 1609 780 expedire
1628 735 1659 768 in
1678 735 1816 768 Domino

1077 791 1284 823 arbitramur.

1120 844 1134 887 ἓ
1159 844 1189 876 1.
1218 844 1313 885 Sane,
1332 848 1508 888 postquam
1534 843 1639 876 felicis
1666 843 1816 876 recorda·
1842 852 2013 878 rinmffinopro.

1830 879 1959 903 piisitionum
2002 885 2014 899 e

1078 897 1173 931 tionis
1199 897 1408 930 Innocentius
1425 897 1512 940 Papa
1532 897 1557 929 X
1582 896 1882 940 p1·aedecess01·1‹t=r0
1922 906 2014 926 emar.

1828 932 1918 951 tamenn
1944 938 2014 952 excer-

1078 956 1191 983 noster
1215 960 1275 993 per
1300 951 1472 993 quamdam
1497 960 1589 983 suam
1614 949 1756 992 desuper
1785 959 1909 983 e-vitmm
1932 959 1959 977 ab
1983 958 2016 979 in-

1828 987 1926 1004 nocenttu
1937 984 1953 1004 X
1969 985 2014 1004 edi-

1077 1003 1175 1036 ditam
1200 1003 1470 1036 constitutionem
1507 1003 1651 1046 quinque
1677 1003 1816 1034 famosas
1829 1014 1862 1037 ia,
1883 1012 2015 1047 'constratam

1077 1055 1329 1100 propositiones,
1353 1067 1390 1089 ex
1411 1056 1494 1089 libro
1511 1055 1655 1089 Cornelii
1676 1039 1867 1088 lanseniiii'r'ot
1882 1038 2014 1084 <ihdimu-

1077 1109 1221 1153 episcopi
1239 1109 1391 1153 iprensis,
1402 1110 1454 1142 cui
1467 1109 1580 1142 titulus
1593 1109 1815 1152 Auyuslinus,

1078 1167 1257 1205 excerptaS,
1275 1163 1447 1206 apostolici
1469 1165 1605 1196 censura
1622 1162 1735 1195 iudicii
1756 1162 1817 1195 rite

1078 1215 1264 1255 confixerat,
1302 1216 1499 1249 recolendae
1533 1215 1710 1248 memoriae
1745 1215 1819 1248 Ale-

1079 1269 1201 1301 xander
1237 1268 1323 1312 Papa
1360 1269 1409 1301 vlt
1427 1295 1434 1309 ,
1463 1269 1558 1302 etiam
1585 1269 1821 1312 praedeeessor

1079 1327 1203 1361 noster,
1231 1322 1270 1354 ad
1297 1322 1454 1355 eiusmodi
1485 1322 1548 1354 iam
1574 1322 1746 1354 damnatos
1773 1331 1821 1354 er-

1078 1385 1168 1408 rores
1184 1386 1199 1408 e
1218 1374 1481 1408 christifidelium
1504 1374 1667 1407 mentibus
1686 1384 1818 1417 prorsus

1079 1429 1256 1461 abolendos
1275 1455 1282 1468 ,
1321 1428 1540 1471 publicaeque
1579 1427 1820 1470 tranquillitatis

1080 1482 1343 1524 perturbatorum
1374 1481 1484 1513 subtili
1520 1486 1618 1513 tectas
1644 1480 1821 1513 calliditate

1079 1535 1338 1567 inachifflttiones
1357 1534 1486 1577 penitus
1505 1534 1706 1574 evertendas,
1729 1544 1822 1576 prae—

1080 1588 1195 1621 dictam
1222 1588 1402 1621 lnnoeentii
1421 1587 1685 1631 praedecessoris
1705 1587 1822 1620 consti-

1080 1643 1250 1681 tutionem,
1266 1646 1334 1674 toto
1349 1641 1437 1674 illius
1459 1641 1581 1674 inserto
1600 1646 1725 1680 tenore,
1745 1651 1823 1673 con-

1079 1695 1226 1734 firmavit,
1252 1705 1474 1738 novarumque
1493 1694 1753 1727 declarationum
1773 1704 1822 1727 ac-

1079 1750 1229 1783 cessione
1255 1748 1482 1789 constabilivit,
1510 1750 1566 1781 sua
1592 1748 1624 1780 in
1642 1748 1674 1780 id
1700 1747 1821 1790 pariter

1080 1803 1165 1836 edita
1183 1803 1414 1836 constitutione
1438 1801 1561 1835 tenoris
1589 1801 1643 1845 qui
1662 1801 1819 1844 sequitur,

1080 1856 1249 1889 videlicet:

1130 1921 1143 1941 α
1170 1909 1368 1942 ALEXANDER
1398 1908 1590 1948 Emscorus,
1616 1918 1726 1940 servus
1750 1917 1819 1940 ser·
1892 1917 2018 1948 conanum

1081 1972 1194 1995 vorum
1226 1962 1304 2003 Det,
1332 1962 1496 1994 universis
1527 1943 2019 2018 christifidelibus,{gisteddssttiiii

1080 2016 1218 2049 salutem
1248 2020 1277 2049 et
1305 2016 1520 2059 apostolicam
1555 2015 1820 2048 benedictionem.

1081 2070 1128 2102 Ad
1147 2074 1291 2102 sanctam
1312 2069 1400 2102 Beati
1420 2069 1504 2103 Petri
1523 2068 1653 2109 Sedem,
1681 2074 1742 2102 etc.
1755 2067 1764 2085 ¹

1117 2132 1212 2159 Datum
1223 2132 1337 2166 Romae,
1353 2131 1425 2166 apud
1441 2131 1466 2158 S.
1483 2131 1593 2158 Mariam
1602 2131 1740 2164 Maiorem,
1753 2139 1824 2160 anno

1080 2177 1277 2204 Incarnationis
1305 2176 1460 2203 dominicae
1485 2183 1602 2211 innomi,
1624 2183 1677 2204 xvu
1697 2176 1825 2204 kalendas

1082 2221 1238 2249 novembris
1252 2242 1259 2256 ,
1278 2221 1452 2256 pontificatus
1471 2221 1557 2248 nostri
1577 2227 1596 2248 11
1616 2231 1643 2248 ».

1126 2283 1270 2317 Subinde
1296 2293 1386 2324 vero,
1406 2294 1470 2327 quo
1497 2283 1601 2317 omnis
1626 2283 1844 2328 apostolica-h
1881 2290 2019 2338 ffiffifflfflu‘

1083 2348 1153 2370 rum
1183 2336 1410 2370 definitionum
1444 2337 1680 2370 eludendarum
1717 2323 1958 2370 adm1si13³J'22'1='s¹'x'i⁰.
1999 2323 2019 2338 θ’

1082 2390 1384 2431 intercluderetur,
1411 2395 1610 2423 memoratus
1636 2390 1822 2423 Alexander

1082 2443 1322 2488 praedecessor,
1349 2443 1491 2486 priscum
1509 2443 1671 2476 Ecclesiae
1697 2454 1821 2477 morem

1120 2524 1130 2549 1
1154 2522 1256 2550 Bullam
1283 2522 1430 2550 Alexandri
1457 2522 1504 2549 Vtt
1532 2523 1604 2550 etin
1629 2524 1660 2550 eii
1690 2523 1821 2549 insertam

1082 2568 1163 2595 aliam
1181 2567 1334 2595 Innocentii
1354 2567 1373 2594 X
1394 2567 1543 2595 omittimus
1563 2575 1626 2604 quia
1646 2567 1701 2595 iam
1721 2567 1824 2602 legitur

1083 2617 1147 2641 tom.
1168 2619 1224 2649 xri,
1244 2620 1307 2648 pag.
1328 2612 1381 2641 245
1402 2613 1438 2648 (a.
1460 2613 1509 2645 T.)-
