2269 3203
243 213 427 241 An.‹:.1704
473 204 537 238 ΜΟ

270 1124 320 1144 ltern
337 1130 374 1149 pro
390 1123 425 1142 ‹le-

243 1151 322 1170 sideiio
339 1156 426 1170 eonver-

243 1183 252 1194 a
285 1184 308 1197 wi
340 1177 426 1196 iudaeo-

243 1210 301 1228 rum,
332 1206 337 1222 t
353 1208 426 1223 exeru-

244 1234 294 1250 troni
360 1230 427 1249 :detur

244 1260 365 1277 constitutio
377 1257 425 1277 fixe-

244 1291 295 1309 ςμιίι
304 1283 346 1304 ΧΙΗ
357 1284 425 1309 quaml

244 1317 357 1330 crunnum-x
399 1311 425 1330 ud

244 1338 348 1357 metu-eus
390 1338 416 1357 ha

244 1366 331 1388 bonnas,
343 1367 363 1385 ct
378 1370 426 1384 eon·

244 1394 365 1413 cronatores
392 1392 417 1411 bc

244 1424 306 1444 ungue
322 1421 391 1444 agant.

433 263 657 304 nerationem,
684 263 843 296 sublatam
869 273 1004 306 prorsus
1030 273 1099 296 esso
1125 274 1174 296 vo-

433 317 562 357 lumus,
587 317 762 350 succedere
798 316 942 356 debere,
969 327 1003 348 ac
1029 316 1052 348 si
1076 316 1173 348 iidem

433 369 540 402 iudaei
567 380 623 402 seu
651 370 703 403 alii
741 369 890 402 infideles
932 370 1055 401 nullum
1081 368 1174 401 secis-

433 428 506 455 sent
535 430 588 456 aut
622 423 829 456 ordinassent
867 427 1090 455 testamentum
1123 421 1172 452 vel

434 476 527 509 aliam
555 476 700 509 ultimam
734 477 957 515 voluntatem,
993 483 1172 515 omnesque

434 535 465 562 et
489 530 635 572 singulas
666 530 825 563 bonorum
861 535 892 560 et
928 528 1045 560 iurium
1065 554 1072 565 ,
1105 527 1172 559 sive

435 582 521 615 inter
546 582 634 616 vivos
653 610 660 623 ,
687 583 752 615 sive
778 582 809 614 in
836 581 947 614 ultima
979 581 1142 612 voluntate
1163 606 1170 619 ,

434 635 671 675 alienationes,
710 634 965 673 distractiones,
1006 637 1060 665 aut
1095 632 1171 665 alias

436 689 667 732 dispositiones
685 688 868 732 praedictas
884 687 914 719 in
935 686 1028 719 huius
1043 692 1172 719 nostrae

435 742 678 775 constitutionis
693 742 837 774 fraudem
857 746 889 773 et
910 741 940 772 in
960 740 1069 773 odium
1088 740 1173 772 chri-

435 795 558 829 stianae
584 796 658 828 lidei
696 796 793 827 saetas
834 805 889 827 seu
916 794 1024 836 potius
1063 798 1169 826 atten-

436 855 516 882 tatas
542 849 692 889 censeri,
718 860 753 881 ac
779 849 897 881 nullius
924 852 1100 891 propterea
1123 858 1173 879 ro-

434 904 522 937 boris
547 909 578 936 et
602 903 758 937 momenti
785 913 878 942 esse,
905 907 1012 941 motu,
1038 901 1173 934 scientia

436 962 467 989 et
492 956 659 1000 potestatis
685 955 892 999 plenitudine
919 955 1097 993 similibus,
1131 959 1173 986 te-

436 1020 517 1042 nore
530 1010 764 1053 praesentium,
780 1008 952 1047 sancimus,
965 1007 1174 1041 decernimus

437 1067 467 1097 et
492 1063 692 1096 ordinamus.

481 1116 495 1159 ἓ
521 1116 551 1149 5.
580 1117 741 1156 Ceterum,
765 1126 804 1149 ne
830 1116 904 1149 dum
932 1115 1064 1158 provida
1089 1114 1176 1147 solli—

437 1170 581 1203 citudine
609 1171 799 1213 temporalia
824 1170 986 1203 conversis
1012 1170 1051 1202 ad
1082 1169 1175 1202 fidem

438 1224 609 1256 commoda
636 1234 861 1266 comparamus
884 1250 891 1262 ,
917 1222 1086 1266 spirituale
1113 1222 1178 1254 ani-

438 1286 560 1309 marum
585 1278 709 1309 lucrum
743 1276 912 1319 negligere
945 1276 1110 1308 videamur
1144 1275 1176 1306 in

438 1330 668 1363 convertendis
689 1356 696 1370 ‚
724 1329 1001 1373 quemadmodum
1028 1328 1177 1361 infideles

438 1388 586 1423 ceteros,
614 1382 668 1426 qui
695 1384 790 1425 longe
816 1388 898 1423 sunt,
925 1382 1025 1415 sacris
1051 1381 1179 1414 missio-

439 1435 534 1468 nibus
554 1435 715 1476 institutis,
728 1435 914 1478 evangelica
933 1434 1177 1478 praedieatione

441 1488 599 1522 instruere
624 1500 689 1523 non
715 1500 891 1529 cessamus,
920 1489 963 1522 ita
988 1489 1027 1522 de
1054 1488 1179 1521 iudaeis

441 1543 558 1583 etiam,
585 1543 638 1586 qui
664 1553 781 1586 magno
806 1553 942 1575 numero
975 1542 1060 1575 inter
1095 1541 1180 1574 chri-

442 1597 564 1629 stianos
589 1595 712 1636 vivunt,
740 1601 771 1629 et
796 1596 914 1629 nostris
939 1595 1180 1639 quodammodo

443 1650 545 1682 oculis
570 1649 805 1690 obversantur,
831 1650 963 1682 aeterna
988 1650 1089 1682 salute
1109 1659 1181 1692 pro-

443 1703 584 1737 curanda
609 1703 780 1747 praecipue
813 1703 1006 1746 cogitamus.
1041 1702 1181 1735 Tristitia

443 1757 528 1790 enim
554 1757 648 1790 nobis
674 1767 791 1799 magna
827 1762 876 1790 est
908 1756 1072 1799 (fidenter
1108 1767 1180 1789 eum

445 1811 604 1854 Apostolo
631 1810 793 1853 dicimus)
825 1815 857 1842 et
882 1810 1055 1842 continuus
1089 1810 1182 1842 dolor

444 1864 534 1897 cordi
560 1870 681 1903 nostro,
706 1863 781 1896 dum
806 1863 931 1906 paterni
951 1864 1069 1896 amoris
1084 1863 1183 1895 visce-

444 1917 534 1950 ribus
569 1917 761 1950 miseramur
795 1917 1002 1949 israeliticam
1028 1922 1182 1959 gentem,

446 1970 523 2003 olim
547 1970 611 2004 Deo
636 1971 817 2011 amabilem,
844 1971 1001 2013 populum
1027 1980 1123 2013 quem
1152 1982 1183 2003 e—

446 2023 526 2067 legit
550 2024 703 2057 Dominus
728 2024 760 2056 in
791 2023 1024 2057 haereditatem
1054 2023 1115 2056 sibi
1154 2028 1184 2056 et

448 2077 622 2110 custodivit
639 2077 726 2120 quasi
742 2077 899 2121 pupillam
915 2077 997 2110 oculi
1016 2076 1081 2117 sui,
1098 2087 1184 2110 nunc

448 2136 556 2163 autem
582 2130 791 2173 (postquam,
817 2130 942 2163 iudaica
967 2131 999 2163 in
1025 2141 1184 2163 summum

447 2184 580 2217 sceleris
607 2189 795 2226 erumpente
820 2183 967 2227 perfidia,
989 2194 1066 2217 vere
1084 2184 1184 2217 iratus

449 2242 499 2270 est
523 2236 629 2269 surore
654 2236 807 2269 Dominus
837 2237 870 2269 in
895 2238 1053 2280 populum
1078 2248 1182 2277 suum,

450 2296 481 2324 et
505 2300 605 2333 usqne
631 2289 663 2322 in
689 2290 785 2322 finem
810 2290 1013 2323 abominatus
1038 2297 1086 2324 est
1110 2291 1187 2324 hae-

451 2345 622 2378 reditatem
649 2344 758 2386 suam)
778 2345 863 2377 vetut
888 2355 1018 2386 gregem
1045 2345 1114 2377 siue
1134 2356 1186 2388 pa-

451 2404 536 2432 store
562 2398 744 2441 dispersum
769 2407 829 2439 per
853 2397 938 2430 invia
972 2408 1121 2441 quaeque
1155 2404 1187 2431 et

452 2451 609 2495 inaquosa
632 2450 749 2483 misere
775 2450 1004 2492 divagantem‚
1034 2462 1071 2484 ao
1096 2451 1185 2484 verbi

452 2504 518 2545 Dei,
545 2504 632 2548 quod
657 2503 704 2536 illi
729 2503 859 2535 unicum
877 2509 1033 2546 superest,
1052 2505 1185 2537 salutari

453 2558 572 2602 pabulo
597 2556 798 2597 destitutum,
817 2557 887 2589 solo
906 2556 1031 2589 seilicet
1048 2557 1186 2598 litterae,

453 2623 536 2658 quae
560 2610 701 2654 occidit,
726 2621 744 2644 a
772 2609 897 2644 iudaeis
932 2609 1050 2644 cortice
1089 2610 1189 2653 degu-

1013 213 1193 238 BULLARIUM
1218 212 1371 238 ROMANUM

1962 209 2011 236 An.
2032 209 2063 237 G.
2079 210 2148 238 ¹704

1217 267 1310 302 stato,
1337 260 1454 304 spiritu
1479 269 1568 299 vero,
1596 259 1650 302 qui
1678 257 1822 299 viviticat,
1837 258 1876 291 ab
1888 258 1957 291 ani-

1218 315 1355 348 malibus
1383 313 1569 346 bominibus
1595 323 1658 345 non
1686 317 1854 356 percepto.
1878 311 1956 346 Pro-

1217 374 1326 409 pterea
1353 367 1391 398 ad
1418 366 1549 398 eosdem
1584 366 1720 398 iudaeos
1759 365 1789 397 in
1826 370 1956 398 sanctae

1217 419 1289 452 tidei
1317 419 1450 451 veritate
1484 418 1657 451 salubriter
1694 418 1890 451 erudiendos
1925 423 1957 451 et

1218 473 1395 505 trahendos
1421 472 1459 504 ad
1486 471 1678 511 Christum,
1713 482 1750 504 ea
1781 471 1890 504 omnia
1924 477 1957 504 et

1216 525 1357 568 singula,
1385 536 1466 567 quae
1494 525 1532 557 de
1557 525 1659 557 sacris
1684 524 1881 557 lectionibus
1899 535 1956 558 seu

1216 579 1421 612 sermonibus
1446 578 1661 622 persingulas
1680 578 1902 611 hebdomadas
1917 578 1957 611 ad

1217 632 1314 675 ipsos,
1340 632 1536 675 ubicumque
1555 642 1667 664 eorum
1685 635 1869 675 synagogae
1888 631 1958 665 sue-

1220 686 1308 725 rint,
1344 686 1506 719 habendis
1528 713 1534 725 ,
1561 690 1757 718 memoratus
1783 684 1958 728 Gregorius

1217 739 1453 782 praedeeessor
1479 745 1591 772 noster
1617 739 1648 771 in
1675 738 1746 771 aliis
1772 739 1837 771 suis
1870 748 1957 771 anno

1217 792 1452 826 incarnationis
1479 793 1662 825 dominicae
1688 802 1849 826 nianxxiv
1868 819 1875 832 ‚
1903 791 1959 825 ka-

1217 847 1322 879 lendis
1350 846 1557 889 septembris,
1576 845 1783 889 pontificatus
1801 845 1850 878 sui
1872 855 1957 878 anno

1219 910 1274 933 xtu
1300 900 1394 933 editis
1420 900 1608 942 apostolicis
1639 899 1781 939 titteris,
1822 909 1958 942 quarum

1220 959 1363 986 tenorem
1390 963 1449 996 pro
1475 963 1630 996 expresso
1661 952 1692 984 in
1729 951 1959 995 praesentibus

1220 1006 1332 1039 haberi
1364 1007 1513 1039 volumus
1537 1033 1544 1046 ‚
1583 1006 1749 1048 sapienter
1785 1004 1960 1038 constituta

1219 1065 1314 1099 sunt,
1341 1060 1380 1092 ab
1406 1059 1556 1092 omnibus
1577 1085 1584 1099 ,
1609 1059 1648 1091 ad
1675 1069 1755 1101 quos
1793 1058 1958 1101 pertinet,

1220 1112 1371 1145 inviolate
1397 1112 1525 1151 servari,
1546 1117 1588 1152 et,
1617 1109 1737 1143 sicubi⁴
1757 1111 1788 1143 in
1808 1111 1962 1145 desuetu-

1221 1166 1364 1198 tudinem
1381 1165 1540 1205 abierunt,
1557 1165 1588 1197 in
1603 1176 1693 1198 usum
1708 1165 1852 1198 revocari
1871 1175 1962 1208 prac-

1221 1219 1359 1262 eipimus
1392 1225 1423 1251 et
1455 1219 1673 1259 mandamus;
1711 1219 1959 1251 concionatores

1222 1283 1346 1313 omne&
1372 1272 1426 1315 qui
1454 1273 1492 1305 ad
1518 1272 1549 1304 id
1576 1282 1692 1304 munus
1711 1271 1805 1304 electi
1825 1272 1959 1311 suerint,

1221 1326 1407 1369 specialiter
1433 1326 1655 1365 admonentes,
1683 1325 1789 1368 iisque
1815 1325 1911 1357 etiam
1929 1324 1961 1356 in

1222 1380 1354 1412 nomine
1381 1379 1507 1412 Domini
1535 1379 1713 1411 districtius
1739 1379 1962 1422 iniungentes,

1222 1438 1255 1465 ut
1273 1437 1469 1465 memoratos
1488 1431 1623 1465 iudaeos
1640 1442 1705 1465 non
1724 1431 1864 1472 iniuriis,
1887 1442 1963 1464 con-

1224 1486 1364 1519 tumeliis
1389 1491 1443 1518 aut
1468 1485 1566 1518 nimia
1586 1485 1761 1518 verborum
1779 1485 1964 1529 asperitate,

1224 1540 1341 1584 quibus
1367 1540 1399 1572 in
1425 1539 1552 1572 iudaica
1578 1538 1679 1581 magis
1705 1538 1842 1582 persidia
1866 1538 1964 1572 obfir-

1224 1599 1398 1633 maretltur,
1426 1593 1481 1626 sed
1508 1593 1666 1626 charitate
1692 1593 1802 1636 potius
1827 1598 1859 1625 et
1875 1603 1964 1625 man-

1224 1646 1418 1687 suetudine,
1446 1657 1542 1689 quam
1567 1646 1653 1678 mitis
1679 1656 1738 1679 nos
1764 1652 1795 1679 et
1831 1645 1964 1679 humilis

1225 1701 1323 1734 corde
1346 1699 1491 1733 Christus
1516 1698 1666 1739 edocuit,
1692 1699 1781 1731 velut
1806 1709 1881 1732 oves
1915 1709 1965 1733 er-

1226 1758 1334 1787 rantes
1356 1753 1394 1786 ad
1420 1758 1549 1785 sanetae
1574 1752 1738 1785 Ecclesiae
1763 1753 1871 1785 caulas
1893 1762 1965 1785 sua-

1226 1808 1306 1840 viter
1330 1806 1473 1845 allicere,
1501 1810 1542 1845 et,
1568 1805 1729 1848 patefacta
1752 1816 1788 1838 ex
1820 1810 1965 1838 veterum

1226 1859 1448 1903 potissimum,
1481 1869 1560 1901 quas
1584 1863 1799 1897 venerantur,
1826 1858 1965 1901 scriptu-

1226 1924 1333 1946 rarum
1354 1912 1496 1946 oraculis
1514 1912 1711 1945 christianae
1721 1912 1865 1945 veritatis
1880 1913 1964 1952 luce,

1229 1969 1374 2001 velamen
1393 1968 1432 1999 ab
1447 1966 1548 1999 oculis
1563 1976 1675 1998 eorum
1687 1965 1858 1998 detrahere
1876 1965 1966 1999 omni

1227 2021 1335 2054 studio
1360 2025 1508 2062 satagant
1530 2046 1537 2059 ,
1564 2025 1598 2050 ut
1623 2029 1659 2051 ex
1687 2018 1832 2051 iudaicae
1859 2018 1966 2062 pravi·

1229 2074 1299 2108 tatis
1329 2073 1496 2113 tenebris,
1533 2071 1651 2115 quibus
1687 2073 1852 2105 obscurati
1890 2077 1967 2105 sunt

1227 2128 1311 2162 oculi
1349 2136 1461 2160 eorum
1500 2136 1541 2158 ne
1567 2125 1710 2165 videant,
1737 2125 1791 2158 Dei
1818 2126 1966 2169 omnipo-

1229 2182 1324 2216 tentis
1349 2186 1506 2224 operante
1532 2179 1648 2212 virtute
1667 2206 1674 2220 ,
1703 2179 1897 2212 liberentur.

1272 2236 1287 2279 ᾗ
1310 2234 1341 2268 6.
1370 2234 1537 2266 Postremo
1564 2232 1699 2265 iudaeos
1726 2242 1859 2272 omneS,
1885 2237 2088 2286 cete·elegiarum
2115 2271 2160 2285 m-

1228 2299 1346 2332 rosque
1371 2286 1520 2320 infideles
1551 2296 1773 2329 quoscumque
1793 2312 1801 2326 ,
1839 2285 1894 2329 qui
1926 2285 1964 2318 ad
1976 2283 2072 2339 {ggsgge
2084 2271 2160 2343 {3333

1228 2341 1377 2386 baptismi
1403 2340 1560 2384 gratiam,
1586 2340 1651 2373 Deo
1676 2340 1828 2378 donante,
1853 2345 2160 2383 perve-pibu<·⁰¹¹¹n'·hu⁵·

1229 2396 1359 2435 nerint,
1385 2394 1535 2427 omnibus
1562 2393 1770 2426 ecclesiarum
1796 2370 2161 2435 praelatis,iissssssbfl'ssss'pslfy‘t}

1976 2425 2156 2446 commendantur.

1228 2461 1264 2483 ae
1288 2447 1519 2487 saecularibus,
1547 2447 1641 2479 etiam
1668 2446 1881 2489 principibus,
1909 2456 1968 2489 per

1230 2500 1471 2536 misericordiae
1497 2499 1551 2532 Dei
1581 2499 1682 2532 nostri
1716 2499 1837 2532 viscera
1872 2508 1964 2531 com-

1231 2556 1442 2596 mendamus,
1467 2559 1502 2586 ut
1527 2563 1582 2587 eos
1607 2552 1789 2597 patrocinio
1816 2553 1964 2595 foveant,

1268 2621 1279 2646 1
1302 2617 1372 2646 Edit.
1393 2616 1473 2645 Main.
1494 2615 1558 2651 legit
1577 2615 1664 2644 siculi
1683 2618 1721 2651 (R.
1738 2612 1796 2651 Τ.).’

2015 2238 2110 2260 Tandem
2126 2243 2160 2259 ee·
