2269 3203
72 214 123 242 An.
139 213 170 241 C.
193 211 260 240 ¹7¹5

73 276 98 297 aa
114 277 156 303 qua
179 276 199 297 m
223 260 417 295 rii-moderni
444 261 577 294 abbates
603 265 635 294 et
652 259 802 293 monachi
818 259 1005 302 provinciae

72 304 138 325 ''W‘'
269 325 325 347 seu
344 314 514 347 vicariatus
533 314 625 357 regni
646 313 831 352 Boliemiae,
849 311 1006 345 Moraviae

269 373 301 400 ct
329 368 495 411 utriusque
519 367 703 400 Lusitaniae
729 366 857 399 Ordinis
884 364 1010 409 praedi-

269 422 309 453 cti
336 422 431 454 nobis
459 432 564 465 nuper
588 420 705 463 exponi
739 420 911 459 fecerunt,
949 418 1009 461 ipsi

269 475 532 518 privilegiorum,
558 474 756 507 indultorum
783 478 815 505 ct
839 472 1010 514 indulgen-

270 529 386 561 tiarum
413 527 600 561 huiusmodi
626 525 954 559 communicationem
971 525 1008 557 ad

270 591 383 613 eorum
409 580 605 613 monasteria
630 584 662 611 et
685 588 842 621 personas
868 588 926 620 per
952 587 1010 610 uos

270 634 399 667 extendi
425 634 602 677 plurimum
623 632 829 665 desiderent:
844 641 913 671 nos,
929 631 1010 674 ipso-

271 697 340 719 rum
374 686 605 730 exponentium
636 685 718 718 votis
744 685 775 717 in
802 684 1009 728 praemissis,

270 746 424 783 quantum
440 750 510 773 cum
523 739 658 772 Domino
671 749 854 782 possumus,
866 747 1010 771 annuere

272 794 430 834 volentes,
457 798 488 826 et
513 802 627 826 eorum
652 791 832 834 singulares
857 801 1011 834 personas

270 857 287 878 a
306 846 476 890 quibusvis
495 844 858 884 excommunicationis,
877 854 1012 887 suspen-

270 899 371 932 sionis
389 905 420 932 et
437 898 612 939 interdicti,
631 898 767 941 aliisque
782 896 1011 930 ecclesiasticis

270 952 443 986 sententiis
461 980 468 993 ,
499 951 644 986 censuris
670 956 703 984 ct
727 951 862 994 poenis,
889 962 906 983 a
940 950 1010 982 iure

270 1008 319 1040 vel
330 1006 368 1039 ab
380 1007 523 1046 homine,
543 1005 653 1049 quavis
668 1006 839 1039 occasione
853 1005 900 1037 vel
916 1006 1012 1036 causa

271 1059 357 1100 latis,
378 1059 403 1091 si
422 1059 539 1102 quibus
564 1058 813 1102 quomodolibet
836 1057 1011 1090 innodatae

271 1114 422 1153 existunt,
448 1113 487 1145 ad
507 1112 658 1146 effectum
676 1111 899 1155 praesentium
923 1110 1011 1142 dum-

271 1171 357 1198 taxat
370 1165 650 1208 consequendum,
667 1165 784 1197 harum
804 1163 887 1196 serie
905 1164 1012 1195 absol-

270 1224 382 1251 ventes
401 1223 432 1251 et
449 1218 614 1250 absolutas
632 1218 701 1250 sore
723 1221 912 1257 censentes,
937 1227 1012 1259 sup-

270 1271 504 1314 plicationibus
523 1281 636 1304 eorum
653 1270 786 1304 nomine
800 1270 894 1303 nobis
914 1279 1012 1312 super

271 1325 335 1357 hoc
359 1324 530 1357 humiliter
550 1323 712 1366 porrectis
731 1322 888 1363 inclinati,
904 1322 942 1354 de
961 1332 1012 1354 ve-

271 1376 469 1409 nerabilium
494 1376 628 1409 fratrum
655 1381 839 1409 nostrorum
865 1375 896 1407 S.
917 1375 954 1407 R.
974 1374 1008 1406 E.

272 1429 482 1463 cardinalium
507 1429 648 1471 negotiis
669 1434 699 1462 et
717 1427 1010 1462 consultationibus

272 1483 503 1527 episcoporum
530 1488 561 1515 et
586 1482 784 1525 regularium
805 1509 811 1522 ,
837 1481 891 1524 qui
928 1482 1012 1514 rela-

274 1537 394 1569 tionem
421 1535 529 1569 dilecti
554 1535 611 1568 filii
637 1535 786 1568 moderni
819 1539 1013 1578 procurato-

273 1589 317 1621 ris
355 1589 515 1632 generalis
551 1588 680 1621 Ordinis
717 1588 873 1630 praedicti
915 1597 1013 1630 super

272 1642 459 1685 praemissis
491 1641 613 1674 eisdem
649 1641 867 1674 cardinalibus
899 1641 1012 1673 factam

273 1696 492 1735 attenderunt,
519 1695 669 1735 consilio,
695 1695 939 1728 concessionem
957 1705 1012 1727 seu

272 1749 599 1783 communicationem
624 1748 882 1791 privilegiorum,
908 1748 1013 1780 indul-

275 1808 402 1844 torum,
435 1802 713 1845 indulgentiarum
746 1807 777 1835 et
808 1807 1012 1844 peccatorum

273 1855 510 1897 remissionum,
532 1855 733 1898 aliarumque
752 1854 928 1897 gratiarum
949 1855 1013 1897 spi-

274 1908 440 1942 ritualium
476 1915 507 1942 et
541 1909 792 1952 temporalium,
826 1908 1012 1951 praedictae

274 1962 525 2005 Congregationi
578 1961 740 2005 regularis
790 1961 1013 1994 observantiae

275 2016 376 2048 sancti
403 2015 560 2048 Bernardi
584 2015 712 2048 Ordinis
730 2014 949 2048 Cisterciensis
967 2024 1015 2046 rc—

274 2078 412 2111 gnorum
422 2068 768 2112 llispaniacstlliusque
780 2067 1012 2110 superioribus,

273 2122 442 2155 monacbis
461 2127 491 2155 et
505 2121 663 2164 personis,
679 2121 718 2153 ab
733 2121 848 2154 eodem
859 2120 1014 2162 Gregorio

274 2174 529 2216 praedecessore
554 2184 613 2217 per
638 2174 760 2206 litteras
796 2173 1015 2216 praeinsertas

275 2227 400 2268 factam,
426 2233 458 2261 et
482 2239 500 2260 a
524 2233 703 2260 memorato
728 2227 856 2259 Urbano
881 2225 1016 2269 praede-

275 2288 402 2312 cessore
438 2280 477 2312 ad
513 2281 697 2313 universam
725 2278 1015 2322 Congregationem

276 2332 452 2373 superioris
466 2332 657 2366 Germaniae
679 2332 806 2365 Ordinis
826 2331 1013 2364 huiusmodi

276 2385 456 2426 respective
474 2391 618 2419 extentas
638 2391 669 2419 et
684 2386 863 2428 ampliat-as,
879 2390 913 2417 ut
926 2395 1015 2428 prae-

277 2436 402 2476 fertur,
427 2438 465 2470 ad
497 2438 699 2481 provinciam
735 2449 791 2472 seu
828 2438 1014 2471 vicariatum

276 2488 471 2529 huiusmodi,
497 2490 650 2534 illiusque
676 2491 878 2534 superiores,
905 2501 1014 2523 mona-

277 2541 356 2573 chos
381 2546 413 2573 et
436 2552 592 2584 personas
615 2543 743 2576 Ordinis
769 2543 949 2586 praedicti,
975 2542 1013 2575 ad

277 2593 395 2628 limites
412 2595 651 2636 praedictarum
668 2596 857 2636 litterarum,
876 2595 1013 2630 auctori-

902 209 1043 234 CLEMENS
1068 209 1101 232 XI
1125 209 1174 233 PP-

1691 200 1754 233 (360
1801 208 1851 236 An.
1872 208 1900 236 c.
1918 208 1988 236 1715

1053 263 1115 290 tate
1135 257 1326 300 apostolica,
1354 262 1466 290 tenore
1491 258 1720 300 praesentium,
1740 269 1792 291 cx-

1053 311 1214 343 tendimus
1243 310 1364 353 pariter
1407 311 1627 353 ampliamus,
1672 311 1792 353 illaque

1054 364 1163 397 onmia
1188 369 1219 396 ct
1245 364 1373 406 singula
1399 363 1502 396 eidem
1528 363 1714 406 provinciae
1738 375 1794 396 seu

1053 417 1231 457 vicariatui,
1253 417 1388 459 aliisque
1408 416 1554 449 eiusdem
1573 416 1700 449 Ordinis
1719 417 1794 449 sub-

1054 471 1143 504 iectis
1169 476 1200 504 ct
1225 470 1436 503 subiiciendis
1470 470 1684 509 monasteriis,
1715 481 1793 513 qua-

1055 530 1146 557 tenus
1172 530 1279 557 tamen
1298 524 1360 556 sint
1378 523 1409 555 in
1430 533 1499 563 usu,
1516 534 1620 565 neque
1636 528 1794 562 revocata,

1055 578 1228 620 minusque
1254 577 1313 609 sub
1339 576 1500 619 aliquibus
1537 576 1795 608 revocationibus

1054 631 1288 673 comprehensa
1315 629 1434 662 suerint,
1452 655 1459 668 ,
1491 629 1768 662 communicamus
1787 640 1793 660 z

1055 683 1140 715 salva
1159 689 1266 715 tamen
1290 692 1420 725 semper
1438 683 1469 714 in
1488 682 1675 725 praemissis
1692 687 1795 714 aucto·

1055 736 1150 768 ritate
1180 735 1451 778 Congrcgationis
1478 735 1666 768 eorumdem
1693 733 1795 767 cardi-

1054 789 1191 821 nalium.

1098 843 1112 885 §
1137 842 1169 874 4.
1196 842 1431 881 Decerncntes,
1449 841 1578 874 easdem
1604 846 1793 884 praesentes

1055 895 1179 928 litteras
1204 894 1330 935 sirmas,
1355 895 1477 927 validas
1503 899 1534 927 ct
1559 894 1704 927 efficaces
1730 894 1794 927 exi-

1055 955 1138 982 stere
1165 954 1197 982 et
1223 949 1306 989 sore,
1333 959 1475 992 suosque
1501 948 1670 991 plenarios
1695 953 1726 981 ct
1750 948 1796 980 in-

1057 1007 1165 1045 tegros
1191 1001 1322 1035 effectus
1347 1001 1454 1035 sortiri
1480 1007 1511 1034 et
1547 1002 1721 1041 obtinere,
1758 1012 1795 1034 ac

1055 1055 1218 1095 omnibus,
1239 1065 1318 1098 quos
1339 1055 1412 1088 illae
1434 1060 1639 1088 concernunt
1662 1065 1697 1087 ac
1719 1065 1795 1088 con-

1056 1113 1192 1140 cerncnt
1217 1107 1462 1150 quomodolibet
1496 1107 1529 1139 in
1562 1108 1727 1146 futurum,
1762 1107 1794 1139 iu

1056 1160 1205 1192 omnibus
1231 1165 1262 1192 et
1286 1170 1346 1202 per
1370 1159 1477 1192 omnia
1502 1159 1692 1201 plenissime
1729 1159 1794 1191 sus-

1056 1213 1192 1255 sragari,
1221 1213 1332 1255 sicque
1358 1211 1389 1244 in
1416 1212 1601 1255 praemissis
1626 1223 1685 1255 per
1702 1222 1795 1255 quos-

1056 1276 1197 1308 cumque
1224 1265 1346 1298 iudices
1372 1264 1557 1297 ordinarios
1573 1269 1604 1297 et
1619 1265 1794 1307 delegatos

1056 1318 1151 1350 etiam
1178 1328 1345 1350 causarum
1371 1317 1481 1360 palatii
1506 1317 1676 1360 apostolici
1702 1317 1794 1350 audi-

1056 1376 1149 1411 tores,
1168 1369 1307 1403 iudicari
1334 1375 1365 1403 et
1386 1369 1514 1402 definiri
1549 1370 1680 1411 debere,
1701 1380 1737 1403 ac
1756 1371 1798 1402 ir—

1056 1425 1154 1457 ritum
1187 1430 1218 1458 et
1250 1424 1347 1457 inane
1380 1423 1406 1456 si
1439 1434 1532 1456 secus
1563 1434 1665 1469 super
1702 1424 1752 1456 liis
1781 1434 1797 1456 a

1056 1489 1220 1521 quoquam
1239 1504 1246 1518 ,
1271 1477 1383 1521 quavis
1417 1476 1630 1518 auctoritate,
1656 1477 1798 1509 scienter

1056 1532 1106 1564 vel
1128 1531 1340 1574 ignoranter,
1361 1530 1536 1573 contigerit
1563 1530 1729 1562 attentari.

1100 1586 1114 1628 g
1139 1585 1171 1617 5.
1198 1585 1268 1618 Non
1293 1584 1497 1617 obstantibus
1522 1585 1633 1616 nostra
1659 1584 1698 1616 de
1730 1593 1795 1616 non
1808 1589 1990 1636 deffjpffipn=r111u

1057 1637 1275 1671 concedendis
1301 1636 1511 1679 indulgentiis
1536 1637 1574 1669 ad
1596 1636 1707 1676 instar,
1724 1636 1795 1668 aliis
1862 1631 1872 1640 '¹
1924 1632 1928 1638 '

1057 1691 1207 1724 omnibus
1245 1696 1277 1723 et
1313 1690 1449 1733 singulis
1484 1701 1565 1733 quae
1601 1690 1632 1721 in
1668 1690 1797 1732 praein-

1057 1745 1150 1777 sertis
1177 1749 1208 1777 et
1232 1744 1302 1776 aliis
1330 1743 1448 1776 Urbani
1471 1742 1733 1786 praedecessoris
1752 1742 1797 1774 lit-

1059 1798 1135 1830 teris
1162 1808 1315 1830 concessa
1341 1801 1416 1829 sunt
1442 1806 1504 1829 non
1531 1797 1660 1828 obstare
1678 1823 1685 1835 ,
1711 1800 1797 1828 cete-

1056 1850 1167 1893 risque
1193 1849 1364 1883 contrariis
1390 1849 1661 1892 quibuscumque.

1102 1903 1116 1946 g
1145 1902 1176 1935 6.
1203 1902 1356 1935 Volumus
1378 1908 1484 1934 autem
1516 1906 1550 1932 ut
1574 1900 1794 1943 praesentium

1059 1957 1239 1989 litterarum
1265 1954 1473 1997 transumptis
1494 1981 1500 1993 ‚
1535 1964 1589 1986 seu
1616 1953 1794 1996 exemplis,

1060 2009 1155 2042 etiam
1183 2008 1366 2051 impressis,
1390 2017 1487 2039 manu
1516 2006 1652 2039 alicuius
1677 2006 1796 2038 notarii

1059 2062 1181 2106 publici
1214 2061 1431 2104 subscriptis,
1465 2066 1496 2093 et
1527 2060 1635 2102 sigillo
1662 2059 1797 2092 alicuius

1059 2125 1219 2157 personae
1245 2114 1277 2146 in
1303 2113 1524 2146 ecclesiastica
1549 2112 1706 2155 dignitate
1721 2123 1797 2144 con-

1059 2169 1188 2201 stitutae
1225 2167 1378 2206 munitis,
1411 2166 1522 2199 eadem
1549 2176 1681 2209 prorsus
1717 2165 1797 2197 tides

1059 2221 1179 2265 ubique
1210 2222 1357 2254 locorum
1392 2225 1454 2252 tam
1490 2219 1522 2251 in
1547 2219 1668 2251 iudicio
1702 2229 1796 2261 quam

1060 2280 1149 2307 extra
1166 2274 1246 2307 illud
1267 2274 1434 2311 habeatur,
1453 2283 1535 2315 quae
1554 2272 1632 2315 ipsis
1645 2281 1798 2314 praesen-

1060 2328 1146 2360 tibus
1170 2327 1348 2360 haberetur
1376 2325 1401 2358 si
1424 2326 1531 2358 forent
1558 2325 1722 2357 exhibitae
1750 2325 1797 2356 vel

1059 2387 1222 2414 ostensae.

1102 2434 1215 2466 Datum
1243 2433 1380 2473 Romae,
1409 2432 1493 2475 apud
1521 2431 1552 2464 S.
1581 2431 1710 2463 Mariam
1736 2430 1797 2462 Ma-

1059 2487 1178 2527 iorem,
1204 2486 1265 2518 sub
1297 2485 1416 2518 annulo
1454 2483 1644 2522 Piscatoris,
1671 2483 1721 2514 dic
1753 2491 1797 2514 vt!

1058 2539 1163 2572 martii
1181 2548 1320 2579 MDCCXV,
1338 2537 1543 2581 pontificatus
1558 2536 1660 2569 nostri
1678 2546 1730 2567 an.
1745 2545 1792 2566 xv.

1831 849 1954 872 Ctsusutae.

1846 1905 1909 1925 hules
1935 1907 1991 1925 tran·

1807 1936 1944 1958 sumptorum.

1092 2602 1154 2629 Dat.
1176 2601 1221 2628 die
1242 2602 1255 2627 7
1277 2601 1366 2628 martii
1391 2599 1468 2633 1715,
1484 2599 1582 2634 pontis.
1601 2605 1671 2626 anuo
1687 2604 1730 2623 xv.
