2269 3203
260 247 308 273 An.
330 245 444 273 &1718
491 235 555 270 808

297 839 443 865 {ipa-„itisunw

281 869 424 886 munistilulwut

263 892 382 918 [haurimus
408 892 443 911 ilu-

260 920 303 940 leun
320 921 410 940 enarrat.

454 295 553 336 mino,
579 295 788 339 interponere
814 306 879 328 non
904 294 1195 338 praetermisinms.

453 348 538 386 Quae
558 354 664 381 autem
686 354 718 381 et
738 353 856 391 quanta
875 348 907 380 in
926 349 988 380 hoc
1007 347 1107 380 arduo
1126 357 1196 389 gra-

455 402 648 444 vissimoque
683 402 813 445 negotio
850 411 908 444 per
945 402 1057 444 plures
1094 409 1196 432 annos

454 455 617 498 egerimus
642 460 674 488 et
698 455 787 498 passi
808 455 920 494 simus,
941 463 1063 498 quaeve
1088 453 1196 486 inobe-

455 508 611 542 dientium
639 508 808 541 hominum
834 513 866 541 et
886 518 1064 551 paucorum
1085 506 1195 550 (quod

455 562 548 596 valde
570 562 719 595 dolentes
742 561 893 603 dicimus)
912 560 1082 593 illustrium
1101 560 1196 593 eliam

454 615 662 647 ecelesiarum
688 614 866 646 antistitum
894 613 1019 646 veritati
1049 622 1114 645 non
1145 622 1196 645 ac-

455 667 690 711 quiescentium
716 668 815 710 opera
850 666 883 698 in
920 666 1007 699 idem
1039 665 1194 708 inclytum

457 731 590 763 regnum
625 721 708 753 mala
741 719 975 763 provenerint,
1002 718 1093 751 vobis
1128 718 1195 751 sere

456 773 605 805 omnibus
631 773 764 805 minime
794 772 903 815 ignota
940 782 1011 805 esse
1037 771 1197 805 existima-

456 837 536 859 mus.
562 826 738 870 Postquam
764 826 933 870 siquidem,
954 825 1064 859 divino
1083 825 1114 857 in
1133 825 1196 868 pri-

456 880 515 913 mis
540 879 715 923 implorato
737 879 912 923 praesidio,
934 881 1076 923 curaque
1095 877 1195 918 omni,

456 932 563 965 studio
589 943 625 965 ac
655 933 790 972 labore,
815 938 910 975 prout
945 931 992 964 rei
1029 930 1195 974 gravitatis

457 987 665 1029 exposcebat,
684 986 865 1019 diutissime
884 985 1022 1025 collatis,
1042 984 1194 1017 adversus

454 1039 658 1082 praedictum
696 1039 813 1071 librum
846 1038 1110 1072 constitutionem
1136 1047 1195 1070 no-

454 1096 562 1131 stram,
579 1102 661 1135 quae
677 1091 789 1135 incipit
807 1091 1002 1134 Unz'slenz‘lus
1016 1090 1076 1123 Dei
1091 1090 1194 1132 filius,

455 1156 540 1178 anno
566 1145 803 1193 Incarnationis
826 1144 1008 1177 dominicae
1040 1153 1193 1183 unccxm,

454 1210 485 1232 v1
511 1199 582 1232 idus
609 1197 815 1242 septembris,
832 1198 951 1231 editam
976 1197 1196 1241 promulgavi-

455 1263 537 1292 mus,
563 1252 595 1284 in
621 1262 684 1295 qua
709 1252 818 1294 plures
843 1252 955 1285 noxios
981 1252 1137 1284 articulos
1158 1261 1194 1283 ex

456 1306 573 1339 eodem
598 1305 682 1339 libro
711 1310 880 1348 excerptos
907 1305 1052 1338 censuris
1079 1304 1205 1352 variis,

455 1370 535 1402 quas
561 1359 750 1402 respective,
774 1364 807 1391 ut
832 1358 931 1399 aiunt,
960 1358 1022 1392 hoc
1047 1364 1104 1398 est,
1131 1359 1197 1391 sin-

455 1412 520 1456 guli
540 1412 681 1456 aliquam
707 1413 820 1445 saltem
846 1423 956 1445 earnm
976 1412 1196 1453 merebantur,

455 1471 592 1506 notatos,
619 1476 678 1509 pro
709 1466 804 1498 huius
831 1465 966 1499 Sanctae
991 1465 1081 1498 Sedis
1106 1476 1197 1498 inore

455 1518 707 1562 proscripsimus
733 1518 930 1561 (cuiusmodi
963 1518 1098 1551 remedii
1133 1523 1194 1551 ne-

455 1571 641 1604 cessitatem
681 1576 747 1603 tum
776 1576 981 1605 ,memoratus
1014 1571 1197 1604 Ludovicus

456 1635 522 1664 rex,
542 1631 607 1657 turn
634 1624 780 1667 plerique
800 1635 836 1657 ex
856 1624 959 1663 Gallia
979 1624 1125 1668 episcopi
1146 1635 1198 1657 su-

455 1678 593 1722 pradicti
612 1677 734 1711 iteratis
761 1678 1032 1711 obtestationibus
1058 1678 1198 1710 inculca-

455 1736 584 1771 verant,
612 1741 675 1763 non
702 1731 797 1764 aliter
822 1732 956 1764 suborta
991 1731 1124 1764 dissidia
1148 1741 1197 1764 sc-

456 1784 524 1816 dari
551 1794 645 1827 posse
672 1789 858 1817 constanter
884 1785 1108 1827 affirmantes),
1132 1789 1197 1816 tota

456 1837 588 1880 quidem
607 1837 724 1870 Christi
742 1837 896 1877 Ecclesia,
909 1839 1036 1871 Petrum
1052 1848 1110 1881 per
1125 1848 1196 1877 nos,

457 1891 582 1923 tametsi
602 1890 764 1933 indignos,
783 1892 972 1934 loquentem
991 1897 1110 1930 secuta,
1125 1901 1198 1934 apo-

455 1944 603 1977 stolicam
630 1944 776 1977 eiusdem
807 1944 1050 1978 constitutionis
1077 1945 1197 1978 doctri-

456 2003 530 2030 nam
558 1997 666 2030 debito
699 1997 858 2041 obsequio
883 2003 980 2042 atque
1011 1997 1198 2031 obedientia

456 2051 619 2095 suscepit;
646 2057 677 2085 at
709 2056 879 2085 novatores
896 2079 903 2092 ‚
930 2052 985 2095 qui
1018 2058 1198 2096 sequuntur

455 2104 604 2147 spiritum
623 2115 724 2145 suum,
740 2110 772 2138 et
788 2105 871 2138 nihil
887 2105 1008 2146 vident,
1029 2116 1064 2139 ex
1085 2105 1197 2139 incon-

455 2158 538 2190 sulta
574 2158 763 2191 corumdem
801 2169 978 2202 paucorum
1016 2159 1196 2192 antistitum

455 2210 683 2251 haesitatione,
709 2211 751 2243 ita
777 2211 904 2244 animos
936 2212 1141 2253 extulerunt,
1163 2217 1197 2245 ut

455 2264 641 2298 incredibili
666 2265 797 2298 audacia
813 2265 1078 2298 constitutionem
1095 2266 1197 2309 ipsam

455 2327 606 2360 perverse
631 2317 839 2360 interpretari
867 2323 898 2350 et
930 2318 1103 2359 incessere,
1129 2329 1197 2361 pra·

456 2380 579 2413 vaeque
606 2369 700 2403 etiam
721 2370 889 2403 doctrinae
908 2381 967 2414 per
991 2371 1197 2414 impudentes

457 2423 636 2456 calumnias
670 2423 857 2461 insimulare
889 2434 953 2456 non
989 2424 1194 2457 erubuerint.

456 2478 577 2520 ltaque,
601 2481 636 2509 ut
653 2478 849 2510 reluctantes
867 2476 940 2510 illos
962 2477 1134 2521 episcopos
1156 2477 1195 2510 ad

455 2529 607 2563 sectanda
628 2529 765 2562 fratrum
792 2539 924 2562 suorum
950 2529 1085 2572 vestigia
1111 2530 1195 2564 exci-

456 2588 615 2623 taremus,
650 2593 685 2615 ac
718 2581 882 2615 turbarum
908 2583 1132 2626 malorumque
1162 2593 1196 2616 0-

454 2636 576 2670 mnium
603 2635 768 2676 fomitem,
803 2647 899 2681 quem
933 2636 1115 2680 improvida
1139 2637 1194 2671 illa

1032 245 1214 270 BULmntun
1240 246 1393 269 ROMANUM

1239 293 1401 327 cunctatio
1420 293 1673 334 ministraverat,
1698 293 1976 336 extingueremus,

1239 347 1411 380 canonicas
1426 347 1724 380 animadversiones
1738 352 1813 390 post
1827 347 1979 381 diuturna

1241 399 1335 432 trium
1370 411 1530 433 annorum
1565 400 1821 443 longanimitatis
1853 400 1980 443 experi-

1240 458 1350 486 menta
1375 453 1533 486 adhibere
1559 452 1844 486 constitueramus.
1864 453 1979 486 Verum

1239 506 1443 539 venerabiles
1475 506 1591 539 fratres
1620 505 1721 539 nostri
1751 505 1781 538 S.
1803 505 1840 538 R.
1859 505 1893 539 E.
1914 517 1979 539 car-

1239 559 1385 600 dinales,
1423 558 1616 603 quibuscum
1649 559 1810 592 rationem
1848 559 1977 592 consilii

1239 613 1342 645 nostri
1368 612 1608 646 communicare
1641 622 1782 655 acquum
1808 622 1880 645 esse
1905 622 1979 645 cen-

1239 665 1371 706 suimus,
1390 676 1449 699 nos
1468 666 1561 699 enixe
1576 666 1840 707 obsecraverunt,
1854 670 1888 698 ut
1901 676 1980 709 pau-

1239 718 1340 761 lisper
1365 727 1381 750 a
1406 718 1624 751 severioribus
1650 717 1804 751 remediis
1829 728 1980 761 superse-

1240 771 1316 803 dere
1332 770 1501 810 vellemus,
1515 771 1590 803 dum
1608 769 1737 804 interim
1755 770 1980 804 communibus

1239 823 1357 856 litteris
1371 823 1531 866 collegam
1555 833 1660 863 suum,
1679 823 1904 856 constitutioni
1922 834 1980 857 no-

1239 881 1324 909 strae
1357 886 1429 908 sese
1453 875 1614 909 subiicere
1647 875 1902 917 detrectantem,
1935 881 1981 909 at-

1240 938 1301 972 que
1318 928 1433 961 iisdem
1452 933 1627 972 propterea
1643 928 1978 962 animadversionibus

1240 982 1426 1022 obnoxium,
1453 982 1492 1014 ad
1517 981 1650 1014 unitatis
1669 986 1699 1014 et
1728 981 1817 1025 pacis
1843 981 1980 1016 consilia

1240 1045 1392 1068 revocare
1418 1040 1626 1068 conarentur.
1648 1035 1765 1068 Eorum
1784 1035 1882 1078 igitur
1906 1046 1980 1079 pre-

1239 1089 1329 1122 cibus
1350 1094 1544 1131 annuentes,
1565 1100 1606 1123 ne
1624 1101 1719 1134 quam
1737 1089 1879 1123 lenitatis
1898 1089 1980 1123 viam

1239 1142 1431 1176 intentatam
1448 1143 1718 1187 relinqueremus,
1733 1154 1793 1187 per
1806 1143 1878 1177 illas
1896 1143 1980 1186 ipsas

1239 1195 1385 1229 inducias
1412 1207 1470 1229 nos
1508 1207 1638 1240 quoque
1665 1197 1704 1230 ad
1730 1197 1899 1230 universos
1931 1207 1981 1230 ar-

1239 1250 1469 1293 chiepiscopos
1497 1256 1528 1283 et
1553 1251 1722 1294 episcopos
1746 1251 1840 1294 regni
1866 1251 1981 1285 Gallia-

1240 1311 1310 1336 rum
1328 1303 1452 1337 litteras
1478 1304 1510 1336 in
1536 1304 1640 1337 forma
1664 1304 1775 1338 Brevis
1795 1305 1847 1338 die
1865 1316 1903 1340 xx
1923 1316 1980 1339 no-

1238 1357 1380 1397 ¹vernbris
1398 1366 1539 1391 MDccxv1
1554 1358 1720 1401 expeditas
1738 1359 1897 1399 dedimus,
1915 1360 1981 1403 qui-

1240 1411 1314 1451 bu's,
1342 1421 1448 1443 rerum
1475 1415 1638 1453 gestarum
1663 1411 1746 1444 serie
1772 1417 1803 1444 et
1828 1412 1980 1445 ecclesia-

1241 1474 1312 1495 rum
1327 1463 1576 1506 perturbatione
1589 1463 1721 1496 uberius
1736 1464 1889 1507 exposita,
1906 1465 1980 1498 illos

1241 1516 1362 1549 hortati
1393 1527 1500 1549 sumus
1538 1522 1573 1549 ut
1604 1517 1833 1550 dissentientes
1870 1518 1980 1562 coepi-

1241 1571 1394 1613 piscopos
1426 1580 1501 1603 suos
1517 1597 1524 1611 ,
1546 1575 1667 1605 ‚nostro
1701 1571 1796 1603 etiam
1821 1570 1954 1605 nomine
1969 1598 1978 1614 ,

1241 1623 1465 1665 convenirent,
1493 1634 1615 1667 eosque
1640 1623 1737 1658 officii
1762 1624 1812 1657 sui
1838 1625 1979 1658 fraterna

1241 1677 1397 1710 charitate
1423 1677 1650 1718 admonerent,
1670 1688 1801 1711 necnon
1826 1678 1979 1711 omnihus

1241 1731 1452 1764 sacerdotalis
1489 1730 1716 1764 sollicitudinis
1754 1732 1978 1773 argumentis,

1240 1784 1490 1828 imploratoque,
1515 1785 1634 1818 nostris
1660 1785 1755 1818 etiam
1781 1785 1907 1827 verbis,
1933 1786 1981 1819 di-

1240 1838 1409 1871 lectissimi
1428 1838 1460 1870 in
1478 1838 1608 1871 Christo
1634 1837 1689 1871 filii
1715 1838 1818 1872 nostri
1836 1838 1979 1883 Philippi

1241 1891 1332 1924 ducis
1359 1891 1614 1927 Aurelianensis,
1640 1891 1786 1924 eiusdem
1811 1892 1904 1934 regni
1929 1902 1981 1925 re-

1241 1945 1350 1986 ctoris,
1364 1945 1557 1988 patrocinio,
1571 1945 1609 1978 ad
1628 1945 1809 1988 reparanda
1827 1946 1980 1979 ecclesia-

1240 1998 1339 2031 sticae
1365 1997 1496 2030 unitatis
1514 2003 1546 2031 et
1565 1997 1754 2041 disciplinae
1774 1998 1978 2039 detrimenta,

1241 2056 1337 2095 atque
1356 2051 1395 2084 ad
1413 2051 1590 2084 avertenda
1611 2050 1790 2084 catholicae
1808 2051 1978 2094 religionis

1241 2104 1385 2147 pericula
1409 2104 1539 2137 flectere
1556 2108 1753 2147 satagerent.
1773 2103 1978 2147 Speravimus

1241 2157 1370 2201 quidem
1395 2157 1529 2191 uberem
1548 2167 1584 2190 ex
1610 2157 1768 2191 eiusmodi
1794 2157 1912 2190 nostris
1929 2157 1979 2191 lit-

1241 2211 1317 2244 teris
1336 2211 1486 2251 sructum,
1503 2210 1678 2254 iunctoque
1696 2210 1864 2244 nobiscum
1888 2221 1979 2255 prae-

1240 2264 1491 2298 clarissimorum
1516 2263 1637 2297 Galliae
1666 2265 1855 2307 praesulum
1883 2265 1975 2306 zelo,

1241 2318 1295 2361 qui
1322 2317 1459 2351 maximo
1484 2327 1561 2355 sane
1592 2327 1729 2350 numero
1755 2327 1815 2360 pro
1840 2318 1977 2351 veritate

1240 2370 1416 2410 certabant,
1440 2370 1557 2403 sactum
1579 2369 1618 2402 iri
1637 2370 1833 2404 credidimus
1852 2376 1887 2404 ut
1912 2371 1977 2405 dis-

1240 2423 1384 2457 sidentes
1410 2424 1541 2464 fratres,
1560 2423 1648 2467 quod
1666 2423 1759 2457 nobis
1773 2424 1854 2457 adeo
1873 2424 1904 2457 in
1922 2435 1978 2458 vo-

1240 2476 1279 2509 tis
1305 2482 1394 2517 erat,
1428 2477 1545 2509 lucrari
1578 2487 1762 2520 possemus.
1790 2477 1887 2521 Atqui
1918 2488 1977 2521 spe

1239 2530 1351 2563 nostra
1372 2530 1542 2563 frustratos
1560 2530 1732 2564 confestim
1749 2540 1809 2564 nos
1827 2530 1976 2572 vidimus,

1240 2583 1454 2627 dolentesque
1480 2584 1618 2617 clamare
1643 2584 1745 2618 coacti
1770 2594 1880 2617 sumus
1896 2595 1902 2617 :
1919 2584 1977 2619 Su-

1238 2636 1417 2671 stz'nuz'mzcs
1444 2647 1552 2682 pacem
1578 2641 1606 2672 et
1630 2647 1692 2671 non
1717 2637 1818 2679 veni&
1843 2637 1972 2682 quaesi-

1985 247 2031 272 An.
2053 247 2172 275 &1718
