2269 3203
81 212 132 238 An.
148 210 176 239 C.
199 211 267 239 ¹714

121 1546 225 1567 Concedit
245 1548 268 1568 ui

81 1574 102 1593 in
117 1574 213 1595 rubrica.

902 212 1042 236 CLEMENS
1069 211 1101 235 XI
1126 212 1176 235 Pr.

277 260 468 305 eligeretur)
495 262 688 306 capitulares
714 260 881 305 praedicti,
907 260 1015 293 consi·
1037 287 1038 304 ἶ

278 313 431 346 derantes
448 326 508 358 pro
528 321 676 358 tempore
690 314 880 347 existentem
898 323 1015 356 procu-

277 372 417 400 ratorem
435 369 621 410 generalem
637 366 906 409 Congregat'ionis
924 376 1016 409 prae-
1037 375 1039 404 J

277 419 381 453 dictae
407 431 442 453 ex
463 421 628 463 provincia
646 418 863 453 Arenioncnsi
885 429 1017 461 semper
1038 429 1039 459 ς

277 474 396 506 assumi
422 473 639 513 consuevisse,
665 473 813 516 adeoque
833 473 918 505 lianc
943 483 1017 515 pro-

279 526 418 559 vinciam
444 532 577 570 propter
613 526 760 558 eiusdem
797 521 1040 568 procuratoris]

277 579 455 612 absentiam
481 581 543 612 una
567 589 645 612 voce
671 584 703 611 et
727 578 881 621 suffragio
904 578 935 610 in
962 579 1016 611 dc-

277 632 417 666 linitorio
441 643 476 665 ac
497 632 594 665 etiam
620 632 652 664 in
682 631 824 675 capitulo
851 631 1016 674 generali,

277 685 302 717 si
328 685 367 718 ad
390 685 469 718 illud
495 695 528 717 se
554 684 705 717 conferre
727 683 860 717 mininie
881 685 1015 723 valeret,

277 738 395 781 privari
432 749 539 781 posse,
575 737 728 771 dilectum
755 737 879 780 pariter
915 737 1016 770 tilium

277 792 464 824 Anselmum
488 790 674 834 Espitallicr
699 790 863 830 clericum,
879 790 1017 832 Congre-

276 844 416 887 gationis
430 850 462 877 et
474 844 660 887 provinciae
675 842 912 876 Avenioncnsis
927 853 1017 886 prae-

277 896 454 930 dictarum¹
473 897 588 938 filium,
608 897 640 929 in
668 895 876 929 definitorem
902 896 1017 928 adiun-

276 956 361 983 ctum
392 949 579 983 huiusmodi
616 960 689 982 cum
725 960 804 982 voce
838 949 1016 982 consultiva

277 1008 411 1043 tantum,
431 1008 604 1042 reservato,
627 1002 733 1046 quoad
761 1012 874 1035 vocem
894 1002 1016 1035 delibe-

276 1056 419 1095 rativam,
446 1061 558 1089 nostro
585 1061 616 1089 et
641 1055 738 1088 huius
763 1055 896 1088 Sanctae
922 1055 1015 1087 Sedis

275 1109 495 1152 beneplacito,
535 1120 571 1142 ac
607 1109 664 1141 sub
702 1108 948 1141 conditionibus
983 1108 1016 1140 in

277 1162 410 1195 decreto
428 1161 467 1194 ab
485 1162 599 1195 iisdem
620 1161 854 1204 capitularibus
876 1162 1017 1204 desuper
1038 1179 1039 1187 1

277 1215 377 1255 edito,
405 1216 595 1256 elegeruut3
627 1215 713 1258 quod
748 1214 878 1258 quidem
905 1215 1039 1262 dee1·e—}

277 1274 345 1301 tum
370 1267 509 1301 subinde
534 1268 573 1300 ab
598 1268 806 1311 infrascripta
830 1267 1016 1310 Congrega-
1038 1269 1039 1275 ¹

278 1321 366 1355 tione
404 1320 617 1354 cardinalium
654 1321 869 1364 approbatum
903 1326 933 1353 et
958 1329 1039 1364 per*

277 1374 432 1418 quasdam
457 1379 585 1408 nostras
612 1374 754 1418 desuper
778 1374 811 1406 in
837 1373 937 1407 simili
957 1371 1039 1410 sor—i

276 1429 329 1461 ma
352 1428 463 1462 Brevis
496 1427 665 1471 expeditas
691 1427 814 1461 litteras
847 1415 1039 1460 confirma-¹

278 1486 346 1515 tum
370 1480 440 1514 suit.

321 1535 336 1578 g
360 1533 391 1566 2.
419 1533 495 1567 Cum
521 1538 639 1574 autem,
667 1534 750 1567 sieut
782 1532 895 1566 eadem
921 1543 1017 1576 expo-

278 1588 339 1622 sito
365 1588 596 1631 subiungebat,
634 1587 772 1621 dilectus
803 1588 902 1621 etiam
930 1587 1016 1620 filius

277 1641 394 1675 Paulus
420 1641 552 1685 Rigord,
579 1641 714 1675 clericus
749 1641 894 1674 eiusdem
927 1640 1015 1674 Con-

278 1695 491 1738 gregationis,
515 1695 548 1727 in
579 1695 719 1738 capitulo
753 1694 898 1738 generali
931 1704 1040 1732 ann0;

276 1757 397 1782 unccxi
423 1748 555 1781 Parisiis
581 1748 747 1781 celebrato
774 1748 813 1781 ad
831 1758 948 1781 munus
967 1748 1019 1781 de-

277 1801 416 1836 finitoris
441 1802 582 1836 adiuncti
608 1801 810 1845 praedictum
829 1811 887 1834 seu
905 1801 1019 1834 substi-

279 1855 337 1888 tuti
363 1855 438 1889 dicti
463 1855 685 1899 procuratoris
711 1855 875 1898 generalis
893 1855 1017 1888 electus

276 1909 385 1950 suerit,
419 1918 455 1942 ac
492 1908 631 1952 proinde
668 1908 854 1951 praedictus
880 1908 1041 1946 loannes,

275 1967 471 2006 procurator
495 1962 669 2005 generalis,
695 1972 735 1995 ne
762 1972 906 2005 unquam
933 1962 1020 1995 sutu-

278 2015 321 2048 ris
348 2015 552 2058 temporibus
579 2015 617 2048 de
651 2015 816 2048 validitate
848 2015 1020 2048 electionis

277 2068 437 2111 praedicti
463 2068 552 2101 Pauli
579 2067 611 2101 in
637 2067 845 2101 definitorem
876 2068 1019 2102 adiuncti

277 2131 313 2154 ac
349 2121 388 2155 de
412 2121 624 2164 beneplacito
662 2121 849 2155 huiusmodi
875 2121 1018 2155 dubitari

278 2179 386 2217 queat,
412 2174 500 2208 illam
526 2175 728 2218 apostolicae
761 2174 1020 2208 confirmationis

279 2232 409 2260 nostrae
434 2227 617 2271 patrocinio
642 2238 702 2272 per
726 2238 786 2261 nos
813 2228 1020 2269 communiri,

282 2289 318 2311 ae
342 2280 450 2314 eidem
475 2281 575 2314 Paulo
606 2281 742 2325 eiusque
775 2291 834 2325 pro
870 2287 1019 2325 tempore

281 2333 519 2367 suecessoribus
545 2334 584 2367 ad
609 2334 697 2367 idem
723 2345 840 2367 munus
858 2344 1020 2368 asservan-

282 2383 349 2417 dis³
364 2395 476 2419 vocem
489 2387 744 2430 deliberativam,
758 2399 829 2421 eum
844 2388 915 2422 aliis
930 2399 1020 2432 prae-

282 2438 435 2480 rogativis
460 2439 493 2471 in
517 2441 684 2483 praedicto
703 2441 834 2486 capituli
856 2443 1018 2484 generalis

283 2490 416 2524 decreto
431 2493 602 2533 contentis,
621 2495 757 2528 concedi
774 2495 951 2538 plurimum
968 2495 1021 2529 de-

318 2562 329 2587 1
353 2559 423 2588 Edit.
446 2560 528 2588 Main.
549 2561 613 2597 legit
628 2565 850 2597 praedictorum
869 2567 966 2601 (iz-T.)-

316 2606 332 2634 2
352 2604 454 2633 Forsan
475 2607 650 2635 assumendis
669 2611 706 2643 (a.
727 2612 775 2643 T.).

1059 259 1198 292 sideret:
1225 260 1319 293 nobis
1338 266 1513 303 propterea
1540 262 1706 295 humiliter
1724 275 1798 307 sup-

1037 312 1173 361 ‘plicari
1201 312 1276 346 fecit
1311 319 1346 345 ut
1378 313 1483 346 eidem
1517 314 1614 348 Paulo
1643 315 1675 347 in
1705 327 1798 359 prae-

1059 365 1164 398 missis
1191 372 1378 409 opportune
1403 367 1574 410 providere
1602 373 1634 400 et
1658 373 1692 400 ut
1717 368 1799 401 inl'ra

1060 419 1232 462 indulgere
1259 420 1298 453 de
1323 421 1525 462 benignitate
1551 422 1729 464 apostolica
1755 423 1800 455 di-

1060 482 1247 515 gnaremur.
1265 473 1327 506 Nos
1345 473 1456 516 igitur,
1474 474 1574 517 ipsius
1589 475 1717 508 Ioannis
1728 487 1798 519 pru-

1060 526 1219 559 curatoris
1231 527 1396 569 generalis
1414 527 1496 560 votis
1516 527 1623 560 bacin
1642 539 1686 568 re,
1704 539 1800 571 quan—

1062 584 1128 612 tum
1155 590 1226 612 cun]
1254 580 1387 613 Domino
1413 591 1595 623 possumus,
1618 581 1799 615 favorabili-

1062 637 1110 664 ter
1134 643 1275 666 annuere
1303 635 1456 673 volentes,
1483 644 1519 667 ae
1545 635 1735 668 eorumdem
1755 636 1801 667 lo-

1061 685 1154 718 annis
1191 687 1411 728 procuratoris
1444 688 1606 729 generalis
1644 694 1675 721 et
1712 688 1799 720 Pauli

1039 738 1244 780 :singulares
1264 749 1420 781 personas
1446 751 1462 771 a
1487 740 1652 782 quibusvis
1678 751 1800 773 excom·

1061 791 1300 832 munimuionis,
1329 792 1555 835 suspensionis
1577 800 1609 826 et
1626 793 1801 835 interdicti,

1060 844 1197 887 aliisque
1215 844 1447 878 ecclesiasticis
1472 845 1657 886 sententiis,
1685 857 1801 879 censu-

1061 897 1105 930 ris
1126 903 1157 930 ct
1178 899 1302 941 poenis,
1318 909 1334 931 a
1349 897 1420 931 iure
1436 899 1485 931 vel
1504 899 1543 931 ab
1565 898 1709 939 homine,
1729 910 1801 942 qua-

1038 963 1039 992 ,
1061 950 1106 983 vis
1133 951 1306 984 occasione
1340 952 1390 984 vel
1416 954 1510 984 eausa
1528 951 1609 991 latis,
1632 951 1656 984 si
1683 953 1800 995 quibus

1060 1004 1313 1047 quomodolibet
1330 1004 1509 1037 innodatae
1529 1005 1681 1045 existunt,
1699 1006 1739 1039 ad
1757 1007 1803 1038 et'-

1038 1050 1179 1089 {sectum
1216 1057 1439 1100 praesentium
1481 1059 1646 1091 dumtaxat
1677 1070 1802 1092 conse—

1060 1110 1235 1153 quendum,
1272 1111 1388 1143 barum
1414 1112 1497 1144 serie
1535 1112 1741 1145 absolventes
1770 1118 1803 1145 et

1060 1162 1224 1196 absolutas
1241 1164 1307 1197 sore
1324 1169 1507 1205 censentes,
1526 1164 1711 1198 huiusmodi
1726 1176 1802 1209 sup-

1060 1215 1289 1258 plicationibus
1315 1217 1469 1256 inclinati,
1497 1218 1535 1250 de
1566 1218 1801 1252 venerabilium

1061 1269 1195 1301 fratrum
1220 1274 1405 1302 nostrorum
1431 1270 1458 1302 S.
1479 1270 1515 1303 R.
1535 1270 1569 1303 Ε.
1590 1271 1800 1304 cardinalium

1060 1322 1203 1364 negotiis
1238 1328 1270 1355 et
1303 1323 1600 1356 consultationilnis
1627 1324 1801 1368 episcopo-

1060 1386 1132 1408 rum
1159 1381 1190 1408 et
1216 1376 1414 1418 regularium
1435 1377 1699 1420 praepositorum
1725 1387 1801 1409 con-

1061 1429 1146 1468 silio,
1173 1429 1279 1462 eidem
1305 1429 1404 1463 Paulo
1431 1430 1567 1473 eiusque
1592 1430 1625 1462 in
1643 1430 1729 1463 dieto
1748 1430 1802 1463 de-

1060 1482 1198 1515 finitoris
1235 1481 1376 1515 adiuncti
1415 1482 1521 1516 officio
1559 1493 1618 1526 pro
1658 1489 1802 1527 tempore

1060 1535 1304 1569 successoribus
1330 1546 1440 1569 vocem
1468 1535 1713 1570 deliberativam
1740 1543 1802 1569 tam

1059 1589 1092 1621 in
1118 1589 1260 1632 capitulo
1295 1590 1436 1632 generali
1471 1600 1568 1633 quani
1593 1589 1624 1622 in
1652 1589 1803 1623 definito-

1061 1642 1107 1676 rio
1133 1642 1329 1683 huiusmodi,
1356 1653 1428 1676 cum
1455 1643 1604 1676 omnibus
1623 1643 1801 1686 privilegiis

1061 1701 1092 1729 et
1117 1695 1359 1729 conditionibus
1397 1696 1428 1728 in
1454 1701 1635 1734 memorato
1671 1697 1801 1730 decreto

1060 1749 1194 1793 capituli
1220 1749 1381 1792 generalis
1408 1749 1582 1790 contentis,
1611 1749 1803 1783 auctoritate

1061 1803 1254 1846 apostolica,
1282 1807 1395 1836 tenore
1422 1802 1653 1845 praesentium,
1680 1813 1804 1836 conce-

1062 1856 1182 1890 dimus.

1106 1910 1165 1954 §3
1188 1909 1421 1950 Deeernentes,
1452 1909 1581 1943 easdem
1610 1916 1802 1954 praesentes

1063 1963 1188 1996 litteras
1209 1963 1337 2004 firmas,
1363 1963 1485 1997 validas
1512 1968 1544 1996 et
1569 1963 1714 1997 efficaces
1738 1965 1802 1998 exi-

1062 2021 1147 2049 stere
1166 2022 1196 2049 et
1219 2016 1299 2057 sore,
1318 2027 1460 2060 suosque
1481 2017 1648 2060 plenarios
1671 2023 1701 2051 et
1722 2017 1803 2051 inte-

1064 2080 1138 2112 gros
1157 2068 1288 2103 effectus
1309 2070 1419 2102 sortiri
1438 2074 1469 2102 et
1490 2069 1652 2111 obtinere,
1673 2081 1707 2103 ae
1724 2070 1800 2112 illis,

1063 2123 1102 2156 ad
1125 2133 1207 2166 quos
1233 2127 1357 2166 spectat
1386 2128 1417 2156 et
1441 2133 1499 2166 pro
1528 2128 1675 2167 tempore
1702 2135 1805 2167 quan-

1064 2176 1247 2219 documque
1273 2175 1451 2220 spectabit,
1478 2176 1509 2208 in
1528 2176 1677 2210 omnibus
1696 2182 1728 2210 et
1745 2188 1805 2221 per

1063 2230 1170 2262 omnia
1194 2229 1386 2272 plenissime
1412 2228 1580 2272 suffragari
1598 2256 1605 2269 ‚
1633 2230 1746 2273 sieque
1771 2230 1803 2263 iu

1062 2282 1252 2326 praemissis
1274 2293 1332 2326 per
1350 2293 1572 2326 quoscumque
1605 2283 1728 2317 iudices
1754 2294 1804 2317 or-

1063 2335 1208 2369 dinarios
1243 2340 1275 2368 et
1304 2334 1486 2377 delegatos,
1511 2335 1609 2368 etiam
1634 2346 1805 2369 causarum

1062 2389 1175 2433 palatii
1209 2388 1383 2432 apostolici
1408 2389 1590 2430 auditores,
1618 2389 1754 2423 iudicari
1775 2396 1806 2424 et

1063 2441 1192 2476 definiri
1219 2442 1357 2481 debere,
1384 2452 1421 2475 ae
1445 2442 1573 2475 irritum
1602 2448 1634 2476 et
1662 2442 1758 2476 inane
1779 2443 1804 2476 si

1063 2505 1156 2528 secus
1182 2505 1283 2538 super
1312 2495 1363 2528 his
1389 2506 1406 2528 a
1422 2506 1598 2539 quoquam,
1615 2495 1726 2538 quavis
1751 2506 1804 2528 au-

1064 2548 1225 2587 ctoritate,
1256 2548 1399 2581 scienter
1423 2549 1473 2582 vel
1500 2548 1702 2591 ignoranter,
1729 2558 1803 2580 con-

1065 2600 1175 2644 tigerit
1200 2602 1363 2634 attentari.
1394 2601 1462 2634 Non
1493 2601 1700 2634 obstantibus
1727 2610 1804 2633 cou-

1699 206 1763 239 615
1809 215 1858 242 An.
1876 216 1905 244 c.
1927 217 1995 244 1711

1841 1921 1962 1942 [Itan-utam
