2269 3203
107 238 155 264 An.
177 235 206 264 C.
223 235 291 264 1752

911 233 1052 257 CLEMENS

301 283 381 317 libet
406 284 502 317 etiam
531 284 737 328 quantumvis
769 293 886 325 niagno
913 288 944 315 et
967 282 1041 314 sub-

301 337 441 372 stantiali
470 349 506 371 ac
539 338 714 380 incogitato
737 342 768 369 et
798 335 1040 378 inexcogitabili

301 390 567 433 individuamque
594 389 834 433 expressionem
856 388 1041 432 requirente

303 444 431 477 defectu
457 443 572 482 notari,
599 442 802 486 impugnari,
827 441 971 484 infringi,
997 441 1043 474 in-

303 496 446 537 validari,
470 495 646 535 retractari,
665 495 703 527 ad
723 495 878 528 terminos
901 494 977 527 iuris
995 504 1043 526 re-

303 550 384 590 duci,
410 561 466 584 seu
490 551 523 582 in
549 548 803 582 controversiam
829 548 935 581 vocari
957 575 963 587 ,
989 553 1044 580 aut

303 603 455 636 adversus
482 603 553 636 illas
579 602 769 646 aperitionis
795 602 860 635 oris
879 628 886 641 ,
915 601 1044 633 restitu-

304 655 400 688 tionis
421 656 452 688 in
474 656 648 698 intcgrui‘n,
671 655 798 687 aliudve
818 654 1042 697 quodcumque

304 708 397 747 iuris,
423 708 495 742 facti
522 709 572 741 vel
598 708 721 750 gratiae
741 707 920 740 remedium
939 707 1043 739 inten-

304 762 420 795 tentari
439 762 487 794 vel
514 762 693 805 impetrari,
712 772 765 794 seu
787 761 971 804 impetrato,
991 765 1044 792 aut

303 815 400 848 etiam
427 820 538 854 motu,
563 814 698 847 scientia
724 820 755 847 et
780 814 950 858 potestatis
977 814 1044 857 ple-

302 868 452 901 nitudine
479 868 611 911 paribus
637 878 792 901 concesso
809 868 858 900 vel
884 872 1042 905 eninnato,

302 921 488 965 quempian]
526 921 556 953 in
594 921 713 954 iudicio
744 932 799 953 seu
836 926 928 953 extra
964 920 1042 953 illud

302 974 347 1007 uti
374 985 430 1008 seu
458 985 492 1007 se
510 974 618 1007 iuvare
644 985 754 1017 possc·,
774 974 830 1006 scd
848 974 934 1017 ipsas
952 984 1044 1016 prae-

303 1033 410 1061 sentes
436 1027 560 1061 litteras
586 1038 716 1070 semper
739 1026 855 1066 sirmas,
874 1027 994 1059 validas
1013 1033 1045 1059 et

304 1081 451 1114 efficaces
476 1081 615 1114 existere
643 1086 674 1114 et
700 1081 785 1120 fore,
811 1091 951 1123 suosque
977 1081 1044 1123 ple-

303 1134 413 1166 narios
438 1139 468 1166 et
495 1134 638 1177 integros
665 1133 797 1166 efl'ectus
815 1133 923 1166 sortiri
939 1138 969 1165 et
988 1133 1046 1165 ob·

305 1187 431 1226 tinere,
459 1198 493 1220 ae
518 1187 557 1220 ab
584 1187 732 1220 omnibus
760 1192 791 1219 ct
824 1187 976 1229 singulis,
1005 1186 1066 1236 ad¹

304 1251 385 1283 quos
419 1246 541 1283 spectat
574 1246 604 1273 et
636 1250 694 1283 pro
728 1246 875 1283 tempore
902 1240 1046 1282 quando-

304 1303 443 1336 cumque
469 1293 655 1336 spectabit,
682 1292 916 1325 inviolabiliter
940 1292 1046 1325 obser·

304 1345 382 1387 vari,
411 1345 523 1389 sicque
554 1351 583 1378 et
608 1356 672 1379 non
699 1346 792 1378 aliter
810 1345 841 1378 in
860 1345 1045 1388 praemissis

304 1410 363 1443 per
394 1410 617 1443 quoscumque
643 1399 767 1432 iudices
798 1399 979 1432 ordinarios
1015 1404 1045 1431 et

304 1453 495 1495 delegatos,
523 1453 620 1486 etiam
647 1463 817 1486 causarum
838 1453 947 1496 palatii
974 1463 1046 1496 apo-

305 1506 413 1538 stolici
438 1506 615 1546 auditores,
632 1517 667 1539 ae
691 1506 722 1539 S.
743 1506 780 1538 R.
797 1506 832 1538 E.
852 1506 1045 1546 cardinales,

305 1558 402 1592 etiam
428 1559 468 1592 de
494 1560 595 1592 latere
621 1560 744 1602 legatos
771 1566 801 1592 ct
830 1559 921 1592 Sedis
953 1570 1046 1602 prae-

307 1612 412 1645 dictae
425 1612 631 1656 Apostolicae
646 1612 794 1653 nuncios,
810 1613 929 1646 aliosve
948 1624 1045 1656 quos-

305 1666 386 1699 libet
404 1677 608 1710 quacumque
627 1666 883 1710 praeeminentia
902 1672 934 1699 ct
958 1673 1046 1710 pote-

304 1723 385 1752 state
413 1719 584 1762 fungentes
612 1724 642 1751 et
658 1719 836 1759 functuros,
853 1720 980 1753 sublata
998 1719 1044 1752 eis

305 1777 336 1805 et
361 1782 473 1805 eorum
491 1772 624 1806 cuilibet
638 1772 748 1816 quavis
769 1773 863 1806 aliter
880 1772 1044 1805 iudicandi

305 1825 454 1858 facultate
476 1831 508 1859 et
530 1826 735 1865 auctoritate,
761 1825 896 1858 iudicari
919 1831 950 1859 et
972 1825 1046 1858 defi—

304 1877 367 1911 niri
383 1878 522 1918 debere3
542 1889 578 1911 ac
596 1878 722 1911 irritum
740 1885 771 1911 et
793 1879 889 1912 inane
908 1879 932 1911 si
952 1889 1045 1911 secus

304 1943 403 1976 super
423 1933 502 1965 liisa
520 1943 696 1976 quoquam,
716 1933 826 1976 quavis
844 1933 1045 1975 auctoritate,

303 1985 444 2018 scienter
471 1986 520 2019 vel
551 1985 767 2029 ignoranter,
801 1985 976 2029 contigerit
1001 1992 1047 2019 at·
1068 2010 1069 2015 ,

306 2039 436 2072 tentari.
455 2038 526 2072 Non
552 2039 757 2073 obstantibus
783 2039 980 2082 praemissis,
1000 2050 1046 2080 ac,

304 2097 461 2136 quatenus
480 2104 561 2137 opus
579 2093 630 2133 sit,
649 2095 759 2127 nostra
778 2099 809 2126 et
829 2093 1046 2126 Cancellariae

304 2146 503 2190 apostolicae
529 2147 640 2189 regula
665 2147 704 2179 de
723 2146 793 2179 iure
819 2146 963 2189 quaesito
982 2156 1046 2179 non

306 2199 473 2240 tollendo,
494 2199 630 2243 aliisque
659 2200 848 2243 apostolicis
869 2210 905 2232 ac
930 2199 1047 2232 inuni-

306 2253 487 2286 versalibus
522 2252 847 2297 provincialibusque
888 2258 919 2286 et
953 2263 1047 2297 syno-

306 2306 438 2340 dalibus
456 2306 605 2340 conciliis
631 2306 737 2347 editis,
762 2306 971 2349 generalibus
998 2307 1046 2340 vel

306 2359 521 2402 specialibus,
546 2359 833 2393 constitutionibus
855 2365 887 2393 et
916 2359 1047 2393 ordina-

307 2411 461 2453 tionibus,
479 2413 616 2457 aliisque
642 2413 814 2457 quibusvis,
842 2413 938 2447 etiam
964 2414 1046 2447 iura·

305 2470 442 2505 mento,
473 2466 720 2501 confirmatione
755 2467 936 2510 apostolica
955 2495 962 2507 ‚
996 2457 1044 2500 vel

306 2518 419 2562 quavis
443 2518 594 2553 firmitate
626 2520 688 2554 alia
719 2521 891 2562 roboratis,
917 2522 1046 2555 statutis

306 2578 339 2605 et
370 2573 663 2607 consuetudinibus
689 2574 786 2608 etiarn
808 2574 1046 2608 immemorabi-

306 2625 400 2670 libus,
415 2625 595 2670 privilegiis
609 2637 748 2671 quoque,
764 2627 898 2662 indultis
916 2634 947 2662 et
964 2628 1046 2663 litte·

1077 233 1110 257 141
1135 233 1182 256 pn.

1086 282 1128 314 ris
1150 282 1349 325 apostolicis,
1367 281 1534 325 quibusvis
1553 282 1714 324 personis,
1732 282 1828 315 etiam

1086 345 1288 378 quacumque
1320 334 1544 367 ecclesiastica
1580 335 1627 366 vel
1668 334 1828 367 mundana

1087 387 1243 430 dignitate
1270 388 1480 431 fulgentibus,
1502 393 1532 420 et
1550 388 1628 420 alias
1653 386 1830 430 quomodo-

1087 441 1166 474 libet
1191 440 1392 484 qualificatis,
1427 451 1462 473 ac
1488 440 1662 484 specialem
1698 449 1831 483 expres-

1087 494 1212 527 sionem
1237 494 1491 538 requirentibus,
1529 493 1588 526 sub
1622 493 1831 537 quibuscum-

1088 558 1150 590 que
1179 548 1349 580 νει-11011111]
1386 547 1553 580 tenoribus
1588 552 1619 579 et
1645 547 1767 586 formiS,
1795 556 1831 579 ac

1088 611 1159 632 euin
1179 601 1343 643 quibusvis
1362 601 1457 633 etiam
1478 599 1758 643 derogatoriarum
1777 599 1832 632 de-

1088 654 1273 695 rogatoriis,
1302 653 1439 697 aliisque
1459 653 1706 691 efficacioribus,
1727 650 1832 684 effica-

1088 706 1224 739 cissimis
1248 713 1279 739 et
1305 706 1443 740 insolitis
1479 706 1646 745 clausulis,
1674 705 1831 738 irritanti-

1087 759 1214 803 busque
1240 766 1273 792 et
1298 760 1368 793 aliis
1406 760 1571 800 decretis,
1600 761 1695 792 etiam
1723 765 1830 799 motu,

1088 813 1224 846 scientia
1258 819 1289 846 et
1315 813 1486 857 potestatis
1512 805 1717 856 plenitudine
1748 812 1832 855 pari-

1087 868 1156 907 bus,
1184 878 1219 900 ac
1245 866 1519 905 consistorialiter,
1540 872 1570 899 et
1594 866 1672 899 alias
1698 876 1832 909 quomo-

1065 939 1066 944 =
1088 921 1213 954 delibet
1231 921 1261 953 in
1281 920 1481 953 contrarium
1494 920 1748 962 praemissorum
1760 929 1832 951 eon-

1088 973 1186 1007 cessis
1207 978 1237 1006 et
1266 973 1537 1017 quantiscumque
1565 973 1686 1006 vicibus
1711 982 1830 1015 appro-

1088 1027 1190 1063 batis.
1221 1027 1419 1060 confirmatis
1443 1032 1474 1059 et
1505 1026 1683 1066 innovatis,
1713 1026 1830 1069 quibus

1089 1080 1240 1112 omnibus
1259 1086 1290 1113 et
1308 1080 1459 1121 singulis,
1480 1079 1604 1113 etiamsi
1624 1090 1682 1123 pro
1704 1079 1831 1112 illorum

1088 1132 1262 1166 sufficienti
1288 1133 1501 1176 derogatione
1520 1133 1558 1166 de
1574 1133 1637 1166 illis
1653 1142 1831 1175 eorumque

1089 1187 1163 1219 totis
1193 1186 1362 1219 tenoribus
1393 1186 1552 1229 specialis,
1580 1185 1737 1229 specifica,
1754 1185 1831 1218 indi-

1089 1241 1192 1280 vidua,
1212 1251 1246 1273 ac
1274 1240 1313 1272 de
1340 1239 1440 1272 verbo
1467 1240 1505 1272 ad
1528 1239 1672 1280 verbum,
1691 1250 1756 1272 non
1777 1249 1832 1271 au-

1091 1301 1152 1325 tem
1171 1304 1230 1336 per
1251 1293 1411 1326 clausulas
1426 1294 1596 1336 generales
1615 1292 1700 1326 idern
1715 1292 1831 1336 impor-

1088 1351 1206 1386 tantes,
1223 1345 1345 1378 mentio
1363 1355 1418 1378 seu
1437 1345 1569 1388 quaevis
1589 1345 1650 1377 alia
1664 1345 1830 1388 expressio

1090 1399 1250 1439 habenda,
1269 1404 1321 1431 ant
1341 1399 1448 1442 aliqua
1466 1398 1527 1431 alia
1546 1398 1706 1442 exquisita
1731 1399 1833 1431 forma

1088 1452 1127 1485 ad
1154 1452 1217 1485 hoc
1242 1452 1399 1485 servanda
1425 1451 1520 1491 foret,
1553 1456 1683 1484 tenores
1714 1451 1829 1484 liuius-

1089 1506 1188 1545 modi,
1216 1516 1251 1538 ac
1276 1505 1301 1538 si
1327 1505 1365 1538 de
1391 1505 1488 1538 verbo
1514 1504 1554 1537 ad
1580 1505 1722 1545 verbum,
1749 1505 1831 1538 nihil

1089 1559 1217 1602 penitus
1243 1559 1364 1592 omisso
1390 1565 1419 1591 ct
1445 1559 1549 1592 forma
1573 1559 1604 1591 in
1629 1559 1693 1592 illis
1715 1558 1833 1592 tradita

1088 1613 1271 1653 observata,
1299 1613 1562 1655 exprimerentur
1591 1618 1623 1645 ct
1648 1612 1833 1645 insereren-

1090 1670 1164 1706 tur,
1193 1666 1306 1698 iisdem
1332 1665 1559 1708 praesentibus
1584 1676 1642 1709 pro
1672 1667 1768 1708 plene
1802 1670 1832 1697 et

1088 1718 1458 1761 sufficienterexpressis
1473 1725 1503 1751 et
1519 1718 1648 1752 insertis
1660 1718 1832 1757 habentes,

1089 1773 1153 1806 illis
1168 1773 1247 1806 alias
1265 1773 1296 1805 111
1314 1784 1372 1806 suo
1391 1773 1507 1806 robore
1529 1773 1761 1816 permansuris,
1794 1772 1832 1805 ad

1089 1825 1344 1868 praemissorum
1378 1825 1528 1859 effectum
1550 1854 1557 1867 ,
1594 1827 1711 1859 harum
1747 1826 1831 1859 serie

1089 1879 1278 1923 specialiter
1303 1885 1335 1913 ct
1363 1890 1532 1924 expresse,
1553 1885 1653 1919 motu,
1681 1878 1830 1919 scientia,

1091 1932 1328 1965 deliberatione
1355 1939 1386 1965 et
1421 1932 1590 1976 potestatis
1626 1932 1832 1976 plenitudine

1090 1985 1231 2029 paribus,
1259 1985 1473 2029 derogamus,
1501 1996 1536 2018 ae
1561 1986 1751 2029 plenissime
1778 1986 1833 2019 de-

1090 2044 1234 2081 rogatum
1260 2049 1332 2073 esse
1359 2041 1527 2080 volunius;
1549 2040 1732 2083 ceterisque
1758 2050 1834 2073 con-

1091 2092 1199 2125 trariis
1226 2092 1501 2137 quibuscumque.

1133 2146 1147 2189 ἓ
1177 2146 1208 2179 5
1244 2145 1397 2179 volumus
1433 2152 1541 2179 autem
1578 2152 1610 2179 ut
1643 2147 2025 2208 earumdemsumffjffossjlmtran-

1089 2199 1309 2243 praesentium
1330 2200 1511 2234 litterarum
1531 2201 1757 2245 transumptis,
1775 2211 1831 2234 seu

1089 2254 1255 2297 exemplis
1282 2253 1379 2287 etiam
1405 2254 1584 2297 impressis,
1610 2265 1709 2287 manu
1735 2255 1832 2288 alicu·

1089 2306 1137 2339 ius
1161 2307 1280 2340 notarii
1306 2307 1427 2350 publici
1449 2307 1652 2351 subscriptis,
1671 2313 1703 2341 et
1721 2308 1830 2351 sigillo

1089 2370 1249 2404 personae
1274 2359 1305 2392 in
1333 2360 1558 2394 ecclesiastica
1576 2360 1735 2403 dignitate
1754 2371 1831 2395 con-

1089 2414 1221 2446 stitutae
1248 2413 1400 2453 munitis,
1428 2413 1540 2447 eadem
1578 2424 1713 2457 prorsus
1749 2414 1829 2447 fides

1089 2467 1210 2510 ubique
1248 2468 1391 2501 locorum
1431 2468 1552 2501 tamin
1585 2467 1704 2501 iudicio
1734 2477 1830 2511 quam

1090 2525 1178 2553 extra
1207 2521 1287 2554 illud
1314 2521 1495 2559 habeatur,
1536 2532 1620 2564 quae
1654 2521 1830 2554 haberetur

1089 2574 1167 2618 ipsis
1206 2575 1435 2618 praesentibus
1469 2575 1494 2608 si
1526 2576 1634 2609 forent
1664 2573 1828 2609 exhibitae

1090 2628 1139 2662 vel
1165 2633 1326 2661 ostensae.

1723 223 1782 256 541
1834 234 1882 260 An.
1904 232 1932 260 c.
1950 232 2017 260 ¹712
