2269 3203
261 240 310 267 An.
331 240 445 268 (3.1715
492 231 556 265 670

755 290 891 324 CCXVII.

451 358 632 392 Mandutur
657 360 844 392 onmimotla
868 360 1044 392 obs-erratio
1062 369 1192 401 respon-

496 423 606 444 sorum
631 412 792 445 edc'torum
817 413 853 444 in
877 413 975 444 mensu*v
995 412 1122 444 rituum
1142 411 1193 445 Si-

496 466 647 497 nensiwn
679 476 752 498 cum
786 465 931 507 somuuld
962 465 1142 497 iuramenti
1174 476 1193 497 α

496 519 716 550 missionarie's
739 517 952 560 praestandi,
980 517 1122 560 aliisque
1147 528 1193 550 or·

496 571 722 604 dimitionibus
746 570 766 603 ¹.

678 651 814 677 Clemens
830 651 910 684 Papa
924 651 973 684 XI,

596 696 632 722 ad
654 696 788 722 futuram
809 696 854 722 rei
875 696 1060 722 memoriam.

295 773 406 794 Exordium
430 780 442 794 a

293 806 296 811 .
326 807 329 809 η
498 766 539 798 Ex
566 766 619 799 itta
646 766 723 806 dic,
752 776 838 809 qua,
865 767 956 799 nullo
988 767 1062 800 licet
1099 767 1193 800 meri-

258 801 562 872 iiffljft'iii'iilffliltorum
594 824 780 852 nostrorum
807 818 983 861 suffragio,
1012 820 1191 853 catholicae

259 858 302 873 (Μ’
454 871 620 904 Ecclesiae
647 873 886 914 gubernacula,
914 872 976 904 hoc
1001 878 1047 904 est
1074 882 1190 904 munus

453 926 508 956 sua
538 924 751 967 amplitudine
782 924 1005 967 gravissimum
1042 935 1076 957 ac
1115 930 1191 957 tem-

452 988 567 1020 porum
594 977 765 1020 iniquitate
799 977 1088 1017 molestissimum,
1126 978 1190 1011 Deo

453 1030 499 1063 sic
524 1030 726 1073 disponente,
753 1031 971 1073 suscepimus,
990 1031 1074 1064 nihil
1095 1032 1189 1064 nohis

453 1093 581 1115 manum
617 1084 708 1116 clavo
743 1083 989 1116 admoventibus
1027 1084 1190 1127 antiquius

454 1136 519 1175 snit,
547 1147 641 1178 quam
668 1136 840 1168 acerrimas
870 1137 1095 1170 contentiones
1113 1137 1191 1170 iam-

452 1188 579 1231 pridem
606 1188 636 1220 in
664 1188 803 1230 imperio
828 1189 976 1221 Sinarum
1002 1189 1089 1222 inter
1114 1201 1191 1232 apo-

454 1241 583 1273 stolicos
622 1240 748 1273 illarum
786 1242 925 1284 partium
964 1242 1189 1275 missionarios

455 1299 606 1332 exortas,
634 1304 832 1336 semperque
859 1293 890 1326 in
916 1294 985 1326 dies
1010 1294 1111 1337 magis
1136 1295 1187 1327 in-

452 1346 651 1378 valescentes
668 1372 675 1385 ,
703 1351 764 1378 tam
792 1346 877 1379 circa
913 1347 1065 1389 quasdam
1099 1358 1191 1380 voces

452 1397 574 1430 Sinicas
599 1398 638 1430 ad
659 1403 803 1431 sanctum
829 1404 861 1431 et
879 1398 1043 1432 ineffabile
1061 1400 1116 1432 Dei
1135 1411 1192 1433 no-

452 1462 527 1484 men
541 1452 787 1494 exprimendum
804 1452 882 1484 inibi
898 1458 1078 1495 usurpatas,
1094 1464 1191 1496 quam

453 1504 536 1536 circa
570 1505 746 1537 nonnullos
786 1515 895 1536 carum
930 1505 1074 1547 gentium
1111 1505 1190 1537 ritus

452 1556 552 1589 veluti
587 1556 832 1600 superstitmsos
874 1568 890 1589 a
928 1557 1117 1600 quibusdam
1155 1569 1190 1590 ex

453 1609 669 1641 missionariis
702 1609 877 1652 praedictis
911 1609 1123 1652 reprobatOS,
1152 1611 1191 1643 ab

453 1661 536 1695 illis*z
555 1672 641 1702 vero,
659 1667 769 1705 utpote
796 1673 850 1695 eos
876 1662 983 1696 civiles
1003 1668 1125 1695 tantum
1144 1674 1193 1695 as-

454 1716 643 1756 serentibus,
669 1716 862 1758 ρει-11115505,
885 1716 1054 1759 apostolici
1078 1716 1191 1749 iudicii

455 1772 589 1801 censura
608 1775 792 1812 opportune
811 1769 974 1809 dirimere,
994 1775 1037 1809 ut,
1057 1769 1192 1802 sublatis

455 1822 595 1854 dissidiis
632 1822 829 1855 christianae
862 1822 1031 1865 religionis
1060 1823 1193 1855 catholi-

455 1885 574 1918 caeque
593 1874 665 1907 fidei
684 1875 954 1918 propagationem
974 1876 1191 1911 turbantibus,

455 1938 567 1960 omnes
594 1928 721 1960 tandem
749 1928 779 1960 id
805 1929 910 1971 ipsum
930 1928 1122 1961 dicerentin
1141 1939 1194 1962 eo-

456 1980 526 2013 dem
552 1991 646 2013 sensu
674 1985 705 2013 et
729 1980 760 2012 in
786 1981 899 2013 eadem
919 1981 1093 2021 sententia,
1114 1991 1194 2014 uno-

455 2043 516 2075 que
543 2043 598 2065 ore
625 2032 860 2075 glorificaretur
892 2033 976 2066 Deus
1009 2034 1047 2066 ab
1074 2033 1112 2065 iis
1139 2034 1193 2076 qui

455 2085 642 2119 sanctificati
669 2091 745 2118 sunt
770 2086 800 2118 in
826 2085 955 2118 Christo
980 2086 1064 2119 Iesu.

260 2144 445 2191 coiliffigsptasgt
499 2141 513 2182 ὲ
539 2139 570 2171 1.
598 2140 665 2172 lloc
691 2139 828 2172 consilio
857 2149 1014 2182 responsa
1033 2139 1097 2178 illa,
1112 2150 1193 2182 quae

261 2199 345 2223 quomis·
367 2192 494 2224 repon-ad
521 2192 622 2225 varias
655 2192 861 2234 quaestiones
898 2203 996 2234 super
1032 2192 1192 2225 eiusmodi

261 2230 290 2244 ὅθ’
454 2244 552 2277 rebus
577 2245 756 2284 excitatas,
783 2244 911 2288 praevio
938 2245 1089 2278 diuturno
1121 2256 1194 2277 exa-

489 2315 501 2341 1
524 2314 642 2342 Laudata
662 2323 790 2350 responsa
806 2315 847 2341 hie
864 2315 1030 2349 reseruntur,
1044 2323 1114 2350 quae
1130 2323 1194 2342 con-

454 2360 562 2385 firmata
581 2358 656 2385 suere
677 2362 763 2386 const.
785 2359 828 2386 ed.
850 2366 960 2393 Moccw,
975 2359 1018 2386 die
1033 2360 1194 2386 9911017911]-

454 2402 530 2434 bris,
551 2402 646 2437 pontis*
669 2410 704 2429 iv.
726 2403 907 2430 Observantia
926 2411 1019 2430 eorum
1041 2406 1066 2429 et
1093 2403 1193 2429 decreti

454 2447 633 2473 commissarii
661 2447 796 2481 generalis
826 2450 973 2482 praecepta
1002 2447 1052 2473 suit
1077 2447 1193 2482 quodam

455 2491 562 2517 decreto
582 2497 669 2517 moccx
682 2512 690 2524 ‚
711 2491 754 2517 die
774 2498 822 2516 xxv
842 2491 1007 2525 septembris
1020 2512 1026 2523 ,
1048 2491 1142 2525 pontis.
1164 2499 1192 2524 x;

456 2539 541 2562 const.
562 2534 602 2561 ed.
624 2541 721 2560 unccxi
736 2556 743 2568 ‚
766 2535 809 2561 die
839 2535 871 2561 15
900 2535 1006 2566 martii,
1029 2535 1124 2569 pontif.
1145 2542 1192 2569 xi,

454 2579 642 2605 confirmatum
664 2580 711 2605 fuit
731 2579 832 2605 dictum
853 2579 989 2605 decretum
1005 2579 1193 2606 commissarii.

491 2623 506 2648 Ξ).
526 2622 620 2650 Potius
639 2622 698 2657 lege
718 2623 787 2650 aliis
807 2623 845 2658 (R.
869 2624 917 2657 T.).

1043 241 1223 267 BULLARIUM
1249 240 1403 266 ROMANUM

1975 241 2028 268 An.
2048 241 2077 269 C.
2094 241 2161 270 1715

1238 289 1334 330 mine,
1362 291 1494 330 dudum,
1521 290 1671 323 videlicet
1695 295 1841 334 tempore
1868 289 1968 323 felicis

1236 342 1470 376 recordationis
1496 343 1674 376 Innocentii
1693 343 1796 387 Papae
1813 343 1866 376 xtt
1882 354 1970 386 prae-

1237 395 1416 428 decessoris
1440 396 1551 436 nostri,
1585 396 1757 437 inchoato,
1792 407 1828 429 ac
1853 397 1969 430 deinde

1237 448 1320 480 iussu
1348 454 1456 481 nostro
1475 459 1532 492 per
1552 450 1661 492 plures
1680 459 1780 482 annos
1802 449 1969 482 continua-

1237 505 1292 540 to,
1320 501 1501 545 auditisque
1527 501 1694 545 utriusque
1721 501 1819 545 partis
1844 502 1972 535 rationi-

1235 553 1317 592 bus,
1344 564 1471 587 necnon
1496 554 1709 598 complurinm
1745 555 1970 598 theologorum

1237 611 1268 638 et
1285 607 1538 649 qualificatorum
1561 607 1740 648 sententiis,
1759 617 1776 639 a
1791 606 1972 651 Congrega-

1237 659 1325 692 tione
1356 660 1589 693 venerabilium
1623 660 1755 693 fratrum
1787 666 1971 694 nostrorum

1236 716 1366 745 sanctae
1391 712 1555 746 Romanae
1579 713 1741 746 Ecclesiae
1759 713 1971 747 cardinalium

1236 765 1267 797 in
1293 768 1358 798 tota
1383 766 1550 809 republica
1575 767 1753 799 christiana
1772 767 1972 809 generalium

1235 818 1462 861 inquisitorum
1488 820 1642 852 adversus
1668 820 1866 853 haereticam
1899 831 1972 863 pra-

1234 871 1362 904 vitatem
1389 872 1579 905 auctoritate
1605 873 1782 915 apostolico
1800 873 1971 916 deputato-

1237 928 1342 956 torum
1369 924 1441 955 data
1468 925 1610 963 suerunt,
1638 935 1696 956 nos
1723 925 1773 957 die
1791 936 1828 957 xx
1847 935 1973 958 novem-

1235 975 1300 1008 bris
1327 985 1446 1009 uncciv
1467 977 1579 1009 eadem
1597 977 1785 1010 auctoritate
1804 977 1974 1011 confirma-

1235 1028 1338 1061 vimus
1365 1036 1396 1062 et
1420 1029 1683 1072 approbavimus.

1278 1082 1293 1124 g
1318 1081 1348 1114 ⁶2.
1376 1082 1417 1114 Ea
1443 1087 1557 1121 autem,
1585 1083 1715 1125 quaein
1735 1083 1898 1126 responsis
1916 1084 1972 1116 liu-
1994 1093 2103 1124 Responsa
2115 1093 2165 1114 daia

1235 1133 1372 1167 iusmodi
1397 1135 1527 1167 decreta
1553 1135 1689 1175 suerunt,
1717 1141 1791 1168 sunt
1815 1146 1896 1180 quae
1921 1120 2015 1169 se-¹¹¹u
2031 1120 2154 1141 ''derum‘'

1236 1193 1378 1232 quuntur
1395 1199 1401 1220 z

1274 1258 1344 1288 Cum
1357 1259 1432 1288 Deus
1449 1259 1576 1297 optimus
1590 1258 1733 1288 maximus
1749 1268 1877 1297 congrue
1896 1259 1972 1299 apud

1235 1308 1318 1338 Sinas
1341 1307 1489 1337 vocabulis
1507 1308 1661 1346 europaeis
1686 1308 1811 1347 exprimi
1835 1313 1970 1348 nequeat,

1235 1357 1270 1386 ad
1294 1357 1427 1386 eumdem
1450 1365 1550 1386 verum
1573 1356 1661 1385 Deum
1684 1356 1908 1394 significandum
1924 1366 1973 1386 vo-

1236 1405 1369 1435 cabulum
1398 1405 1462 1434 Tian
1483 1404 1552 1441 Cha,
1577 1405 1630 1434 hoc
1653 1409 1708 1443 est,
1731 1405 1803 1434 caeli
1824 1405 1971 1441 dominus,

1236 1454 1310 1493 quod
1333 1463 1347 1483 a
1372 1453 1544 1482 Sinensibus
1567 1453 1759 1483 missionariis
1786 1457 1814 1483 et
1837 1453 1991 1483 fidelibus-

1235 1502 1320 1540 longo
1340 1511 1370 1531 ac
1394 1501 1515 1541 probato
1538 1511 1591 1531 usu
1615 1506 1764 1540 receptum
1788 1510 1850 1531 esse
1872 1501 1974 1539 digno-

1235 1551 1338 1588 scitur,
1350 1549 1562 1580 admittendum
1580 1558 1657 1586 esse3
1675 1549 1793 1579 nomina
1810 1558 1878 1579 vero
1897 1549 1972 1587 Tien,

1235 1599 1358 1637 caetum,
1389 1602 1417 1627 et
1446 1598 1523 1636 Xang]
1559 1598 1600 1635 Ti,
1625 1606 1779 1636 supremus
1802 1597 1971 1637 imperator,

1236 1648 1352 1687 penitus
1374 1647 1543 1676 reiicienda.
1561 1646 1672 1676 Idcirco
1695 1646 1815 1676 tabellas
1841 1655 1907 1676 cum
1929 1646 1974 1676 in-

1235 1696 1394 1735 scriptione
1417 1695 1507 1725 sinica
1530 1695 1600 1734 Kiny
1626 1695 1714 1729 Tien,
1738 1695 1850 1725 caelum
1873 1695 1971 1729 colito,

1235 1746 1264 1775 in
1281 1744 1413 1775 ecclesiis
1429 1743 1656 1773 christianorum
1673 1743 1810 1782 appendi,
1829 1752 1891 1780 seu,
1915 1743 1971 1773 iam

1236 1793 1441 1832 appensas,.in
1457 1796 1604 1831 posterum
1627 1791 1701 1821 inibi
1717 1791 1839 1821 retineri
1855 1792 1974 1831 permit-

1236 1842 1355 1872 tendum
1375 1851 1432 1870 non
1455 1849 1530 1870 esse.

1276 1891 1318 1921 Ad
1351 1890 1421 1919 haec
1454 1889 1621 1918 nullatenus
1654 1888 1793 1928 nullaque
1824 1888 1860 1918 de
1887 1889 1972 1918 causa

1236 1938 1464 1979 permittendum
1501 1946 1564 1967 esse
1600 1936 1840 1967 christifidelibus
1854 1961 1861 1975 ‚
1897 1936 1973 1976 quod

1237 1988 1384 2027 praesint,
1408 1986 1575 2016 ministrent
1604 1990 1653 2015 aut
1680 1985 1816 2015 intersint
1839 1985 1975 2015 solemni-

1237 2036 1290 2066 bus
1312 2035 1463 2065 sacriticiis
1485 2044 1535 2064 seu
1558 2033 1767 2072 oblationibus,
1797 2043 1871 2073 quae
1893 2043 1907 2063 a
1931 2033 1974 2064 Si-

1237 2085 1387 2121 nensibus,
1396 2085 1425 2114 in
1437 2088 1559 2123 utroque
1568 2083 1752 2122 aequinoctio
1763 2083 1973 2122 cuiuscumque

1236 2135 1315 2171 anni,
1340 2133 1480 2163 Consucio
1502 2136 1529 2162 et
1559 2131 1794 2171 progenitoribus
1827 2131 1971 2161 defunctis

1237 2183 1299 2213 sieri
1322 2183 1427 2219 solent,
1443 2186 1589 2220 tamquam
1610 2180 1819 2219 superstitione
1841 2179 1971 2209 imbutis.

1236 2231 1377 2262 Similiter
1406 2240 1459 2260 nec
1488 2238 1550 2259 esse
1582 2228 1821 2268 permittendum,
1844 2228 1920 2267 quod
1942 2227 1972 2258 in

1237 2279 1357 2309 aedibus
1379 2278 1520 2313 Confucii,
1544 2286 1618 2316 quae
1644 2276 1737 2306 sinico
1761 2276 1877 2305 nomine
1899 2275 1973 2305 Miao

1237 2327 1433 2367 appellantur,
1462 2326 1549 2355 iidem
1582 2324 1786 2354 christifideles
1818 2328 1973 2354 exerceant

1238 2386 1270 2405 ac
1288 2379 1425 2414 peragant
1441 2373 1649 2409 caeremonias,
1667 2373 1740 2402 ritus
1756 2377 1783 2402 et
1800 2373 1972 2409 oblationes,

1237 2433 1311 2463 quae
1340 2424 1369 2453 in
1403 2424 1543 2453 honorem
1575 2422 1703 2452 eiusdem
1726 2422 1855 2452 Consucii
1877 2422 1971 2458 fiunt,

1239 2477 1297 2502 tum
1333 2472 1456 2509 singulis
1491 2471 1643 2501 mensibus
1686 2471 1716 2500 in
1759 2471 1909 2501 novilunio
1946 2475 1974 2501 et

1239 2520 1398 2560 plenilunio
1420 2530 1434 2549 a
1459 2519 1638 2549 mandarinis
1668 2529 1719 2549 seu
1742 2519 1889 2558 primariis
1911 2528 1972 2549 ma-

1238 2568 1409 2607 gistratibus
1425 2569 1547 2607 aliisque
1570 2567 1742 2597 officialibus
1766 2572 1793 2597 et
1815 2567 1970 2602 litteratis,

1239 2622 1299 2649 tuni
1321 2617 1356 2647 ab
1375 2617 1477 2648 iisdem
1493 2616 1680 2652 mandarinis,
1701 2625 1752 2647 seu
1770 2615 1973 2655 gubernatori-
