2269 3203
265 238 317 264 An.
336 237 363 265 c.
386 236 455 265 1705
501 227 565 262 23⁶2
1992 241 2042 267 An.
2059 241 2088 268 c,
2108 241 2179 269 1705

1043 239 1224 264 BULLARIUM
1249 239 1405 265 ROMANUM

263 305 297 346 Ἠ
314 299 449 346 φιῃοῦυειόὲζιςῑὲ
460 287 731 326 Congregationem
746 289 1201 328 PraemonstratensiumHispa-
1246 289 1341 322 nobis
1368 289 1508 324 subinde
1533 290 1718 333 expositum
1742 289 1811 330 fuit,
1837 289 1906 333 ipse
1931 288 1984 322 de-

264 337 540 381 execunomman-Diae,
563 347 599 366 ex
622 337 701 373 una,
723 341 752 367 et
784 340 1005 376 procuratorem
1029 340 1200 377 generalem
1245 348 1370 375 cretum
1395 342 1592 383 huiusmodi,
1623 353 1687 386 quo
1719 342 1844 376 firmius
1875 343 1984 376 subsi-

264 379 353 399 dun‘laffl
371 382 446 399 ΜΨ·
459 386 577 415 Ordinis
596 387 934 416 Praemonstratensium
956 388 1156 425 Galliae‚etc.,
1173 390 1202 416 et
1244 401 1305 428 stat
1340 402 1372 429 et
1411 401 1560 429 sel-vetur
1597 396 1749 436 exacffius,
1788 396 1983 439 apostolicae

264 406 364 425 tutionem
403 406 447 426 edi-

263 434 303 452 ΜΠ]
328 438 404 452 ffl'fflfl
421 433 614 464 ‘lenonnullos
649 438 747 474 patres
783 436 915 465 eiusdem
950 436 1200 474 Congregationis
1243 448 1499 482 confirmationis
1526 454 1659 482 nostrae
1684 448 1870 492 patrocinio
1896 460 1983 483 com„

263 459 378 478 mutatione
408 459 447 480 ha-

262 517 294 532 ΙἹΙ,

302 2420 435 2440 Confirmatio

249 2447 311 2467 relati
327 2447 415 2468 decreti.

261 485 316 505 b¹¹u⁵
328 488 348 506 et
363 487 446 507 treua-
456 484 628 524 Hispaniae,
640 486 772 524 partibus
794 496 830 515 ex
846 486 949 524 altere,
967 495 1052 515 sacra
1067 487 1199 524 Congre-

454 534 536 572 gatio
548 534 843 563 eminentissimorom
852 537 881 564 et
890 535 1198 564 reverendissimorum

453 583 483 612 S.
506 583 540 611 R.
564 584 597 612 E.
620 583 815 612 cardinalium
843 584 972 622 negotiis
999 586 1028 612 et
1050 584 1198 612 consulta-

454 632 583 660 tionibus
606 633 809 671 episcoporum
831 635 861 662 et
875 633 1058 670 regularium
1073 642 1197 670 praepo-

452 682 529 719 sita,
551 682 588 710 ad
609 691 698 719 quam
720 682 921 710 sanctissimus
944 681 1079 711 dominus
1097 684 1198 710 noster

453 740 555 768 preces
571 731 702 759 eiusdem
715 730 962 768 Oongregationis
973 730 1197 759 Praemonstra-

452 779 581 807 tensium
603 778 817 817 Hispaniarum
838 779 969 816 remisit,
991 780 1107 807 mature
1131 788 1196 816 per-

451 827 550 865 pensis
572 827 716 856 Brevibus
731 827 764 855 B.
781 827 827 855 Pii
839 827 875 864 V,
898 829 1019 855 sanctae
1037 827 1197 855 memoriae

453 875 590 912 Gregorii
602 875 690 911 XIII,
700 874 861 904 Clementis
868 875 944 903 VIII
954 877 982 904 et
989 875 1103 903 Urbani
1111 874 1196 909 VIII,

451 925 481 952 et
491 923 717 952 resolutionibus
727 923 818 961 ipsius
833 931 934 951 sacrae
946 922 1196 960 Congregationis

451 971 525 1001 alias
548 972 691 1001 emanatis
713 980 801 1009 super
823 971 927 999 eadem
949 970 1106 1008 praetensa
1131 980 1194 998 mu-

450 1021 563 1049 tatione
594 1021 731 1058 habitus,
753 1029 784 1048 re
807 1020 938 1049 discussa
969 1020 1000 1048 in
1025 1020 1089 1057 ipsa
1110 1019 1195 1048 sacra

452 1068 693 1106 Oongregatione
715 1068 818 1097 favore
830 1070 1012 1097 memoratae
1025 1067 1194 1105 Congrega-

449 1117 538 1145 tionis
549 1117 769 1154 Hispaniarum,
781 1125 897 1146 necnon
908 1116 1025 1145 statutis
1033 1116 1194 1154 primaevis

451 1165 571 1194 Ordinis
579 1166 882 1195 Praemonstratensis
895 1168 923 1194 et
935 1165 1194 1194 constitutionibus

449 1213 619 1251 praedictae
641 1214 890 1252 Congregationis
914 1213 1086 1252 Hispaniae,
1109 1213 1192 1253 habi-

448 1262 538 1299 taque
555 1263 723 1300 opportuna
736 1263 943 1291 informatione
955 1262 1059 1291 Brevis
1071 1264 1192 1290 sanctae

448 1311 608 1339 memoriae
648 1311 815 1340 Innocentii
848 1312 912 1339 XII
943 1311 981 1340 ad
1018 1311 1191 1340 instantiam

447 1359 657 1388 nonnullorum
687 1360 893 1398 religiosorum
924 1360 1076 1398 praefatae
1114 1360 1192 1389 Con-

447 1414 630 1452 gregationis
662 1413 874 1451 Hispaniarum
910 1412 1065 1450 expediti,
1102 1414 1191 1448 atque

448 1465 562 1492 attente
593 1464 778 1492 considerato
809 1464 897 1492 Brevi
919 1466 1001 1492 motu
1032 1462 1151 1501 proprio
1173 1470 1191 1490 a

448 1512 611 1541 Sanctitate
632 1512 690 1542 Sua
708 1513 754 1542 die
770 1523 821 1542 vm
836 1513 976 1542 februarii
996 1522 1107 1542 innocui
1122 1523 1190 1542 con-

448 1569 548 1598 cesso,
571 1561 764 1590 mutationem
786 1562 903 1591 habitus
939 1564 968 1590 et
1001 1562 1139 1590 breviarii
1159 1562 1190 1590 in

448 1610 551 1640 eadem
588 1611 828 1649 Congregatione
850 1612 1189 1641 Praemonstratensium

447 1659 659 1698 Hispaniarum
691 1661 799 1689 deferri
830 1664 858 1690 et
879 1661 997 1690 recitari
1028 1661 1189 1698 respective

447 1709 578 1737 consueti
600 1709 810 1746 demandante,
829 1709 961 1746 partibus
979 1709 1047 1738 hinc
1062 1709 1131 1737 inde
1145 1709 1189 1737 in-

447 1758 649 1795 formantibus,
668 1758 814 1787 referente
830 1759 1061 1787 eminentissimo
1078 1759 1106 1787 S.
1123 1758 1189 1787 Cle-

447 1807 572 1844 mentis,
595 1807 709 1835 censuit
730 1816 764 1836 ac
787 1807 937 1845 decrevit,
959 1807 983 1836 si
1005 1807 1100 1836 eidem
1123 1817 1186 1835 san-

447 1856 575 1885 ctissimo
597 1857 715 1885 domino
737 1859 836 1885 nostro
853 1857 1006 1894 placuerit,
1020 1857 1187 1895 praefatum

447 1907 553 1942 Breve,
565 1915 582 1934 a
595 1906 760 1935 Sanctitate
773 1906 848 1934 Sua¹
864 1906 916 1934 sub
930 1906 1010 1934 (licta
1022 1906 1069 1934 die
1082 1915 1132 1934 vm
1145 1905 1187 1934 fe—

446 1955 557 1983 bruarii
572 1964 683 1983 nocem
695 1963 874 1991 concessum,
887 1963 945 1983 non
961 1964 1025 1983 esse
1038 1963 1186 1991 exequen-

446 2002 525 2031 dum.
542 2004 653 2032 Romae
674 2013 738 2032 xxx
758 2003 885 2032 ianuarii
906 2012 1012 2032 MDCCV.
1028 2004 1067 2032 Et
1082 2003 1129 2032 die
1148 2013 1186 2031 v11

446 2051 585 2080 februarii
607 2052 677 2080 dicti
710 2053 781 2080 anni
802 2052 884 2080 facta
905 2061 992 2089 super
1018 2053 1187 2090 praemissis

445 2100 588 2129 relatione
610 2099 705 2129 eidem
726 2101 910 2130 sanctissimo
933 2101 1050 2130 domino
1069 2104 1186 2139 nostro,

445 2149 592 2178 Sanctitas
613 2149 673 2178 Sua
693 2150 864 2187 praedictae
890 2158 991 2179 sacrae
1014 2150 1185 2188 Congrega-

445 2197 533 2226 tionis
554 2198 730 2227 sententiam
753 2199 880 2236 benigne
902 2199 1084 2237 approbavit,
1102 2208 1187 2238 prae-

410 2272 415 2278 ,
445 2245 613 2283 dictumque
635 2247 730 2275 Breve
742 2248 910 2276 executioni
931 2257 991 2276 non
1012 2248 1185 2276 demandari

444 2295 537 2324 iussit.
556 2296 676 2332 Romae,
697 2298 751 2324 etc.
775 2314 809 2317 -—
827 2297 993 2326 Cardinalis
1008 2297 1183 2327 CARPINEUS.

444 2358 483 2365 —
501 2344 526 2372 Ι.
548 2344 582 2372 F.
600 2344 772 2373 Gmnannns
793 2354 865 2373 secr.

490 2414 504 2458 g
529 2413 561 2446 2.
588 2413 665 2446 Cum
690 2418 807 2454 autem,
833 2415 915 2448 sicut
938 2426 998 2460 pro
1020 2408 1115 2460 parte
1137 2417 1184 2450 di-

445 2468 522 2501 lecti
555 2467 613 2500 filii
643 2467 773 2500 Ioannis
800 2468 927 2502 Arevali
953 2470 1102 2503 canonici
1132 2482 1182 2504 re-

1243 502 1360 534 muniri
1378 503 1554 545 plurimum
1573 502 1755 535 desideret:
1780 511 1850 543 nos,
1874 502 1980 546 ipsum

1242 555 1395 588 loannem
1419 555 1619 599 specialibus
1638 554 1800 588 favoribus
1820 560 1851 587 et
1869 555 1981 597 gratiis

1242 602 1395 650 prosequi
1409 608 1568 648 volentes,
1587 613 1618 640 et
1634 618 1651 640 a
1669 606 1836 650 quibusvis
1853 617 1981 640 excom-

1241 659 1481 701 municationis,
1500 659 1728 704 suspensionis
1749 664 1782 692 et
1801 659 1979 700 interdicti,

1240 713 1380 756 aliisque
1393 711 1620 746 ecclesiasticis
1634 711 1817 752 sententiis,
1831 711 1980 745 censuris

1241 770 1273 798 et
1296 765 1420 809 poenis,
1447 776 1464 798 a
1481 765 1552 798 iure
1573 766 1623 798 vel
1645 766 1684 798 ab
1704 764 1850 805 homine,
1868 764 1979 808 quavis

1239 818 1412 851 occasione
1434 819 1484 851 vel
1501 820 1596 851 causa
1614 818 1697 858 latis,
1718 818 1744 850 si
1765 817 1883 861 quibus
1902 827 1979 861 quo-

1240 871 1417 904 modolibet
1435 871 1608 904 innodatus
1631 871 1746 911 existit,
1766 870 1806 903 ad
1828 869 1978 904 ellectum

1238 924 1460 967 praesentium
1497 924 1662 956 dumtaxat
1694 923 1974 967 consequendum,

1238 977 1355 1009 harum
1381 978 1466 1010 serie
1492 978 1700 1010 absolventes
1729 982 1760 1009 et
1791 977 1977 1009 absolutum

1237 1029 1306 1062 fore
1348 1034 1534 1070 censentes,
1572 1028 1870 1072 supplicationibus
1907 1028 1976 1061 eius

1237 1082 1370 1115 nomine
1395 1083 1491 1115 nobis
1514 1093 1614 1126 super
1635 1082 1698 1115 hoc
1715 1081 1884 1115 humiliter
1901 1091 1976 1125 por-

1236 1137 1334 1169 rectis
1360 1136 1520 1177 inclinati,
1541 1137 1706 1170 decretum
1728 1134 1974 1179 praeinsertum,

1236 1189 1430 1223 auctoritate
1455 1189 1642 1233 apostolica,
1674 1194 1790 1222 tenore
1822 1198 1976 1232 praesen-

1237 1242 1324 1284 tium,
1336 1242 1555 1286 approbamus
1565 1248 1596 1276 et
1610 1242 1846 1283 confirmamus,
1858 1242 1974 1285 illique

1234 1297 1429 1330 inviolabilis
1454 1296 1654 1339 apostolicae
1685 1294 1846 1328 firmitatis
1872 1295 1974 1329 robur

1234 1351 1418 1392 adiicimus3
1440 1353 1524 1385 salva
1548 1357 1656 1384 tamen
1674 1361 1805 1394 semper
1829 1350 1861 1384 in
1882 1361 1975 1394 prae-

1234 1404 1341 1438 missis
1367 1404 1562 1438 auctoritatc
1595 1409 1794 1438 memoratae
1830 1404 1973 1448 Congre-

1233 1458 1374 1501 gationis
1400 1459 1625 1493 cardinalium.

1277 1513 1291 1556 ξ
1315 1512 1347 1546 3.
1374 1513 1609 1554 Decernentes,
1632 1513 1763 1547 easdem
1781 1519 1972 1556 praesentes

1233 1565 1359 1599 litteras
1384 1577 1513 1610 semper
1537 1566 1657 1607 sirmas,
1684 1567 1807 1600 validas
1841 1573 1872 1600 et
1906 1567 1974 1601 essi-

1233 1629 1323 1652 caccs
1341 1620 1479 1653 existere
1495 1625 1527 1652 et
1547 1619 1626 1659 sore,
1642 1630 1786 1664 suosque
1804 1621 1972 1664 plenarios

1233 1678 1264 1704 et
1289 1672 1435 1715 integros
1462 1672 1594 1706 ell'ectus
1619 1673 1729 1707 sortiri
1755 1679 1786 1707 et
1810 1674 1970 1715 obtinere,

1233 1738 1269 1758 ac
1287 1726 1361 1765 illis,
1382 1726 1422 1758 ad
1445 1737 1526 1770 quos
1547 1732 1674 1770 spectat
1693 1732 1725 1760 et
1740 1737 1800 1770 pro
1824 1732 1971 1772 tempore

1232 1779 1405 1822 spectabit,
1422 1780 1455 1812 in
1480 1780 1631 1813 omnibus
1653 1785 1685 1813 et
1702 1791 1762 1824 per
1779 1781 1889 1814 omnia
1904 1782 1973 1825 ple-

1232 1832 1365 1866 nissime
1391 1832 1572 1876 suffragari,
1595 1838 1627 1866 et
1651 1834 1690 1866 ab
1716 1834 1762 1867 eis
1787 1835 1970 1877 respective

1231 1886 1467 1920 inviolabiliter
1493 1887 1673 1928 observari,
1695 1886 1807 1930 sicque
1826 1887 1858 1920 in
1879 1898 1970 1931 prae-

1230 1939 1337 1972 missis
1362 1950 1422 1984 per
1446 1950 1667 1983 quoscumque
1692 1939 1816 1973 iudices
1842 1940 1969 1974 ordina-

1231 1993 1297 2026 rios
1315 1999 1346 2026 et
1371 1993 1550 2036 delegatos
1568 1993 1665 2026 etiam
1682 2004 1854 2026 causarum
1879 1995 1969 2038 pala-

1232 2046 1266 2080 tii
1284 2045 1460 2089 apostolici
1486 2046 1659 2086 auditores,
1675 2046 1814 2079 iudicari
1841 2051 1873 2080 et
1890 2047 1969 2081 defi-

1230 2099 1294 2132 niri
1313 2100 1451 2140 debere;
1470 2110 1507 2133 ac
1525 2100 1654 2133 irritum
1672 2105 1703 2134 et
1716 2100 1812 2134 inane
1830 2100 1857 2133 si
1874 2111 1966 2134 secus

1230 2164 1331 2197 super
1345 2153 1396 2186 his
1409 2163 1426 2186 a
1441 2164 1616 2197 quoquam,
1631 2154 1743 2198 quavis
1762 2154 1967 2196 auctoritate,

1229 2206 1371 2239 scienter
1388 2207 1439 2239 vel
1453 2205 1656 2249 ignoranter,
1672 2207 1849 2249 contigerit
1864 2212 1969 2240 atten-

1230 2259 1300 2292 tari.
1334 2259 1403 2293 Non
1439 2260 1646 2293 obstantibus
1679 2259 1966 2294 constitutionibus

1229 2318 1260 2346 et
1285 2312 1546 2346 ordinationibus
1566 2312 1766 2356 apostolicis,
1784 2323 1831 2354 ac,
1854 2319 1967 2357 quate-

1227 2377 1288 2399 nus
1313 2376 1395 2410 opus
1417 2365 1469 2406 sit,
1490 2365 1760 2408 Congregationis
1781 2371 1813 2399 et
1836 2366 1966 2401 Ordinis

1227 2419 1424 2459 huiusmodi,
1449 2419 1547 2452 etiam
1569 2418 1764 2460 iuramento,
1795 2420 1965 2454 confirma-

1225 2474 1313 2506 tione
1331 2473 1523 2517 apostolica,
1537 2473 1587 2506 vel
1605 2472 1718 2516 quavis
1734 2472 1888 2507 firmitate
1902 2473 1966 2507 alia

446 2520 569 2565 gularis
595 2530 751 2564 expresse
784 2521 923 2564 professi
959 2533 995 2556 ac
1029 2534 1181 2567 procura·
1224 2525 1965 2571 roboratis,statutisetconsuetudinibus,pri-

446 2573 525 2609 toris
562 2573 667 2607 dictae
699 2573 965 2617 Congregationis
1004 2577 1180 2622 Hispaniae
1222 2580 1350 2624 vilegiis
1375 2590 1518 2625 quoque,
1538 2579 1675 2614 indultis
1697 2584 1729 2615 et
1747 2580 1865 2616 litteris
1885 2591 1963 2625 apo·

482 2638 492 2665 1
516 2636 616 2666 Vocem
631 2637 691 2666 Sua
710 2644 760 2666 nos
775 2635 902 2666 addimus
922 2638 962 2674 (n.
979 2638 1028 2675 r.).

1222 2631 1344 2671 stolicis
1385 2630 1420 2669 in
1462 2631 1667 2668 contrarium
1704 2631 1962 2677 praemissorum

2010 1524 2130 1547 Clausulas.

2260 854 2269 945 ----ᾳ
2267 834 2269 841 Δ

2261 950 2269 1009 κ.»-

2258 1049 2269 1192 ,μ--Α-κω
2263 1010 2269 1031 .-
