2269 3203
961 198 1059 222 tucax
1084 197 1191 222 RERUM
1736 189 1796 223 971

400 251 591 292 suffitiones,
617 251 680 285 ⁶209
697 263 715 285 α
730 256 757 284 et
776 251 810 289 ἰν,
831 261 893 294 quo
917 249 1115 283 interdicitur
1139 248 1286 282 omnibus
1304 249 1501 282 confessariis
1525 250 1562 282 de
1590 250 1671 282 lii-bc
1695 250 1849 283 absolutio

397 315 414 337 a
436 304 624 349 quibusdam
649 304 790 337 censuris
816 309 845 336 et
862 303 997 344 casibus,
1027 302 1091 336 4:30
1120 314 1140 336 α
1162 308 1189 335 ct
1219 303 1252 341 (¹3
1278 302 1420 341 decreta,
1443 302 1669 336 declarationes
1694 307 1724 336 et
1748 303 1852 346 provi-

398 358 502 391 siones
527 358 689 391 cuiusdam
716 356 978 399 Congregationis
1012 356 1210 399 particularis
1236 365 1333 398 super
1357 355 1510 398 sportulis
1535 365 1614 397 quae
1641 355 1852 387 tribunalibus

397 411 534 454 persolvi
559 410 695 450 debent,
721 408 784 443 sterit}
809 409 824 441 Ι)
850 415 878 442 et
899 421 975 453 seq.‚·
1007 409 1079 441 item
1106 409 1268 442 decretum
1302 407 1460 451 quoddam
1486 406 1748 449 (Iongi·‹.³gationis
1781 419 1853 451 par-

399 463 540 496 ticularis
564 463 602 496 de
625 463 787 497 abolendis
814 462 987 506 privilegiis
1012 474 1029 495 a
1054 462 1197 506 capitulis
1222 461 1424 504 generalibus
1449 461 1604 494 Minorum
1623 460 1660 493 de
1678 461 1854 494 Observan-

400 517 442 550 tia
464 518 707 551 reformatorum
734 516 906 550 lectoribus
931 517 1101 557 concessis,
1126 516 1190 549 847
1216 516 1232 547 h
1257 521 1287 548 et
1311 526 1376 558 seq.

312 571 441 604 Decreta
466 572 725 615 Congregationis
752 571 888 604 [lituum.
906 590 949 594 —-
966 570 1158 609 Decretum,
1183 578 1245 612 qno
1276 569 1309 600 lit
1334 567 1463 601 facultas
1496 567 1635 600 eremitis
1658 566 1856 600 Discalceatis

399 625 429 658 S.
448 625 611 667 Augustini
633 624 814 668 provinciae
834 623 984 657 Franciae
1001 622 1134 656 canendi
1156 622 1251 655 boras
1269 620 1436 654 canonicas
1453 625 1546 654 cautu
1564 620 1770 663 Gregoriano,
1788 619 1807 652 9
1823 621 1856 659 b;

402 678 440 711 de
464 677 568 711 officio
593 679 622 711 S.
650 678 763 710 l’aulac
788 677 846 710 sulti
879 677 940 709 ritu
973 675 1129 708 secundae
1161 674 1269 706 elassis
1303 684 1360 716 pro
1398 677 1461 707 toto
1487 673 1602 706 Ordine
1628 673 1858 706 monachorum

401 731 432 764 S.
462 731 658 775 Hieronymi,
678 731 719 763 lt).
737 731 773 771 [13
795 731 833 763 de
851 730 954 764 officio
979 734 1010 762 et
1036 728 1131 761 missa
1155 727 1193 760 de
1219 728 1250 759 tt.
1276 727 1452 769 Augustino
1478 726 1618 759 Dalmata
1644 737 1702 769 pro
1727 725 1857 769 quibus-

399 785 471 818 dam
497 785 695 818 dioecesibus
721 794 842 817 necnon
872 783 988 817 Ordine
1014 781 1282 820 Praedicatorum,
1307 780 1350 813 M
1378 780 1415 819 (²3
1441 779 1478 812 de
1504 780 1716 813 celebratione
1743 779 1857 812 missae

405 839 436 872 B.
462 839 498 872 M.
524 839 557 871 V.
584 838 716 881 singulis
738 838 808 870 anni
835 836 971 870 sabbatis
996 846 1055 880 pro
1086 834 1259 868 Minoribus
1285 833 1323 866 de
1355 833 1559 866 Observatum
1592 832 1858 866 Discalceatorum

405 891 587 936 provinciae
612 892 768 930 Baeticae,
798 891 856 924 1⁴)ss
878 892 915 929 h;
942 890 1014 924 ilem
1041 899 1098 932 pro
1124 887 1273 920 fratribus
1298 887 1470 920 Minoribus
1500 887 1700 920 Discalceatis
1732 887 1859 931 provin-

402 945 468 978 ciae
486 945 761 985 Mexicanaeatum‚
782 944 846 977 0230
867 955 908 983 αξ.
933 944 971 976 de
988 943 1074 976 cultu
1100 941 1342 975 immemorabili
1369 946 1397 974 et
1416 951 1489 974 casu
1516 946 1647 984 excepto
1675 951 1734 984 pro
1759 940 1859 973 beatis

404 997 552 1030 Tlieresia
578 1003 607 1030 et
631 997 742 1030 Sancia
764 996 847 1039 regis
872 996 1082 1039 portugalliae
1107 995 1252 1037 filiabus,
1278 994 1343 1027 *Mt
1368 1005 1386 1027 ιι
1411 1000 1441 1027 et
1465 994 1502 1033 b;
1528 994 1601 1027 item
1627 993 1666 1026 de
1691 994 1776 1027 cultu
1802 994 1860 1027 im-

405 1050 603 1084 memorabili
639 1051 748 1083 beatae
785 1050 897 1082 Luciae
931 1049 969 1082 de
1006 1049 1122 1082 Narnia
1147 1048 1275 1081 moniali
1301 1047 1329 1081 S.
1356 1046 1510 1080 Dominici
1535 1047 1690 1087 exhibito,
1723 1046 1787 1080 383
1820 1058 1856 1086 α;

405 1105 531 1138 decreta
566 1104 717 1137 tredecim
750 1103 1010 1146 Congregalionis
1034 1103 1235 1146 praedictae,
1260 1102 1376 1146 quibus
1402 1101 1564 1134 monachis
1599 1101 1858 1135 Cisterciensibus

403 1157 665 1200 Congregationis
701 1157 891 1190 reformatae
927 1155 1113 1190 conceditur
1149 1156 1280 1188 facultas
1317 1155 1469 1189 recitandi
1506 1155 1608 1188 officia
1644 1154 1857 1198 complurium

406 1211 593 1244 Sanctorum
622 1211 810 1254 quibusdam
837 1210 948 1243 ritibus
974 1215 1004 1242 et
1028 1209 1144 1248 modis,
1169 1208 1233 1242 392
1258 1209 1275 1241 b
1299 1212 1329 1242 et
1352 1219 1416 1252 seq.
1434 1220 1445 1247 ,·
1476 1208 1602 1241 decreta
1627 1207 1689 1241 duo
1718 1207 1860 1240 eiusdem

408 1264 668 1307 Congregationis
685 1274 781 1307 super
806 1263 892 1296 cultu
917 1262 1160 1296 immemorabili
1186 1262 1267 1294 servi
1287 1261 1340 1295 Dei
1366 1261 1502 1294 Liberali
1527 1261 1565 1294 de
1584 1262 1685 1294 Lauro
1706 1261 1861 1294 Minoi-um

408 1317 445 1349 de
471 1317 696 1356 obser-vanua,
722 1317 786 1350 5435
810 1317 826 1347 h
851 1322 880 1349 el.
904 1328 988 1359 seqq
1013 1316 1175 1349 decretum
1201 1315 1286 1348 aliud
1319 1315 1458 1348 eiusdem
1484 1315 1522 1347 de
1547 1315 1632 1347 cultu
1659 1314 1860 1348 immemora-

404 1370 469 1410 bili,
491 1375 520 1402 et
546 1381 620 1402 casu
646 1375 777 1413 excepto
808 1381 865 1413 pro
899 1370 928 1402 D.
956 1369 1111 1411 (negorio
1143 1369 1183 1408 X,
1209 1368 1273 1401 575
1297 1380 1316 1401 ιι
1342 1374 1371 1401 ct
1395 1379 1471 1412 seq.,'
1498 1368 1661 1401 decretum
1693 1378 1788 1411 super
1813 1378 1862 1401 re-

404 1424 552 1457 citatione
576 1423 753 1456 ossiciorum
780 1423 966 1456 Sanctorum
992 1423 1197 1466 propriorum
1223 1422 1308 1454 iuxta
1343 1422 1438 1455 ritum
1464 1421 1614 1454 Breviarii
1645 1421 1776 1454 Romani
1802 1431 1860 1464 pro

405 1477 564 1510 canonicis
589 1476 953 1509 Praemons[ratensibus
986 1475 1250 1518 Congregationis
1276 1474 1460 1518 Hispaniae,
1486 1474 1551 1508 955
1575 1475 1592 1506 b
1616 1480 1646 1507 et
1669 1485 1743 1517 seq.;
1777 1474 1861 1506 aliud

406 1530 546 1563 eiusdem
571 1530 608 1563 de
634 1530 719 1562 cultu
746 1529 989 1562 immemorabili
1016 1529 1049 1562 B.
1067 1528 1208 1569 Andreae
1228 1528 1266 1561 de
1298 1527 1471 1561 Comitibus
1500 1527 1717 1566 confirmatur,
1742 1526 1806 1559 957
1833 1527 1859 1559 b.

317 1583 445 1616 Decreta
469 1583 621 1616 Ordinum
649 1583 861 1626 regularium,
888 1582 955 1614 mile
979 1581 1112 1615 Ordines
1135 1581 1193 1615 sub
1219 1581 1357 1624 propriis
1382 1591 1493 1614 eorum
1521 1581 1628 1613 titulis.

319 1637 447 1670 Decreta
472 1637 501 1669 S.
530 1637 563 1668 R.
596 1636 628 1668 E.
648 1635 863 1669 cardinalium.
892 1654 935 1657 ᾔ
966 1635 1131 1668 Decretum
1161 1634 1329 1668 cardinalis
1354 1634 1391 1667 de
1422 1635 1572 1667 Tournon
1597 1635 1807 1668 commissarii
1832 1641 1862 1667 et

408 1689 575 1723 visitatoris
608 1689 764 1730 generalis
798 1688 828 1720 in
859 1688 1003 1721 Sinarum
1037 1688 1169 1732 aliisque
1201 1687 1359 1720 indiarum
1392 1687 1599 1721 Orientalium
1633 1688 1739 1730 regnis
1767 1698 1862 1732 super

407 1743 556 1776 exercitio
583 1743 768 1776 missionum
801 1748 829 1774 et
854 1741 1069 1785 acceptatione
1093 1742 1388 1785 praefecturarum,
1413 1742 1520 1784 legere
1545 1747 1591 1774 est
1616 1733 1861 1782 confirmatum,

406 1796 471 1829 420
495 1808 513 1829 α
539 1802 568 1829 et
592 1807 671 1840 seq.;
698 1796 779 1829 idem
800 1796 837 1828 ad
863 1795 1025 1838 sequentia
1051 1800 1194 1838 tempora
1219 1794 1406 1835 extenditur,
1424 1794 1483 1827 421
1506 1795 1522 1827 b
1545 1800 1574 1827 et
1597 1806 1672 1838 seqs,
1699 1795 1861 1828 decretum

407 1850 563 1882 eamerale
587 1849 756 1882 cardinalis
775 1849 804 1882 S.
824 1849 859 1882 R.
880 1849 912 1881 E.
938 1847 1104 1881 camerarii
1130 1858 1188 1891 pro
1214 1848 1376 1891 inquilinis
1400 1853 1546 1892 tempore
1570 1849 1641 1881 anni
1666 1849 1765 1882 sancti
1789 1860 1860 1882 curn

407 1903 474 1936 eius
503 1902 705 1946 ampliatione
733 1903 865 1934 relatum
891 1901 1057 1934 confirmat
1082 1901 1282 1935 lnnocentius
1303 1901 1389 1941 xlii,
1415 1900 1478 1933 9⁹28
1497 1912 1517 1933 ιι
1542 1907 1571 1934 et
1595 1913 1659 1945 seq.

318 1955 484 1988 Dioecesis.
509 1974 551 1978 —
572 1955 744 1988 Dioeccsim
773 1955 1047 1999 Uli-ssiponensem
1075 1955 1105 1987 iu
1130 1960 1252 1997 partem
1278 1954 1465 1987 orientalem
1498 1965 1555 1999 pro
1580 1956 1711 1999 antiquo
1735 1955 1859 1989 archie-

407 2009 537 2052 piscopo
562 2009 705 2042 orientali
732 2009 943 2052 nuncupando
964 2014 993 2041 et
1018 2009 1048 2040 in
1075 2014 1196 2052 partem
1223 2007 1448 2042 occidentalem
1474 2019 1532 2052 pro
1557 2009 1656 2043 altero
1682 2019 1763 2042 novo
1781 2011 1860 2042 occi-

408 2062 524 2094 dentali
549 2062 653 2094 divisit
677 2062 820 2094 Clemens
846 2062 896 2103 xl,
924 2062 988 2094 724
1013 2062 1030 2094 b
1056 2068 1085 2094 et
1108 2073 1169 2105 seq.

320 2115 488 2159 Disciplina
506 2116 726 2148 ecclesiastica.
748 2135 789 2139 —
807 2116 866 2148 Pro
884 2115 1052 2159 disciplina
1078 2115 1288 2149 ecclesiastica
1313 2116 1344 2148 in
1369 2115 1475 2158 regnis
1500 2115 1723 2160 Hispaniarum
1743 2121 1862 2150 restam

410 2168 506 2200 randa
532 2168 658 2201 decreta
683 2169 837 2211 quaedam
863 2168 958 2201 edidit
985 2169 1182 2202 Innocentius
1207 2168 1283 2209 Xlll,
1308 2168 1366 2201 931
1396 2180 1417 2202 α
1440 2173 1469 2203 et
1492 2180 1554 2212 seq.

320 2220 485 2254 Doctrinae
509 2221 703 2255 Christianae
728 2222 947 2265 CongregatiQ
971 2223 1042 2255 ride
1067 2221 1278 2265 Congregatio
1304 2223 1470 2255 Doctrinae
1495 2222 1698 2256 Christianae.

319 2273 437 2307 Domus
461 2275 520 2317 (S.)
544 2275 727 2308 Laurelana.
749 2295 787 2299 —
812 2275 943 2307 Domum
970 2276 1029 2318 (S.)
1056 2275 1260 2307 Lauretanam
1283 2275 1480 2308 visitantibus
1502 2275 1696 2318 indulgentia
1722 2276 1863 2319 plenaria

409 2335 562 2372 perpetua
587 2339 644 2372 per
666 2329 793 2361 modum
815 2328 957 2371 suffragii
982 2339 1039 2372 pro
1060 2329 1215 2361 defunctis
1233 2329 1428 2371 conceditur,
1446 2329 1488 2362 40
1509 2330 1541 2368 b;
1566 2329 1770 2363 celebrationi
1793 2329 1863 2361 mis-

410 2392 515 2414 sarum
541 2392 603 2415 non
627 2382 729 2414 adbuc
754 2382 985 2414 celebratarum
1011 2388 1040 2414 et
1065 2382 1197 2415 aliarum
1224 2383 1254 2414 in
1279 2389 1440 2426 posterum
1463 2383 1724 2417 celebrandarum
1745 2383 1777 2415 in
1795 2383 1863 2415 eius

410 2435 529 2478 capella
553 2441 582 2468 et
605 2436 738 2469 ecclesia
764 2435 956 2477 consulitur,
982 2435 1019 2467 41
1049 2446 1067 2468 α
1095 2441 1124 2468 et
1147 2446 1207 2481 seq.
