2269 3203
258 243 309 269 Αη.
326 241 354 266 r..
379 240 445 267 1702
489 232 532 265 ’.Ὠ

352 890 399 910 loro
414 892 443 909 at-

262 923 302 943 que
316 917 444 942 prm-stantia

262 944 392 964 uilici-ilium.

293 2058 322 2079 De
338 2058 382 2079 iure
400 2063 449 2084 pro-

265 2085 330 2105 banni
352 2086 377 2105 att
401 2091 449 2110 gra-

266 2112 305 2131 dus
320 2114 377 2132 extra
390 2118 449 2137 capi-

267 2138 340 2158 tulum.

453 290 490 320 sit
512 293 656 329 quatenus
678 298 712 320 ex
735 290 860 329 utraque
887 293 967 329 parte
991 292 1125 328 suppetat
1148 287 1193 316 vir

455 337 571 376 habilis,
589 342 617 368 et
639 342 781 378 quantum
801 338 836 368 ad
853 338 1007 377 Hispanos,
1031 336 1107 376 quod
1128 344 1192 375 pos-

453 388 511 418 sint
533 397 546 417 a
571 388 710 426 magistro
732 387 861 427 generali
884 386 1031 416 habilitari
1062 385 1096 415 de
1124 394 1193 415 con-

453 445 539 466 sensu
573 437 787 476 provinciarum
820 437 854 465 ad
887 444 988 465 omnes
1018 435 1142 464 honores
1164 437 1192 462 et

453 485 609 523 dignitates
632 486 722 515 illius.
746 485 890 515 Privative
922 484 1000 513 enim
1033 484 1136 512 attinet
1158 481 1192 510 ad

454 534 626 572 magistrum
654 534 819 571 generalem
844 532 935 567 filios,
959 532 1031 561 alias
1063 530 1193 568 legitime

454 582 613 621 adoptatos,
637 582 791 611 habilitare
813 581 847 610 ad
871 581 996 610 honores
1017 583 1045 608 et
1066 578 1192 616 dignita-

454 635 506 667 teS‚
530 630 686 660 accedente
718 638 861 660 consensu
893 628 1052 658 definitorii
1075 626 1193 665 provin-

453 679 526 717 ciae,
544 680 573 709 in
592 689 646 719 qua
663 679 717 709 suit
739 679 855 718 adoptio
872 688 898 707 ».
915 677 962 707 Sic
977 676 1104 714 corriget
1126 675 1193 705 ado-

454 728 582 767 ptionem
616 737 667 767 per
698 726 931 767 quinquennium
964 724 1133 764 requisitam
1161 724 1192 754 in

455 777 605 816 provincia
637 776 734 806 Italiae
766 776 795 805 in
818 775 872 805 hoc
895 775 1000 814 capite,
1024 782 1106 803 num.
1130 781 1190 803 v111.

455 826 595 865 Sequitur
617 835 698 856 num.
723 834 749 854 x1
772 824 811 854 De
831 824 963 858 omnibus,
987 827 1037 853 etc.

495 874 579 904 XVII.
603 874 708 904 Eadem
731 874 890 912 dist.,cap.
911 881 971 908 xix,
995 882 1024 902 n.
1049 880 1077 909 v,
1094 871 1194 902 decre-

457 923 495 952 vit
513 932 593 953 sacra
611 922 800 961 Congregatio
823 922 909 950 locum
925 921 1113 960 definitoribus
1130 930 1193 959 pro-

454 972 573 1001 vinciae.
598 990 632 994 —
656 971 749 1009 Unde,
764 971 858 1000 deleto
881 979 962 1000 num.
980 978 1007 1008 v,
1028 969 1105 999 dicet
1129 969 1192 999 sic:

459 1030 472 1047 t<
488 1020 567 1049 Circa
585 1020 695 1059 reliqua
708 1019 815 1057 officia,
833 1028 906 1058 quae
925 1018 1048 1048 diversis
1063 1019 1194 1057 personis

455 1068 602 1106 accidunt,
635 1069 677 1097 sic
709 1077 741 1098 ea
773 1067 987 1097 distribuimus.
1023 1067 1195 1096 Detinitores

454 1118 604 1155 generales
634 1126 669 1147 ex
701 1126 753 1146 suo
784 1126 891 1155 genere
921 1120 990 1146 sunt
1018 1116 1195 1146 electoribus

456 1166 580 1204 priores,
604 1170 631 1195 et
654 1166 772 1204 utrique
794 1165 998 1195 definitoribus
1016 1165 1194 1204 provinciae⁷

454 1214 504 1253 qui
526 1223 641 1253 semper
662 1214 721 1243 sint
749 1214 917 1243 immediate
949 1218 1012 1253 post
1041 1214 1197 1252 magistros

455 1269 584 1302 tempore
606 1263 831 1293 definitoriatus.
856 1262 927 1293 Cum
949 1267 1046 1292 autem
1069 1262 1140 1292 haec
1156 1263 1198 1292 of—

455 1312 519 1342 ficia
540 1312 570 1342 in
587 1312 718 1351 personis
740 1312 901 1351 superioris
919 1311 1070 1350 dignitatis
1093 1312 1196 1342 extite-

455 1360 525 1399 rint,
549 1365 580 1390 ut
607 1360 635 1390 in
660 1360 811 1400 patribus¹
835 1360 1002 1400 provinciae
1025 1363 1053 1390 et
1075 1359 1197 1399 reliquis

456 1409 490 1439 ad
513 1410 590 1440 hunc
612 1409 745 1440 ordinem
773 1409 1008 1450 pertinentibus,
1042 1419 1099 1439 non
1132 1418 1198 1449 pro-

456 1462 555 1498 pterea
587 1459 681 1489 locum
714 1459 792 1489 inter
813 1468 844 1489 se
866 1463 979 1489 mutare
1006 1458 1124 1495 debent,
1148 1458 1197 1488 sed

455 1516 571 1547 semper
593 1517 708 1538 servare
730 1507 786 1538 sibi
809 1507 939 1538 debitum
970 1517 1004 1538 ex
1033 1507 1199 1548 provincia-

456 1557 516 1587 latu
554 1561 603 1587 aut
639 1557 696 1587 alio
728 1566 850 1587 munere
883 1561 1013 1597 peracto.
1042 1557 1118 1586 Infra
1149 1565 1198 1586 eos

456 1611 564 1645 autem,
588 1607 611 1636 si
636 1607 773 1645 magister
796 1607 884 1636 fuerit
909 1607 1057 1645 delinitor,
1075 1607 1113 1636 sit
1139 1606 1199 1645 pri-

457 1664 522 1684 mus
545 1655 622 1686 inter
645 1656 812 1693 magistros.
835 1655 916 1690 Quod
940 1655 964 1685 si
987 1655 1084 1684 socius
1107 1654 1199 1692 magi-

456 1704 509 1733 stri
531 1704 623 1733 sactus
647 1705 684 1733 sit
706 1704 842 1734 definitor
863 1703 982 1734 Ordinis
1010 1707 1060 1733 aut
1082 1703 1199 1743 provin-

457 1752 531 1790 ciae,
555 1756 604 1782 aut
625 1752 734 1782 elector
755 1752 919 1791 generalis,
943 1762 977 1782 ex
1000 1752 1054 1782 hoc
1076 1752 1139 1791 ipso
1161 1752 1202 1781 sit

456 1801 567 1831 altero²
589 1802 667 1831 socio
691 1802 786 1840 prior,
803 1806 832 1831 et
849 1801 873 1831 si
889 1801 946 1831 duo
962 1801 1039 1831 intra
1063 1801 1197 1831 eumdem

457 1851 591 1880 ordinem
611 1851 641 1882 in
664 1851 835 1881 definitione
859 1854 909 1880 aut
931 1851 1073 1880 electIone
1091 1844 1199 1880 suerint

458 1908 552 1938 pares,
582 1903 648 1929 tunc
670 1899 825 1938 praecedat
847 1899 897 1939 qui
919 1899 1044 1929 alterum
1067 1899 1197 1938 alioquin

457 1948 519 1977 sine
534 1947 620 1977 dictis
635 1948 738 1978 osticiis
749 1948 874 1978 anteiret
888 1959 915 1977 ».
929 1947 1157 1987 Sequiturnum.
1172 1956 1198 1977 vi

458 1995 497 2025 De
518 1998 587 2026 socio
609 2001 708 2035 autem,
731 2002 780 2027 ete.

497 2045 595 2075 XVlll.
618 2047 752 2077 Distinet.
776 2056 814 2084 vr,
840 2056 903 2087 cap.
928 2056 966 2076 v1.
984 2064 1013 2067 —
1041 2047 1199 2076 Deleantur

459 2095 573 2125 numeri
596 2104 643 2126 vin
666 2100 693 2125 et
716 2105 754 2133 ix,
779 2100 805 2125 et
828 2105 928 2126 eornm
953 2097 1015 2126 loco
1038 2096 1110 2125 diret
1136 2096 1196 2125 sic:

463 2153 476 2171 «
493 2143 562 2174 Cum
585 2144 655 2173 haec
679 2145 874 2183 praesentatio
888 2145 950 2174 lieri
964 2154 1080 2184 semper
1096 2144 1198 2174 debeat

459 2193 488 2221 in
503 2194 635 2222 vacante³
651 2193 845 2223 determinata
857 2203 908 2233 per
923 2194 1121 2223 delinitorium
1135 2203 1201 2233 pro-

460 2241 584 2271 vinciale
606 2241 681 2270 intra
704 2242 862 2281 capitulum
885 2243 1065 2281 provinciale
1081 2252 1200 2281 congre-

459 2295 570 2327 gatum,
593 2290 628 2319 ad
650 2291 725 2330 quod
746 2291 887 2329 privative
902 2292 1008 2322 attinet
1023 2291 1198 2330 approbare,

458 2343 647 2377 praesentare
669 2349 719 2368 seu
741 2349 899 2379 exponere,
915 2345 943 2370 et
965 2350 1001 2370 ex
1024 2341 1078 2370 hoc
1101 2350 1200 2371 neces—

459 2387 534 2416 sario
549 2392 699 2426 sequatur,
710 2398 793 2427 posse
809 2390 927 2427 gradus,
941 2395 1022 2419 extra
1039 2390 1199 2429 capitulum

459 2440 604 2473 vacantes,
629 2446 720 2475 usque
743 2437 776 2467 ad
799 2438 888 2468 alium
912 2439 1044 2478 proxime
1070 2439 1198 2469 l'uturum

496 2502 505 2527 1
529 2500 596 2528 Male
617 2502 684 2528 edit.
705 2502 784 2530 Main.
805 2503 870 2537 legit
886 2505 1021 2538 partibus
1040 2505 1082 2538 (n.
1098 2504 1148 2537 T.).

494 2546 510 2571 2
530 2545 596 2572 Male
616 2547 682 2573 edit.
703 2548 788 2574 Main.
809 2548 873 2583 legit
888 2550 963 2577 alter
982 2550 1020 2585 (n.
1043 2549 1090 2585 in).

494 2591 511 2617 3
530 2590 569 2617 Ex
588 2591 646 2618 loco
667 2592 794 2627 parallelo
820 2593 879 2629 lege
907 2595 1053 2623 vacatione
1077 2602 1126 2630 pro
1147 2601 1198 2621 va-

459 2637 542 2665 cante
563 2635 599 2671 (a.
620 2635 669 2670 Τ.).

1037 238 1216 264 anLAntUM
1241 238 1258 262 Π
1265 237 1395 261 ΟΜΛΝΙΥΜ

1986 235 2077 264 Amo.
2102 233 2168 264 1702

1234 295 1350 316 manere
1372 293 1540 324 suspensos,
1565 283 1588 313 si
1612 283 1640 313 in
1664 283 1791 324 capitulo
1808 287 1977 324 praesenta·
2169 278 2173 280 ’

1235 334 1274 363 tio
1297 337 1324 363 et
1344 332 1516 372 approbatio
1535 332 1608 362 sacta
1632 341 1688 363 non
1712 333 1783 369 suit3
1799 332 1921 371 idcirco,
1940 342 1976 363 ne

1235 392 1304 422 prae
1327 382 1373 412 his
1396 381 1588 412 dilationibus
1614 381 1774 421 quidquam
1799 382 1976 412 incommodi

1236 431 1384 471 provincia
1407 431 1573 469 sustineat,
1604 431 1738 461 consulto
1767 435 1793 461 et
1817 431 1977 462 deliberate

1235 480 1414 517 statuimus,
1446 483 1478 508 ut
1511 479 1661 518 praedicto
1693 479 1859 510 definitorio
1891 480 1977 510 liceat

1236 528 1313 558 intra
1336 528 1495 567 capitulum
1520 529 1595 558 hanc
1614 528 1782 558 facultatem
1798 529 1977 568 approbandi

1236 586 1449 616 quemcumque
1480 577 1619 616 magistro
1651 577 1780 615 generali
1809 579 1923 615 cedere,
1946 583 1978 609 ut

1236 629 1317 655 extra
1333 626 1494 665 capitulum
1518 627 1665 656 mediante
1683 627 1894 666 approbatione
1911 637 1979 667 pro-

1236 680 1350 704 moveat
1362 684 1449 714 quem
1463 675 1597 705 maluerit
1613 685 1640 705 ».
1651 675 1783 706 —Num.
1798 684 1845 705 lx:
1869 686 1883 705 «
1899 677 1980 706 Pari-

1236 727 1279 753 ter
1290 723 1472 753 declaramus
1487 723 1522 754 ad
1535 724 1707 763 magistrum
1723 725 1900 763 generalem,
1914 725 1978 755 loco

1236 777 1264 802 et
1280 772 1343 802 vice
1356 772 1476 812 capituli
1489 773 1645 812 generalis,
1662 773 1806 813 privative
1829 773 1978 813 pertinere

1235 831 1436 861 quoscumque
1459 831 1493 852 ex
1516 822 1685 862 approbatis
1700 833 1714 853 a
1731 823 1897 854 definitorio
1914 833 1978 863 pro-

1236 871 1353 901 vinciali
1377 871 1437 910 (vel
1460 880 1475 901 a
1498 881 1528 902 se
1550 871 1613 911 ipso
1635 881 1669 902 ex
1692 872 1813 911 speciali
1841 872 1980 903 facultate

1237 930 1252 950 a
1285 920 1450 950 definitorio
1482 921 1636 959 concessa)
1669 921 1825 959 graduare,
1851 922 1912 952 sive
1944 922 1980 952 ad

1236 969 1342 1007 gradus
1364 978 1547 1008 promovere,
1567 970 1743 1009 eosdemque
1765 970 1795 1000 in
1818 971 1889 1010 ipsis
1911 980 1981 1001 con-

1239 1018 1368 1048 firmare.
1396 1017 1457 1053 Qua
1479 1018 1567 1047 etiam
1590 1018 1729 1048 facultate
1751 1019 1877 1057 gaudere
1900 1019 1981 1049 volu-

1238 1075 1304 1096 mus
1334 1067 1461 1106 priorem
1485 1067 1707 1105 Barfflinonae,
1732 1072 1781 1097 aut
1809 1068 1898 1097 alium
1931 1069 1981 1107 qui

1240 1118 1369 1154 tempore
1392 1115 1552 1144 vacationis
1575 1115 1764 1154 magistratus
1786 1116 1815 1145 in
1840 1117 1980 1147 vicarium

1239 1163 1405 1201 generalem
1430 1163 1517 1193 totius
1540 1164 1658 1194 Ordinis
1684 1165 1859 1195 successerit
1882 1176 1911 1196 >).
1934 1165 1982 1196 Se-

1240 1211 1340 1250 quitur
1362 1222 1444 1242 num.
1470 1221 1486 1241 x
1510 1211 1679 1242 Ordinamus
1702 1213 1831 1251 ιιίίσνὶαε,
1855 1219 1905 1244 etc.

1280 1260 1352 1290 XlX.
1376 1260 1512 1291 Distinet.
1536 1270 1585 1298 vn,
1609 1271 1672 1301 cap.
1690 1270 1738 1301 xx,
1762 1272 1843 1292 num.
1861 1272 1891 1302 n,
1915 1267 1982 1293 ante
2010 1266 2176 1313 ‚⁰²<1s²¹⁰¹¹¹¹³,¹⁰
2205 1285 2213 1287 -

1240 1309 1288 1339 illa
1312 1309 1421 1339 verba:
1457 1310 1510 1340 Cui
1540 1310 1591 1340 soli
1621 1311 1692 1340 hanc
1716 1315 1891 1351 potestatem,
1915 1299 2177 1350 etc.,{i³iiiii‘¹=is⁸cariinii

1240 1357 1386 1388 addantur
1402 1359 1456 1389 ista
1472 1369 1477 1388 :
1502 1369 1516 1387 «
1532 1358 1572 1388 Ita
1589 1363 1632 1398 ut,
1649 1360 1729 1389 iuxta
1752 1360 1980 1391 declarationem
1993 1347 2154 1373 ‘'rw''fflst'n'

1240 1407 1397 1437 Alexandri
1414 1407 1475 1445 vlt,
1493 1417 1609 1447 semper
1625 1409 1661 1438 sit
1684 1408 1713 1438 in
1729 1408 1822 1438 libera
1839 1412 1982 1448 potestate

1240 1457 1372 1495 magistri
1402 1457 1547 1495 generalis
1575 1457 1749 1487 confirmare
1776 1458 1806 1488 in
1838 1458 1982 1489 vicarium

1242 1506 1452 1545 provincialem
1484 1506 1549 1536 talis
1578 1506 1746 1545 provinciae
1769 1507 1985 1537 commendato—

1240 1564 1302 1585 rem
1324 1556 1426 1585 domus
1449 1556 1539 1585 futuri
1561 1556 1681 1595 capituli
1703 1556 1902 1595 provincialis,
1925 1556 1983 1594 vel,

1240 1604 1264 1633 si
1287 1604 1435 1641 maluerit,
1469 1604 1558 1633 alium
1588 1614 1622 1634 ex
1657 1604 1786 1643 patribus
1817 1605 1851 1634 ad
1873 1605 1984 1635 dictum

1240 1653 1369 1683 officium
1396 1653 1432 1683 ab
1465 1653 1538 1692 ipsis
1569 1652 1828 1683 constitutionibus
1851 1653 1982 1692 vocatis,

1241 1702 1285 1732 vel
1308 1702 1442 1742 quemvis
1465 1702 1555 1731 alium
1580 1712 1614 1731 ex
1644 1704 1705 1731 tota
1733 1701 1796 1740 ipsa
1820 1702 1982 1741 provincia,

1241 1761 1293 1790 pro
1305 1761 1357 1781 suo
1369 1751 1536 1787 arbitrio,et
1552 1755 1636 1790 prout
1650 1751 1754 1781 melius
1769 1751 1939 1781 iudicaverit
1953 1761 1981 1780 ».

1241 1801 1412 1839 Sequuntur
1432 1800 1481 1829 illa
1512 1799 1620 1829 verba:
1658 1799 1710 1830 Cui
1737 1801 1788 1830 soli
1815 1801 1884 1830 Ιιαιισ
1908 1804 1984 1839 pote-

1240 1853 1345 1883 statem,
1370 1853 1418 1878 etc.

1280 1897 1338 1927 XX.
1364 1898 1433 1927 Dist.
1459 1907 1514 1936 vn,
1539 1907 1601 1937 cap.
1627 1899 1729 1928 xxm‘.
1752 1915 1791 1920 —
1813 1897 1983 1928 Declaratur
2021 1902 2179 1950 ngm'm'toerff-

1241 1957 1322 1977 num.
1339 1956 1399 1986 xm,
1411 1952 1448 1981 et,
1461 1957 1511 1987 pro
1525 1947 1733 1985 declaratione,
1751 1947 1814 1977 eius
1830 1947 1893 1977 loco
1906 1947 1983 1978 dicet
1993 1935 2179 1982 iiissntislaiwiiriizss

1241 1997 1282 2033 sic
1298 2006 1303 2025 ς
1323 2006 1336 2026 (<
1352 1996 1483 2026 Cuilibet
1498 1996 1620 2026 ulterius
1631 1996 1640 2012 ²
1656 1996 1886 2026 commendatori
1902 2006 1985 2036 prae·
1993 1983 2179 2031 eibcgpmendato-

1241 2046 1377 2086 cipimus,
1392 2045 1445 2075 sub
1468 2047 1562 2085 poena
1576 2044 1747 2084 privationis
1764 2046 1919 2084 utriusque
1936 2055 1985 2076 vo-

1242 2095 1282 2124 cis
1296 2104 1346 2134 per
1360 2098 1419 2124 tres
1435 2102 1537 2131 annOS,
1552 2097 1583 2123 ut
1606 2093 1686 2123 nullo
1705 2097 1857 2132 praetextu
1880 2103 1933 2133 per
1953 2103 1984 2124 se

1242 2143 1335 2172 solum
1349 2142 1453 2172 audeat
1466 2141 1630 2181 expendere
1647 2142 1690 2171 vel
1707 2142 1838 2181 recipere
1854 2142 1985 2182 aliquid³

1242 2201 1300 2221 non
1324 2190 1531 2230 praesentibus
1553 2190 1751 2229 depositariis,
1770 2192 1813 2221 vel
1833 2192 1867 2221 ad
1887 2192 1984 2221 minus

1243 2240 1270 2269 id
1295 2245 1396 2270 notum
1419 2239 1506 2268 saciat
1522 2242 1551 2268 et
1568 2239 1733 2269 manifestet
1750 2241 1825 2269 intra
1843 2240 1985 2269 terminos

1243 2289 1346 2327 viginti
1370 2292 1496 2328 quatuor
1519 2287 1670 2317 horarum.
1688 2287 1768 2323 Quod
1785 2293 1815 2318 ut
1831 2287 1985 2319 iuviolabi-

1242 2338 1319 2368 libus
1342 2336 1468 2376 periodis
1490 2336 1662 2375 impleatur,
1689 2337 1743 2367 sub
1766 2337 1868 2367 eadem
1891 2339 1986 2377 poena

1242 2387 1337 2417 eidem
1369 2385 1573 2423 iniungimus,
1598 2391 1628 2416 ut
1661 2386 1785 2424 singulis
1813 2387 1985 2426 septimanis

1241 2433 1513 2475 indispensabiliter
1528 2439 1664 2474 computa
1680 2435 1778 2474 faciat,
1792 2444 1849 2465 non
1866 2436 1984 2476 quidem

1278 2504 1289 2528 ¹
1312 2501 1378 2528 Male
1399 2501 1465 2528 edit.
1487 2500 1565 2527 Main.
1588 2500 1654 2535 tegit
1673 2509 1733 2536 cap.
1758 2502 1846 2533 111(a.
1867 2503 1916 2537 T.).

1275 2547 1292 2573 2
1311 2546 1377 2573 Male
1398 2545 1463 2572 edit.
1481 2544 1561 2571 Main.
1579 2545 1645 2579 legit
1664 2545 1788 2573 alterius
1806 2547 1846 2580 (n.
1865 2546 1917 2582 Τ.).

1276 2591 1292 2619 3
1312 2591 1348 2618 Ex
1367 2590 1425 2617 loco
1445 2589 1573 2625 parallelo
1594 2589 1689 2617 deesse
1709 2589 1816 2618 videtur
1830 2591 1869 2618 ad
1884 2599 1986 2619 mona·

1239 2636 1363 2666 sterium
1375 2636 1529 2671 pertinens
1543 2636 1581 2670 (R.
1598 2637 1647 2670 Τ.),
