2269 3203
233 187 281 213 An.
299 186 327 214 C.
350 186 418 213 1713

269 721 381 741 Concessio
397 724 415 741 ut

234 748 254 768 in
270 748 362 768 lubrica.

263 2466 297 2485 (Ita
303 2466 384 2487 usuta'e.

466 178 530 211 554

427 236 466 269 de
490 235 652 269 Ordinarii
678 236 808 270 licentia
848 236 1013 269 faciendae
1050 236 1163 269 devote

427 289 676 329 interfuissent,
712 289 820 332 ibique
853 295 1015 328 orassent,
1041 294 1164 332 septem

427 353 530 375 annos
568 347 599 375 et
626 342 761 375 totidem
789 342 1013 384 quadragenas
1049 351 1165 384 perpe-

428 400 482 428 tuo
497 395 671 435 concessit,
691 401 722 427 et
739 394 826 433 alias,
854 400 951 436 prout
968 393 1000 425 in
1019 393 1165 426 eiusdem

426 447 514 480 Pauli
541 446 802 491 praedecessoris
828 447 970 489 desuper
1006 446 1036 477 in
1069 445 1164 478 simili

428 501 532 533 forma
557 500 667 532 Brevis
700 499 752 531 die
783 509 841 532 xxx
874 498 1017 531 octobris
1052 507 1164 538 MDCVJ,

428 553 586 596 expeditis
600 553 725 591 litteris,
743 562 878 594 quarum
898 550 1062 583 tenorem⁴
1077 561 1168 594 prae-

428 606 573 638 sentibus
609 615 669 647 pro
702 603 825 636 inserto
856 603 969 636 baberi
995 604 1165 644 volumus,

429 658 563 691 uberius
589 658 707 691 dicitur
732 656 908 690 contIneri.

473 712 487 755 g
513 710 543 743 02.
571 710 647 743 Cum
674 715 790 750 autem,
823 709 907 742 sicut
931 709 1043 743 eadem
1070 721 1168 754 expo-

428 764 501 797 sitio
538 763 775 806 subiungebat,
800 763 1029 806 processiones
1055 764 1168 797 huius-

427 817 513 851 modi
539 817 571 849 in
597 817 790 861 quibusdam
813 817 994 850 civitatibus
1027 822 1059 850 et
1086 817 1166 851 locis

430 881 467 904 ex
505 871 601 903 certis
628 870 732 903 causis
774 869 842 903 lieri
883 875 1058 913 nequeant,
1098 869 1167 914 ipse

428 934 504 956 vero
530 923 707 956 modernus
725 927 920 966 procurator
938 923 1096 965 generalis
1111 933 1168 966 op-

428 981 567 1019 portune
593 975 624 1008 in
659 975 849 1018 praemissis
883 985 940 1018 per
969 986 1029 1007 nos
1061 975 1168 1018 provi-

428 1029 498 1061 deri
524 1034 556 1061 et
586 1034 620 1061 ut
650 1028 732 1060 infra
765 1027 927 1070 indulgeri
959 1038 1167 1070 summopere

429 1082 610 1115 desideret:
625 1092 694 1121 nos,
713 1081 1009 1124 supplicationibus
1024 1081 1167 1114 eiusdem

427 1134 576 1167 moderni
602 1134 824 1177 procuratoris
843 1134 1005 1176 generalis
1032 1134 1166 1168 nomine

428 1187 523 1220 nobis
564 1197 662 1230 super
698 1187 761 1220 boc
800 1186 969 1219 humiliter
1005 1188 1166 1230 porrectis

427 1240 583 1280 inclinati,
611 1240 762 1273 omnibus
790 1245 820 1272 et
846 1239 981 1282 singulis
1002 1240 1169 1273 confratri-

426 1293 486 1326 bus
507 1298 538 1326 ct
554 1292 786 1326 consororibus
812 1292 971 1325 dictarum
989 1293 1168 1326 confrater-

428 1347 561 1379 nitatum
590 1350 651 1378 tam
680 1346 838 1379 hactenus
864 1351 1042 1378 erectarum
1070 1357 1167 1390 quam

427 1399 459 1431 in
484 1404 651 1442 posterum
676 1399 797 1442 ubique
824 1400 970 1432 locorum
996 1398 1167 1441 erigenda-

428 1461 512 1491 rum,
539 1456 572 1483 ut
596 1451 656 1494 ipsi
683 1451 715 1483 in
746 1451 928 1483 civitatibus
955 1456 987 1484 et
1012 1451 1090 1483 locis
1115 1462 1167 1483 su-

429 1504 596 1547 pradictis,
623 1503 655 1536 in
689 1503 805 1546 quibus
839 1504 880 1536 ob
916 1503 1017 1536 dictas
1058 1514 1168 1537 causas

428 1557 602 1600 praedictis
621 1556 791 1590 dominicis
810 1557 1039 1600 processiones
1059 1557 1169 1590 liuius-

428 1610 515 1642 modi
541 1609 609 1642 fiet'i
637 1615 821 1653 nequeunt,
847 1615 882 1641 ut
906 1610 1108 1653 praefertur,
1136 1610 1167 1642 in

428 1664 491 1695 nna
516 1674 551 1695 ex
579 1662 750 1695 dominicis
774 1663 948 1696 cuiuslibet
972 1663 1092 1696 mensis
1119 1674 1169 1696 ec-
1189 1678 1191 1683 ·

429 1715 552 1755 clesias,
581 1715 611 1747 in
639 1716 757 1759 quibus
782 1726 893 1748 eorum
920 1716 1191 1749 confraternita-'

430 1774 477 1800 tes
515 1772 642 1800 erectae
673 1768 906 1810 reperiuntur,
931 1768 1112 1807 visitando,
1139 1774 1170 1801 et

430 1821 492 1853 alia
517 1831 576 1863 pro
603 1821 834 1864 consequenda
869 1821 940 1864 ipsa
965 1821 1170 1863 indulgentia

430 1878 556 1916 septem
583 1883 743 1906 annorum
769 1879 800 1906 et
826 1873 959 1907 totidem
992 1874 1169 1917 quadrage-

430 1936 541 1958 narum
586 1926 744 1970 requisita
786 1926 997 1970 adimplendo
1015 1954 1022 1967 ,
1052 1927 1191 1960 dictam¹

430 1979 664 2022 indulgentiam
692 1985 946 2023 consequantur,
973 1991 1066 2024 quam
1093 1991 1170 2014 con-

430 2038 645 2076 sequerentur
677 2033 700 2065 si
738 2033 941 2076 processioni
979 2034 1169 2068 huiusmodi

429 2086 648 2129 personaliter
673 2087 887 2130 interessent,
916 2088 1111 2121 auctoritate
1138 2099 1170 2121 a·

430 2139 598 2181 postolica,
618 2144 730 2172 tenore
764 2139 999 2182 praesentium,
1020 2141 1171 2174 concedi-

431 2202 500 2224 mus
536 2197 567 2224 et
606 2192 823 2234 indulgemus.
858 2192 928 2225 Non
966 2194 1170 2227 obstantibus

432 2247 542 2277 nostra
568 2244 605 2277 de
632 2255 697 2277 non
717 2245 938 2278 concedendis
957 2246 1170 2289 indulgentiis

432 2297 470 2330 ad
497 2297 606 2337 instar,
632 2297 817 2340 ceterisque
844 2298 1015 2331 contrariis
1037 2299 1170 2341 quibus-

432 2359 581 2393 cumque.
610 2349 837 2383 Praesentibus
861 2351 1029 2394 perpetuis
1055 2352 1171 2385 suturis

434 2402 636 2446 temporibus
664 2403 822 2436 valituris.

475 2457 490 2499 ἓ
522 2455 554 2489 3.
588 2455 739 2488 Volumus
775 2461 881 2488 autem
912 2461 946 2489 ut
983 2457 1171 2491 earumdem

432 2508 650 2552 praesentium
676 2508 854 2542 litterarum
871 2509 1094 2553 transumptis,
1114 2521 1170 2544 seu

468 2572 478 2598 1
502 2570 572 2599 Edit.
595 2570 674 2599 Mein.
696 2571 761 2606 legit
782 2574 890 2599 tenores
910 2574 948 2605 (a.
969 2571 1015 2603 Τ.>.

1006 189 1182 213 BELLAttlt'M
1209 187 1360 210 ROMANmt

1949 185 2004 213 An.
2021 186 2050 213 C.
2072 187 2142 216 1713

1209 234 1388 277 exemplis,
1415 233 1511 266 etiam
1546 233 1732 276 impressis,
1757 244 1852 266 manu
1888 233 1946 267 ali-

1209 286 1298 319 cuius
1318 286 1434 320 notarii
1453 285 1574 329 publici
1593 285 1771 330 suscriptis,
1789 291 1821 319 et
1840 285 1947 330 sigillo

1209 350 1370 383 personae
1396 339 1426 371 in
1453 338 1673 372 ecclesiastica
1693 338 1852 382 dignitate
1873 349 1950 373 con-

1210 391 1339 425 stitutae
1365 391 1519 431 munitis,
1559 390 1672 424 eadem
1702 401 1837 434 prorsus
1867 390 1947 424 fides

1210 444 1380 484 habeatur,
1400 454 1481 488 quae
1507 443 1733 487 praesentibus
1749 443 1826 487 ipsis
1847 444 1945 477 habe-

1210 502 1300 529 retur
1320 497 1345 529 si
1372 497 1477 530 forent
1495 496 1659 529 exhibitae
1686 496 1735 528 vel
1761 500 1926 528 ostensae.

1253 549 1366 582 Datum
1392 550 1529 590 Romae,
1555 550 1640 592 apud
1667 548 1697 582 S.
1719 549 1861 589 Petrum,
1886 549 1947 581 sub

1211 604 1331 635 annulo
1353 602 1537 642 Mentoris,
1559 602 1610 635 die
1624 612 1642 635 x
1660 601 1770 644 aprilis
1792 610 1949 641 iinccxm,

1211 654 1420 698 pontificatus
1445 655 1547 688 nostri
1573 665 1658 687 anno
1681 664 1751 688 xtit.

1249 717 1304 743 Dat.
1327 716 1370 743 die
1392 717 1424 744 10
1443 716 1538 752 aprilis
1560 717 1638 750 ¹713,
1660 716 1757 751 pontit.
1779 724 1850 744 anno
1871 723 1927 745 xtn.

1495 858 1665 892 CLxxxtl.

1214 938 1405 973 Conceditur
1423 939 1587 981 deroyatio
1603 938 1869 971 constitutionum
1888 938 1951 973 Cte-

1256 992 1372 1023 mentis
1402 992 1431 1024 X
1463 990 1572 1035 quoad
1605 991 1835 1024 alternativam
1866 992 1951 1035 reqi-

1257 1044 1358 1077 mim's
1396 1044 1608 1077 abbatiarum
1642 1045 1730 1076 inter
1760 1044 1889 1076 abbates
1922 1048 1951 1076 el

1256 1098 1430 1132 monachos
1458 1097 1725 1142 Conqreqotionis
1741 1097 1862 1131 Montis
1887 1096 1951 1131 Oli-

1255 1151 1347 1184 veti¹.

1432 1232 1567 1258 Clemens
1588 1231 1668 1264 Papa
1686 1230 1734 1264 xl,

1353 1275 1389 1302 ad
1409 1276 1542 1302 futuram
1561 1275 1606 1302 rei
1626 1274 1809 1302 memoriam.

1255 1347 1269 1389 ἓ
1285 1346 1313 1379 l.
1333 1346 1417 1380 Alias
1436 1346 1538 1379 felicis
1557 1345 1789 1379 recordationis
1803 1344 1951 1378 Clemens
1974 1356 2081 1387 ‘svam
2094 1355 2147 1382 prio-

1213 1399 1296 1443 l'apa
1322 1400 1346 1432 X
1373 1399 1606 1442 praedecessor
1632 1404 1761 1440 noster,
1789 1385 2148 1442 supplica-lli-,⁰2¹'u⁵2¹¹¹'¹0¹.231

1214 1452 1354 1485 tionibus
1373 1458 1448 1484 tunc
1465 1450 1631 1484 existentis
1655 1451 1875 1494 procuratoris
1896 1435 2148 1494 ge-tssjttffi‘dlfft'll

1212 1504 1331 1537 neralis
1371 1503 1637 1546 Congregationis
1681 1503 1796 1536 Montis
1836 1488 2148 1544 Olivetiffitfilffressff'lsslti

1211 1557 1338 1589 Ordinis
1363 1556 1464 1589 sancti
1490 1556 1655 1589 Benedicti
1677 1556 1809 1590 nomine
1834 1543 2128 1590 εἰὶή(16ο«ἷῖἷῖῘῖ’.ξὲἑῖξὲΜ

1213 1610 1352 1643 consilio
1390 1615 1422 1642 et
1458 1620 1592 1643 assensu
1630 1610 1736 1643 bonae
1775 1610 1952 1644 memoriae

1213 1663 1358 1697 Caesaris
1385 1663 1415 1696 S.
1431 1663 1514 1696 RE.
1543 1664 1717 1697 cardinalis
1742 1664 1952 1697 Facchenetti

1213 1717 1398 1759 nuncupati,
1426 1716 1501 1749 dum
1528 1716 1613 1758 vixit,
1640 1717 1785 1750 eiusdem
1811 1717 1954 1760 Congre-

1213 1770 1354 1812 gationis
1380 1770 1464 1813 apud
1491 1770 1610 1802 dictum
1631 1769 1830 1803 Clementem
1861 1780 1954 1814 prae-

1214 1823 1418 1856 decessorem
1446 1828 1477 1855 et
1501 1822 1617 1856 Sedem
1637 1823 1852 1866 Apostolicam
1877 1833 1954 1866 pro·

1215 1876 1358 1917 tectoris,
1386 1886 1484 1919 super
1510 1876 1572 1908 hoc
1604 1875 1770 1909 humiliter
1793 1875 1954 1919 porrectis

1214 1928 1401 1968 inclinatus,
1420 1933 1494 1961 tunc
1512 1933 1543 1962 et
1560 1939 1620 1972 pro
1639 1933 1784 1972 tempore
1803 1929 1953 1962 existenti

1214 1981 1321 2014 abbati
1348 1982 1490 2024 generali
1512 1987 1708 2015 memoratae
1725 1981 1955 2025 Congregatio-

1215 2034 1276 2074 nis,
1297 2036 1357 2067 una
1377 2045 1448 2066 cum
1475 2033 1660 2067 delinitorio
1687 2034 1787 2077 ipsius
1812 2033 1955 2077 Congre-

1214 2087 1375 2130 gadonis,
1407 2087 1578 2120 duodecim
1616 2088 1748 2120 abbates
1786 2087 1951 2128 titulares,

1216 2151 1333 2184 nempe
1360 2140 1437 2174 dnos
1463 2151 1523 2184 pro
1549 2140 1695 2184 qualibet
1730 2139 1896 2183 provincia
1922 2149 1953 2172 e-

1216 2193 1340 2226 iusdem
1364 2193 1652 2237 Congregationis,
1685 2194 1737 2236 qui
1773 2199 1879 2226 tamen
1905 2204 1954 2226 es-

1191 2279 1193 2284 ,
1215 2252 1287 2279 sent
1326 2251 1428 2279 aetate
1465 2245 1756 2290 quinquagenarii,
1783 2251 1815 2279 et
1840 2247 1953 2279 saltem

1253 2352 1260 2377 l
1276 2350 1411 2378 Laudatae
1424 2350 1628 2377 constitutiones
1639 2350 1726 2377 editae
1738 2350 1813 2378 suere
1826 2357 1954 2385 MDCLXM,

1214 2393 1258 2420 die
1277 2394 1309 2421 ‘27
1331 2394 1462 2421 februarii
1482 2398 1507 2420 et
1528 2394 1571 2421 die
1590 2394 1621 2421 ⁶21
1644 2394 1722 2421 iunii.
1743 2395 1784 2421 De
1797 2394 1884 2422 forma
1905 2395 1955 2422 eli-

1213 2438 1293 2472 gendi
1314 2439 1438 2464 abbatem
1448 2438 1603 2472 generalem
1616 2438 1672 2465 vide
1685 2442 1769 2465 const.
1779 2438 1821 2465 ed.
1833 2445 1954 2471 ainccvtt,

1214 2481 1258 2508 die
1278 2482 1312 2508 28
1331 2482 1456 2515 ianuarii,
1483 2482 1578 2516 pontif.
1600 2489 1651 2515 vu,
1679 2484 1707 2509 in
1736 2483 1870 2510 Benedicti
1896 2483 1953 2510 xtlt

1214 2530 1299 2554 const.
1321 2526 1364 2553 ed.
1383 2532 1523 2560 mneoxnx,
1539 2526 1583 2554 die
1598 2526 1614 2553 G
1630 2526 1792 2561 decembris,
1805 2528 1900 2564 pontif.
1920 2535 1953 2563 rt,

1215 2570 1302 2605 agitur
1322 2570 1356 2598 de
1376 2569 1522 2598 abbatibus
1542 2570 1703 2599 titularibus.
