2269 3203
105 209 158 240 An.
179 209 209 241 C.
226 210 296 240 ¹702

108 274 130 295 ln
177 273 294 302 provinciis

108 300 221 328 utriusque
253 300 293 321 Ca-

108 328 198 352 stellae.
221 327 293 348 Baeti-

107 360 148 375 cae
171 357 192 376 οι
212 354 292 376 Navar-

108 386 155 403 rao.

138 2350 252 2378 Abrogatio
262 2352 296 2374 di-

112 2378 194 2398 ctorum
216 2378 294 2401 discre-

112 2406 190 2426 lorum.

945 212 1088 238 CLEMENS
1112 212 1146 238 XX
1169 213 1219 238 PP-

303 260 389 305 regis
400 261 554 296 catholici
564 261 660 295 nobis
674 261 860 304 expositum
870 261 938 301 suit,
949 261 1047 305 quod,

304 324 377 349 cum
394 315 473 349 alias
489 315 687 349 adtollenda
699 315 817 348 damna
828 320 860 348 et
873 315 1049 348 incommo-

303 368 353 408 da,
376 378 457 412 quae
476 368 590 402 fratres
608 368 847 411 provinciarum
867 378 1047 411 regnorum

302 421 473 466 utriusque
486 421 652 460 Castellae‚
668 421 785 455 veteris
800 421 927 455 scilicet
941 426 971 454 et
989 432 1048 455 no-

301 483 358 507 vae
383 479 601 518 nuncupatae,
619 474 749 508 Ordinis
767 474 926 507 Minorum
945 474 1045 507 sancti

302 525 467 560 Francisci
493 526 751 571 Capuccinorum
772 533 1044 571 nuncupatorum,

303 589 340 614 ex
359 580 521 614 electione
540 580 763 622 discretorum,
779 581 834 625 qui
853 592 870 614 a
884 581 1048 615 conventi·

302 633 363 666 bus
381 634 420 667 ad
437 633 586 667 effectum
604 645 661 667 sua
675 633 828 676 suffragia
843 634 875 667 in
893 633 1046 677 capitulis

302 687 557 729 provincialibus
567 687 694 721 serendi
708 687 784 730 eligi
800 692 1046 729 consueverant,

303 739 337 772 in
362 740 537 783 religiosae
562 741 652 784 pacis
679 747 711 775 et
735 741 930 775 concordiae
955 752 1048 784 regu-

302 793 380 826 laris
405 793 599 837 disciplinae
623 795 862 838 praeiudicium
878 794 1048 838 patieban-

303 851 356 879 tur
382 873 390 887 ,
428 847 532 880 felicis
567 849 803 882 recordationis
839 848 1046 882 Innocentius

301 899 388 943 Papa
401 899 464 941 XII,
481 901 721 944 praedecessor
736 907 861 942 noster,
876 912 935 945 per
952 912 1048 946 quas—

303 952 378 986 dam
403 963 476 987 suas
494 954 527 988 in
539 955 636 989 simili
652 956 755 989 forma
773 955 884 990 Brevis
906 955 959 988 die
974 965 1046 989 xxlx

301 1006 378 1040 maii
393 1017 541 1042 uncxcm
558 1009 726 1053 expeditas
740 1009 874 1050 litteras,
889 1009 1047 1043 discretos

302 1060 491 1104 praedictos
517 1062 551 1094 in
576 1062 671 1096 dictis
690 1063 865 1106 provinciis
881 1062 1048 1096 sustulerit

304 1118 337 1146 et
360 1115 555 1156 removerit,
582 1126 619 1149 ae
644 1116 785 1149 subinde
810 1116 898 1149 inter
921 1116 984 1149 alia
998 1126 1048 1148 re-

301 1167 483 1202 motionem
519 1173 553 1202 et
585 1169 797 1203 abolitionem
830 1170 1047 1203 discretorum

302 1221 503 1262 huiusmodi,
531 1223 768 1266 expeditasque
794 1223 936 1266 desuper
963 1222 1047 1256 litte—

301 1285 354 1309 ras
375 1275 538 1320 praefatas
563 1277 601 1309 ad
627 1276 812 1320 provincias
834 1276 996 1310 Baeticam
1016 1281 1048 1309 et

302 1328 464 1363 Navarrae
490 1329 638 1363 eiusdem
659 1329 788 1363 Ordinis
806 1340 865 1374 per
882 1330 961 1363 alias
975 1340 1047 1363 suas

303 1383 417 1416 itidem
442 1383 475 1416 in
500 1383 602 1417 forma
627 1383 736 1416 Brevis
762 1383 886 1417 litteras
916 1384 969 1417 die
1001 1395 1046 1418 x11

303 1436 501 1480 septembris
527 1437 674 1470 eiusdem
698 1437 771 1470 anni
799 1438 939 1481 desuper
960 1449 1047 1472 ema-

303 1496 394 1525 natas
418 1491 601 1524 extenderit
625 1497 657 1524 et
681 1492 908 1535 ampliaverit;
936 1492 1046 1526 dilecti

301 1555 380 1579 vero
416 1545 474 1578 filii
507 1545 623 1578 fratres
659 1546 850 1589 provinciae
886 1547 1047 1580 Flandro-

305 1597 453 1640 Belgicae
463 1598 642 1641 supradicti
656 1599 786 1632 Ordinis
800 1600 913 1633 eadem
928 1600 1047 1634 damna

306 1656 338 1684 et
360 1650 566 1684 incommoda
590 1662 628 1684 ex
653 1652 751 1686 simili
773 1653 991 1687 discretorum
1013 1664 1046 1687 e-

305 1703 446 1738 lectione
471 1705 537 1747 pati
563 1710 738 1747 cogantur:
764 1712 829 1740 tam
854 1706 926 1750 ipsi,
947 1718 1045 1751 quam

305 1757 491 1801 praedictus
502 1758 672 1802 Philippus
687 1770 744 1792 rex
757 1771 932 1795 commune
950 1762 1046 1795 huius

305 1821 435 1855 quoque
460 1811 645 1854 provinciae
675 1812 799 1845 bonum
830 1815 1045 1856 promovendi

304 1864 411 1898 studio
437 1864 570 1905 ductus,
597 1875 691 1897 usum
717 1866 861 1909 eligendi
886 1868 1044 1902 discretos

304 1918 488 1962 praedictos
512 1918 546 1951 in
572 1919 687 1952 eadem
712 1921 881 1962 provincia
894 1921 1045 1955 similiter

304 1971 457 2015 abrogari
483 1976 515 2004 et
538 1972 737 2015 apostolicae
763 1973 904 2017 desuper
936 1981 1046 2009 aucto-

303 2024 408 2058 ritatis
422 2031 552 2058 nostrae
561 2031 669 2069 partes
687 2026 853 2070 interponi
868 2028 1044 2071 plurimum

304 2078 515 2113 desiderant.
550 2079 650 2113 Nobis
685 2086 864 2124 propterea
900 2082 1046 2116 eiusdem

303 2132 448 2176 Philippi
473 2133 561 2176 regis
585 2134 719 2167 nomine
739 2134 909 2168 humiliter
925 2137 1046 2180 suppli-

303 2189 413 2218 catum
438 2186 500 2219 suit
524 2192 558 2219 ut
582 2187 614 2219 in
646 2188 835 2230 praemissis
861 2194 1045 2232 opportune

303 2239 478 2283 providere
512 2245 544 2273 et
566 2245 601 2273 ut
633 2240 666 2273 in
700 2242 783 2274 infra
808 2242 983 2285 indulgere
1006 2244 1045 2276 de

302 2292 507 2336 benignitate
526 2295 706 2338 apostolica
730 2295 955 2339 dignaremur.

348 2347 364 2390 §
384 2346 416 2380 2.
434 2346 498 2380 Nos
514 2347 622 2390 igitur,
640 2348 703 2392 piis
718 2349 821 2392 ipsius
838 2350 983 2394 Philippi
1000 2361 1045 2384 re-

304 2399 354 2442 gis
368 2400 451 2433 votis
469 2401 531 2434 hac
547 2401 580 2434 in
597 2411 641 2442 re,
659 2408 816 2446 quantum
829 2414 901 2437 cum
911 2404 1045 2438 Domino

304 2462 496 2496 possumus,
522 2454 746 2490 favorabiliter
770 2467 913 2491 annuere
939 2460 1047 2492 volen-

306 2510 368 2546 tes,
383 2507 1047 2553 huiusmodisupplicationibusinclinati,

307 2563 432 2593 attento
460 2565 536 2594 voto
570 2563 770 2597 venerabilis
806 2565 911 2598 fratris
945 2567 1047 2600 nostri

306 2610 431 2646 Nicolai
443 2614 590 2658 episcopi
604 2615 792 2650 Portuensis
809 2618 923 2653 S.R.E.
941 2620 1046 2654 cardi-

395 2674 478 2705 Buta.
497 2675 584 2706 Rom.
599 2692 634 2699 —
652 2678 714 2707 Vol.
735 2678 812 2710 XXI.
976 2682 993 2709 9

1092 261 1176 295 nalis
1203 261 1358 295 Acciaioli
1386 263 1576 306 nuncupati,
1603 263 1680 296 dicti
1704 263 1835 297 Ordinis

1091 315 1177 358 apud
1200 326 1257 348 nos
1283 321 1314 348 ct
1339 315 1455 349 Sedent
1482 316 1704 359 Apostolicam
1729 323 1835 360 prote-

1091 368 1199 407 ctoris,
1215 369 1254 402 ad
1269 379 1366 412 quem
1380 369 1560 412 supplicem
1575 369 1723 403 libellum
1739 370 1835 404 nobis

1090 421 1396 464 superpraemissis
1421 427 1610 465 porrectum
1636 423 1834 463 remisimus,

1090 475 1306 508 remotionem
1333 481 1364 508 et
1388 475 1599 509 abolitionem
1618 475 1834 509 discretorum

1091 526 1278 561 huiusmodi
1304 528 1337 561 in
1363 528 1449 562 dieta
1475 528 1641 572 provincia
1670 528 1830 563 Flandro-

1090 580 1228 623 Belgica,
1247 581 1287 614 ad
1312 581 1538 625 impediendas
1563 582 1782 616 relaxationes
1801 588 1834 616 et

1090 634 1241 667 evitanda
1260 635 1464 678 praeiudicia
1487 646 1569 679 quae
1595 635 1629 668 in
1647 637 1833 679 regularem

1090 687 1331 720 observantiam
1351 699 1387 721 ex
1407 689 1538 722 illorum
1560 688 1775 722 electionibus
1792 689 1834 721 ir-

1089 750 1205 783 repere
1232 741 1351 779 solent,
1367 742 1533 785 expedire,
1552 742 1639 775 acin
1661 742 1832 784 religionis

1090 793 1227 836 eiusque
1252 794 1420 835 regiminis
1445 795 1567 827 bonum
1582 805 1746 828 cessuram
1761 805 1832 828 esse

1090 851 1272 887 censentes,
1288 846 1447 880 discretos
1460 847 1650 890 praedictos
1667 847 1700 880 in
1719 848 1833 880 eadem

1089 898 1264 942 provincia,
1291 899 1486 933 auctoritate
1511 901 1700 943 apostolica,
1718 906 1834 934 tenore

1090 952 1328 995 praesentium,
1347 953 1493 986 tollimus
1520 953 1645 996 pariter
1670 958 1702 986 et
1726 964 1834 986 remo-

1090 1014 1213 1037 vemus.
1234 1005 1457 1039 Decernentcs
1484 1007 1625 1047 easdem,
1641 1012 1833 1049 praesentes

1090 1056 1216 1090 litteras
1241 1068 1372 1102 semper
1395 1059 1505 1092 firmas
1522 1087 1530 1101 ,
1560 1059 1681 1093 validas
1712 1065 1744 1093 et
1768 1059 1834 1092 effi-

1090 1121 1182 1144 caces
1208 1112 1347 1146 existere
1379 1118 1412 1146 et
1429 1113 1516 1154 sore,
1550 1124 1691 1157 suosque
1717 1113 1833 1157 plena-

1090 1164 1156 1197 rios
1183 1170 1215 1198 et
1238 1165 1386 1208 integros
1412 1165 1545 1199 effectus
1566 1166 1676 1199 sortiri
1695 1171 1727 1199 et
1750 1167 1835 1199 obti-

1091 1228 1189 1258 nere,
1216 1229 1253 1251 ac
1277 1220 1317 1251 ab
1343 1219 1429 1260 illis,
1457 1220 1497 1252 ad
1530 1230 1611 1263 quos
1645 1224 1773 1262 spectat
1802 1224 1834 1252 et

1090 1283 1150 1317 pro
1177 1278 1325 1317 tempore
1343 1275 1514 1317 spectabit,
1532 1274 1763 1310 inviolabiliter
1782 1277 1835 1311 ob-

1090 1327 1222 1368 servari,
1251 1328 1361 1370 sicque
1387 1328 1419 1361 in
1445 1329 1631 1372 praemissis
1656 1341 1716 1373 per
1739 1342 1835 1374 quos-

1091 1392 1230 1425 cumque
1258 1382 1381 1415 iudices
1400 1383 1584 1417 ordinarios
1603 1390 1635 1417 et
1653 1385 1834 1428 delegato&

1091 1436 1186 1468 etiam
1212 1447 1380 1470 causarum
1406 1437 1518 1480 palatii
1544 1439 1717 1481 apostolici
1744 1440 1833 1472 audi-

1091 1494 1190 1530 tores,
1218 1489 1354 1522 iudicari
1376 1495 1407 1523 ct
1424 1490 1553 1523 deffiniri
1580 1491 1712 1533 debere,
1739 1503 1776 1525 ac
1793 1492 1836 1525 ir·

1089 1542 1186 1575 ritum
1214 1549 1246 1576 et
1267 1543 1370 1585 ¹inane
1407 1545 1432 1577 si
1468 1555 1561 1577 secus
1595 1555 1694 1588 super
1729 1545 1780 1579 liis
1818 1556 1836 1578 a

1089 1608 1254 1640 quoquam
1271 1624 1279 1638 ‚
1306 1598 1417 1641 quavis
1442 1599 1657 1641 auctoritate,
1692 1600 1835 1633 scienter

1088 1653 1138 1684 vel
1168 1651 1377 1694 ignoranter,
1403 1653 1580 1695 contigerit
1605 1654 1771 1687 attentari.

1131 1704 1146 1747 ἓ
1170 1704 1201 1738 3.
1237 1704 1308 1737 Νοη
1342 1705 1550 1739 obstantibus
1570 1708 1769 1750 praemissis,
1798 1720 1834 1743 ac

1088 1758 1379 1793 constitutionibus
1404 1764 1437 1792 et
1465 1760 1730 1795 ordinationibus
1756 1774 1835 1806 apo-

1088 1811 1213 1845 stolicis
1232 1840 1239 1853 ‚
1268 1823 1398 1846 necnon
1424 1813 1614 1856 provinciae
1639 1820 1672 1847 et
1702 1815 1834 1849 Ordinis

1089 1864 1285 1905 huiusmodi,
1311 1865 1408 1899 etiam
1431 1866 1631 1907 iuramento,
1657 1869 1836 1902 confirma-

1089 1918 1178 1951 tione
1193 1919 1383 1962 apostolica,
1399 1921 1448 1953 vel
1468 1921 1582 1963 quavis
1599 1920 1752 1955 firmitate
1773 1923 1837 1957 alia

1088 1973 1260 2014 roboratis,
1271 1973 1397 2006 statutis
1411 1978 1443 2006 et
1456 1975 1762 2016 consuetudinibus,
1774 1977 1837 2020 pri-

1088 2025 1216 2068 vilegiis
1242 2037 1383 2069 quoque,
1402 2027 1538 2060 indultis
1563 2033 1595 2061 et
1619 2028 1736 2062 litteris
1758 2040 1838 2073 apo-

1087 2080 1212 2113 stolicis
1227 2080 1260 2112 in
1274 2080 1473 2113 contrarium
1488 2082 1745 2125 praemissorum
1760 2095 1836 2127 quo-

1088 2133 1272 2166 modolibet
1295 2134 1474 2175 concessis,
1504 2135 1706 2170 confirmatis
1732 2142 1764 2170 et
1789 2137 1838 2170 in-

1089 2186 1240 2227 novatis;
1269 2187 1389 2231 quibus
1426 2188 1579 2222 omnibus
1611 2195 1643 2223 et
1671 2190 1834 2233 singulis,

1088 2241 1225 2274 illorum
1247 2246 1379 2275 tenores
1399 2243 1628 2286 praesentibus
1653 2254 1713 2288 pro
1738 2245 1837 2287 plene

1090 2299 1122 2327 et
1146 2294 1349 2328 sufficienter
1374 2296 1540 2339 expressis
1571 2307 1608 2330 ac
1642 2297 1680 2330 ad
1701 2297 1836 2330 verbum

1089 2348 1221 2381 insertis
1246 2349 1420 2390 habentes,
1447 2349 1512 2382 illis
1539 2349 1619 2384 alias
1643 2349 1677 2382 in
1702 2360 1763 2383 suo
1784 2360 1837 2384 ro-

1089 2403 1169 2435 bore
1198 2403 1435 2446 permansuris,
1454 2403 1495 2436 ad
1515 2403 1772 2446 praemissorum
1789 2404 1835 2437 es-

1090 2456 1226 2496 sectum,
1258 2455 1319 2489 hac
1339 2456 1408 2489 vice
1441 2456 1625 2497 dumtaxat,
1648 2456 1837 2500 specialiter

1091 2515 1124 2543 et
1145 2520 1301 2554 expresse
1319 2510 1534 2553 derogamus;
1554 2510 1742 2554 ceterisque
1758 2520 1835 2544 con-

1089 2564 1199 2598 trariis
1226 2563 1499 2607 quibuscumque.

1133 2618 1205 2662 {4-
1232 2617 1389 2653 Volumus
1426 2622 1535 2652 autem
1570 2622 1606 2651 ut
1640 2617 1866 2659 earumdemrm

1753 205 1796 241 65
1843 216 1891 243 An.
1913 216 1940 245 c.
1959 216 2027 246 1702

1871 1718 2029 1739 Contrariorum

1845 1745 1966 1771 derogatio.

1878 2609 2027 2637 'transumpto-

1868 2642 1888 2658 m
1902 2636 1963 2660 fides.
