2269 3203
95 214 144 240 An.
163 213 192 239 C.
216 212 282 239 1718

292 261 383 304 sequi
404 261 558 301 volentes,
580 266 738 295 eteorum
765 260 946 302 singulares
965 270 1031 302 per·

292 325 388 346 sonas
421 324 437 346 a
462 313 631 357 quibusvis
664 312 1029 351 excommunicationis,

291 368 514 409 suspensionis
533 373 564 400 et
582 366 757 406 interdicti,
772 365 909 408 aliisque
928 366 1032 398 ccele-

292 419 429 452 siastieis
454 420 638 460 sententiis,
664 419 812 452 censuris
841 423 873 451 et
901 418 1029 461 poenis,

293 472 393 505 aiure
420 473 468 505 vel
495 472 534 505 ab
553 472 698 512 homine,
721 471 831 515 quavis
858 471 1031 504 occasione

291 527 339 558 vel
366 527 463 559 causa
484 526 566 565 latis,
588 526 615 558 si
637 526 755 568 quibus
780 525 1032 569 quomodolibet

292 579 465 612 innodatae
485 579 635 619 existunt,
652 579 690 612 ad
711 578 861 612 ess'ectum
881 589 1032 622 praesen-

293 633 370 665 tium
402 633 567 665 dumtaxat
601 633 885 675 consequendum,
917 633 1030 664 harum

292 686 374 719 serie
399 686 605 718 absolventes
623 690 654 718 et
679 685 845 719 absolutas
871 686 941 718 sore
962 695 1032 718 cen-

293 744 416 778 sentes,
438 738 732 781 supplicationibus
756 748 868 771 eorum
898 738 1030 770 nomine

291 793 387 826 nobis
413 803 513 836 super
530 793 592 825 hoe
614 792 784 825 humiliter
804 792 963 835 porrectis
986 791 1032 824 in-

291 845 414 886 clinati,
435 845 473 878 de
491 845 726 879 venerabilium
753 845 887 877 fratrum
908 850 1032 878 nostro-

292 910 362 932 rum
389 898 420 931 S.
454 899 490 932 R.
521 898 553 931 E.
587 899 802 932 cardinalium
829 898 968 940 negotiis
1001 903 1033 931 et

291 951 585 984 consultationibus
611 951 839 994 episcoporum
857 957 887 983 et
906 951 1032 993 regula-

291 1005 398 1045 rium,
433 1004 486 1047 qui
525 1004 678 1037 dilectum
712 1004 812 1037 fitium
838 1005 1032 1037 modernum

292 1063 541 1101 procuratorem
578 1059 765 1100 generalem
803 1057 877 1091 dieti
903 1057 1031 1090 Ordinis

292 1121 391 1154 super
420 1110 608 1153 praemissis
634 1111 840 1151 audiverunt,
876 1111 1030 1149 consilio,

291 1163 514 1207 praeinsertas
554 1164 730 1197 Clementis
766 1164 1032 1207 praedecessoris

292 1217 427 1256 litteras,
454 1228 524 1249 cum
551 1217 702 1250 omuibus
728 1223 759 1250 ct
782 1217 916 1260 singulis
936 1218 966 1249 in
986 1217 1031 1250 eis

293 1270 469 1310 contentis,
494 1280 554 1313 pro
581 1270 676 1302 dictis
702 1270 827 1303 duabus
846 1270 1031 1313 provinciis,

291 1323 474 1366 apostolica
506 1324 712 1364 auctoritate,
746 1329 859 1357 tenore
880 1334 1034 1367 praesen-

293 1376 381 1417 tium,
400 1382 562 1420 perpetuo
581 1376 812 1410 confirmamus
831 1384 860 1410 ct
879 1377 1034 1420 approba-

291 1441 374 1470 mus,
400 1441 445 1471 ac,
472 1436 632 1474 (illatenus
653 1442 734 1474 opus
750 1432 800 1471 sit,
818 1432 1031 1471 innovamus,

291 1494 419 1517 necnon
446 1484 582 1527 insuper
617 1484 743 1517 indulta
775 1495 832 1518 seu
864 1483 1034 1527 privilegia

292 1536 479 1579 personalia
510 1537 695 1571 huiusmodi
723 1537 822 1570 etiam
851 1548 868 1570 a
894 1547 982 1569 nune
1003 1543 1035 1570 et

292 1600 352 1632 pro
379 1595 526 1633 tempore
552 1591 710 1624 existente
736 1597 848 1624 nostro
870 1596 902 1623 et
928 1591 1034 1624 dictae

293 1641 385 1675 Sedis
421 1642 454 1674 in
491 1642 709 1686 portugalliae
742 1649 773 1676 et
805 1643 1032 1686 Algarbiorum

294 1695 404 1737 regnis
429 1694 548 1728 nuncio
580 1696 714 1729 concedi
748 1697 880 1729 minime
913 1707 1033 1740 posse,

293 1758 330 1780 ac
348 1757 499 1780 concessa
521 1749 647 1781 nullum
675 1748 795 1781 hahere
815 1749 961 1791 vigorem
977 1759 1035 1781 nee

294 1802 528 1841 executionem,
558 1802 642 1835 dicta
679 1803 889 1842 auctoritate,
919 1803 1035 1834 harum

295 1853 392 1895 serie,
416 1855 621 1888 decernimus
647 1861 678 1888 et
699 1855 908 1889 declaramus.

339 1907 354 1951 ξ
378 1906 410 1940 3.
436 1907 508 1941 Non
526 1907 729 1940 obstantibus
751 1908 900 1940 omnibus
920 1913 950 1940 et
971 1907 1036 1939 sin-

295 1961 378 2003 gulis
407 1961 471 1994 illis
502 1971 585 2005 quae
610 1961 642 1994 in
675 1961 892 2005 praeinsertis
918 1961 1035 1994 litteris

293 2015 379 2048 idem
405 2015 554 2048 Clemens
584 2015 818 2058 praedecessor
843 2015 945 2048 voluit
970 2025 1036 2048 non

293 2069 426 2101 obstare
447 2095 454 2108 ,
477 2068 658 2112 ceterisque
696 2068 868 2102 contrariis
902 2068 1036 2111 quibus-

294 2132 446 2165 cumque.

336 2175 351 2218 g
380 2175 412 2208 4.
447 2175 601 2208 Volumus
638 2180 746 2208 autem
779 2180 813 2207 ut
846 2175 1035 2208 earumdem

294 2228 512 2271 praesentium
525 2229 707 2263 litterarum
726 2228 946 2272 transumptis,
959 2230 1032 2262 etc.¹

338 2281 454 2315 Datum
481 2283 613 2322 Romae,
640 2283 726 2326 apud
759 2283 790 2316 S.
819 2283 949 2316 Mariam
975 2283 1036 2316 Ma-

296 2332 419 2374 iorem,
445 2335 504 2367 sub
533 2335 655 2369 annulo
682 2336 878 2376 Piscatoris,
908 2336 959 2369 die
996 2346 1034 2369 xx

297 2387 422 2428 augusti
459 2397 652 2426 unccxvut,
687 2388 895 2432 pontificatus
931 2390 1034 2422 nostri

297 2449 382 2472 anno
407 2450 495 2474 xvnt.

168 1918 284 1948 Derogatio

98 1947 262 1966 contrariorum.

152 2183 212 2203 fides
228 2186 283 2206 tran-

101 2212 237 2235 mmptornm.

333 2501 391 2527 Dat.
415 2501 462 2529 die
481 2502 515 2530 20
535 2504 639 2539 augusti
658 2505 736 2539 17¹8,
753 2505 853 2541 pontif.
869 2514 941 2533 anno
957 2512 1032 2533 xvttl.

334 2611 346 2636 1
367 2608 479 2646 Reliqua
498 2612 528 2638 ut
546 2617 608 2646 pag.
629 2611 681 2639 704
699 2619 716 2639 α
734 2612 774 2647 (n.
796 2612 845 2646 T.).

917 211 1056 235 CLEMENS
1082 210 1114 233 xl
1140 211 1188 234 PP.

1714 201 1777 235 807
1823 209 2008 236 Ao.C.17‘18

1389 258 1500 292 CCLx.

1073 339 1198 371 Monila
1229 338 1412 381 pastoralia
1448 338 1714 379 clw'islifidelibus
1738 338 1816 370 dala

1118 391 1271 423 adversus
1297 394 1478 423 recusantes
1495 389 1707 422 obedientiam
1725 401 1817 433 prae-

1118 448 1204 476 stare
1229 443 1454 476 constitutioni
1480 442 1706 485 Unigenitus¹.

1282 532 1416 559 Clemens
1437 531 1608 565 episcopus,

1265 583 1371 603 servus
1387 582 1545 602 servorum
1562 575 1624 607 Dei,

1073 625 1225 652 universis
1249 624 1501 652 christifidelibus
1526 627 1708 657 praesentes
1731 625 1817 651 litte-

1126 677 1176 695 ras
1197 668 1395 702 inspecturis,
1417 669 1548 695 salutem
1568 670 1598 695 et
1617 668 1819 702 apostolicam

1127 713 1379 740 benedictionem.

1120 792 1293 825 Pastoralis
1313 791 1418 831 officii,
1441 792 1527 835 quod
1555 793 1686 835 superni
1714 792 1815 835 dispo·
1855 800 1998 820 Ρι-’ωειιιιυιιι

1075 846 1193 879 sitione
1220 845 1347 878 consilii
1363 845 1512 887 gerimus,
1528 856 1605 878 cura
1630 855 1689 878 nos
1711 846 1818 878 admo-

1075 905 1141 939 net,
1159 905 1193 931 ut
1211 899 1391 932 animarum
1411 899 1505 930 saluti
1520 898 1641 941 ubique
1657 904 1816 932 terrarum

1076 953 1309 996 procurandae,
1337 963 1371 984 ac
1397 951 1588 995 praesertim
1615 952 1818 985 orthodoxae

1075 1005 1170 1045 fidei,
1197 1007 1265 1038 sine
1293 1015 1356 1048 qua
1387 1004 1588 1047 impossibile
1615 1010 1663 1037 est
1686 1006 1817 1048 placere

1075 1058 1152 1099 Deo,
1170 1057 1303 1102 puritati
1325 1058 1512 1097 servandae,
1532 1057 1619 1091 omni
1638 1057 1746 1090 studio
1765 1058 1818 1090 ad-

1076 1112 1259 1154 vigilemus.

1120 1166 1134 1209 g
1159 1166 1190 1198 «1.
1218 1165 1400 1208 Eapropter
1418 1192 1425 1204 ,
1453 1175 1525 1197 cum
1558 1164 1591 1197 in
1625 1165 1817 1208 quibusdam
1878 1172 2014 1218 f·'.‘¹.‘3‘;.'¹³.·-

1076 1220 1159 1252 ultra
1184 1224 1310 1251 montes
1336 1218 1524 1261 provinciis,
1542 1223 1572 1251 et
1590 1219 1763 1262 praecipue
1784 1218 1816 1251 in
1829 1205 1919 1273 ἵζ’
1937 1255 1942 1272 l
1964 1206 2014 1272 ¹2(ss

1075 1272 1276 1315 amplissimo
1302 1271 1421 1305 Galliae
1443 1282 1565 1314 regno,
1592 1272 1679 1304 varia
1704 1282 1818 1315 prava·
1832 1258 2003 1330 [iiii'iijiiii'iiz'n'i

1076 1336 1148 1358 rum
1175 1325 1403 1364 doctrinarum,
1430 1325 1494 1358 imo
1521 1331 1553 1358 et
1577 1325 1749 1358 haeresum
1771 1336 1818 1358 se·
1871 1327 1874 1330 ⁴
1955 1321 1959 1325 ⁵

1076 1379 1172 1419 mina,
1191 1379 1362 1411 occasione
1389 1378 1531 1411 damnati
1556 1378 1723 1411 cuiusdam
1742 1379 1817 1411 libri

1077 1432 1194 1475 gallico
1219 1431 1375 1464 idiomate
1404 1431 1466 1463 iam
1499 1431 1626 1474 pridem
1655 1430 1732 1464 editi
1759 1432 1819 1464 sub

1078 1486 1190 1518 titulo:
1217 1485 1261 1518 Le
1277 1485 1434 1518 Nouveau
1463 1485 1644 1518 Testament
1670 1495 1707 1517 en
1732 1485 1821 1527 sran-

1076 1539 1166 1579 fois,
1202 1549 1276 1572 avec
1309 1538 1361 1571 des
1398 1539 1569 1581 refleoez'ons
1601 1537 1741 1571 morales
1764 1548 1821 1571 sur

1076 1593 1204 1635 chaque
1228 1596 1338 1634 verset,
1363 1596 1442 1627 ele:
1461 1591 1556 1624 aliter
1580 1602 1670 1624 vero:
1696 1592 1822 1635 Abre'qe'

1077 1645 1114 1678 cle
1139 1645 1172 1678 la
1198 1645 1320 1678 morale
1349 1644 1386 1677 de
1413 1637 1622 1687 l’Evanyile,
1649 1644 1702 1677 des
1726 1645 1821 1678 Actes

1077 1698 1129 1731 des
1153 1699 1311 1741 Apolres,
1340 1698 1393 1731 des
1422 1698 1551 1741 Epitres
1587 1697 1624 1730 de
1647 1697 1679 1730 S.
1704 1697 1818 1737 Paul,

1077 1751 1131 1784 des
1155 1744 1282 1794 Epilres
1307 1751 1528 1794 canoniques,
1549 1754 1577 1784 el
1601 1751 1639 1784 de
1665 1750 1818 1794 l'Apoca-

1079 1804 1195 1847 Iypse,⁵
1227 1805 1296 1838 vel:
1323 1804 1460 1836 Pensees
1484 1804 1685 1838 chre'lienncs
1709 1815 1767 1837 sur
1792 1804 1820 1838 le

1080 1861 1162 1890 texte
1177 1857 1214 1890 de
1231 1868 1278 1890 ces
1297 1857 1391 1889 lirres
1408 1858 1523 1897 saere's,
1544 1861 1613 1897 etc„
1633 1856 1820 1900 germinare

1079 1911 1362 1953 cognovissemus,
1380 1910 1496 1943 iisdem
1522 1910 1737 1952 eradicandis,
1759 1922 1820 1944 no·

1079 1964 1136 1996 stri
1151 1974 1217 1997 non
1235 1963 1343 1996 minus
1362 1964 1505 1997 muneris
1527 1963 1637 1997 debito
1652 1964 1820 2006 admoniti,

1079 2028 1176 2061 quarn
1198 2017 1320 2050 crebris
1352 2018 1528 2050 multorum
1552 2017 1705 2051 catholici
1732 2018 1820 2052 orbis

1078 2081 1115 2104 ae
1136 2069 1326 2114 praesertim
1347 2069 1467 2104 Galliae
1494 2070 1727 2114 episcoporum
1748 2082 1823 2114 pre-

1078 2123 1170 2156 cibus
1196 2123 1344 2163 excitati,
1371 2123 1451 2166 quin
1477 2123 1574 2157 etiam
1605 2123 1666 2167 piis
1692 2134 1728 2157 ac
1753 2135 1822 2158 sae-

1078 2176 1151 2219 pius
1184 2176 1330 2219 repetitis
1362 2177 1468 2209 clarae
1501 2177 1681 2210 memoriae
1717 2177 1821 2210 Ludo-

1077 2229 1136 2262 viei
1170 2229 1245 2270 xlv,
1272 2229 1347 2262 dum
1383 2229 1469 2270 vixit,
1496 2229 1697 2262 Francorum
1735 2231 1821 2272 regis

1078 2283 1342 2317 christianissimi
1369 2282 1452 2315 votis
1477 2288 1510 2316 et
1534 2283 1648 2316 officiis
1675 2283 1818 2323 adducti,

1078 2347 1296 2380 quascumque
1328 2337 1495 2379 potuimus
1527 2337 1727 2380 apostolieae
1753 2347 1816 2370 no-

1077 2395 1163 2423 strae
1178 2389 1410 2422 sollicitudinis
1429 2396 1550 2433 partes,
1567 2389 1740 2423 adiuvante
1759 2389 1820 2423 Do-

1113 2480 1123 2505 1
1147 2478 1268 2505 Laudata
1288 2478 1445 2505 constitutio
1465 2478 1537 2505 edita
1555 2478 1605 2505 fuit
1625 2484 1761 2511 mmccxlii,
1778 2477 1821 2504 die

1078 2526 1093 2550 8
1114 2523 1277 2558 septembris
1293 2544 1299 2556 ,
1319 2522 1417 2558 pontif.
1438 2529 1491 2553 atu,
1512 2523 1559 2549 ubi
1585 2522 1645 2549 vide
1666 2526 1773 2553 notata;
1795 2526 1822 2549 et

1078 2566 1218 2594 Benedicti
1238 2566 1297 2593 xttl
1318 2567 1424 2594 constit.
1448 2567 1512 2593 edit.
1535 2572 1702 2595 arpennum,
1723 2566 1766 2591 die
1786 2566 1822 2592 25

1076 2611 1154 2645 iunii,
1176 2611 1271 2646 pontif.
1293 2619 1319 2645 r,
1342 2611 1506 2638 damnantur
1525 2611 1577 2638 duo
1599 2610 1660 2637 libri
1679 2609 1780 2644 gallici.
