2269 3203
84 213 134 240 An.
156 213 185 239 C.
207 211 284 240 ¹723·

278 269 379 294 novos
405 259 570 303 parochos
592 258 782 303 praeficere,
802 257 966 301 assignata
984 268 1020 291 ex

278 313 460 346 redditibus
486 312 523 346 ad
550 318 693 346 veterem
724 311 949 356 parochialem
975 320 1022 344 cc-

278 366 412 400 clesiam
440 366 745 409 quomodocumque
777 363 1021 408 pertinentibus

277 419 484 453 convenienti
510 418 660 462 portione
692 418 731 451 ad
762 417 881 450 victum
909 427 1021 450 eorum

277 472 332 515 qui
356 471 406 505 vel
434 476 600 515 tamquam
632 470 838 504 coadiutores
870 469 903 502 in
928 469 1020 502 dictis

276 524 348 557 aliis
367 524 514 558 ecclesiis
533 523 688 567 deputati,
709 524 760 556 vel
779 528 942 565 tamquam
961 521 1022 555 dis-

277 577 369 610 tincti
391 582 424 610 et
452 577 713 620 independentes
746 574 881 618 parochi
912 585 1020 607 curam

278 631 457 663 animarum
493 629 715 668 exercuerint·,
742 629 833 661 nulla
864 627 902 660 ad
928 638 1022 671 prae-

277 683 376 716 missa
407 681 618 726 impedienda
650 680 845 724 suffragante
878 681 1021 723 appella—

279 735 366 768 tione
392 739 446 767 aut
469 733 681 766 inhibitione.

93 801 267 828 [laqueetur-m·
322 788 336 832 ἓ
361 787 415 821 15.
442 786 530 827 Cum,
557 787 596 819 ad
621 786 858 830 praescriptum
891 795 1021 830 quoque

81 833 121 874 iiii}
148 829 486 881 ‘'iiiiii-ixii}Tridentinae
518 840 647 884 Synodi‚
674 840 836 883 episcopis
863 840 889 872 is
914 839 1022 872 honor

80 883 192 907 ⁹¹¹⁹¹³¹¹¹³'
279 893 475 927 tribuendus
502 894 554 933 sit,
574 893 628 936 qui
647 903 760 927 eorum
779 893 927 936 dignitati
946 903 1021 926 con-

277 946 375 988 venit,
396 946 507 990 eisque
525 947 558 979 in
584 946 687 979 choro
714 951 746 979 et
769 946 801 978 in
820 946 974 990 capitulo,
988 945 1020 978 in

276 998 544 1043 processionibus
573 1005 606 1032 et
631 998 702 1033 aliis
729 998 853 1032 actibus
879 998 1021 1042 publicis

276 1051 401 1095 primus
427 1053 518 1085 locus
545 1062 616 1085 esse
643 1052 772 1092 debeat,
792 1056 823 1084 et
844 1051 1021 1094 praecipue

277 1104 423 1138 omnium
449 1115 559 1138 rerum
588 1105 788 1148 agendarum
819 1105 1019 1145 auctoritas;

276 1158 469 1191 mandamus
495 1158 527 1190 id
552 1158 709 1200 religiose
728 1168 763 1190 ac
782 1163 943 1201 perpetuo
970 1157 1022 1190 oh·

276 1211 397 1244 servari
422 1211 455 1243 in
480 1211 631 1244 omnibus
664 1211 789 1244 actibus
814 1211 895 1244 adeo
918 1211 1021 1244 iustae

276 1264 465 1297 huiusmodi
490 1264 771 1307 praeeminentiae
790 1270 821 1296 et
839 1264 1020 1297 auctoritati

276 1317 517 1358 consentaneis,
535 1327 602 1350 non
621 1316 825 1350 obstantibus
840 1317 1021 1360 privilegiis

276 1370 373 1404 etiam
393 1380 430 1403 ex
450 1369 641 1402 fundatione
660 1370 931 1413 competentibus,
947 1381 1021 1403 con-

275 1423 504 1457 suetudinibus
547 1423 643 1456 etiam
682 1423 994 1456 immemorabilibus
1012 1451 1019 1464 ,

276 1476 457 1517 sententiis,
472 1476 662 1509 iuramentis
677 1481 708 1509 et
722 1476 921 1516 concordiis,
938 1487 1020 1520 quae

277 1540 355 1563 suos
380 1535 505 1563 tantum
530 1529 678 1573 obligent
702 1536 861 1563 auctores.

112 1592 266 1618 netiatosamm
322 1583 337 1627 ς
362 1582 414 1616 16.
433 1583 614 1623 Praeterea,
636 1588 672 1615 ut
689 1583 869 1616 claustralis
888 1594 1020 1627 quoque

81 1624 470 1679 hfssfflmmssr'ffildisciptinae
505 1635 598 1678 vigor
633 1635 776 1668 illibatus
809 1642 1021 1678 permaneat,

81 1672 266 1720 ixi'vii'udffiead‘iiil
277 1688 464 1732 pontificiae
489 1693 622 1721 nostrae
647 1688 875 1722 sollicitudinis
910 1696 1021 1732 partes

81 1726 130 1746 Μ’
279 1742 374 1775 etiam
401 1742 550 1775 duximus
575 1742 847 1785 interponendas.
868 1742 945 1775 Cum
965 1743 1022 1776 ita-

278 1805 342 1838 que
360 1795 561 1838 experientia
579 1801 778 1838 compertum
799 1795 906 1835 suerit,
920 1806 1021 1838 quan-

277 1853 344 1880 tum
363 1848 548 1881 detrimenti
566 1848 612 1881 illi
631 1847 792 1889 afferatur,
814 1860 850 1882 ex
870 1859 935 1892 quo
953 1850 1022 1892 plu-

277 1911 328 1934 res
346 1901 385 1934 ad
406 1901 597 1944 religiosum
623 1901 770 1934 habitum
796 1902 1020 1943 admittantur,

276 1965 372 1998 quam
402 1954 486 1987 vires
518 1954 706 1987 reddituum
739 1954 920 1998 patiantur3
953 1966 1021 1989 mo-

277 2008 380 2041 derno
407 2018 443 2041 ac
467 2018 530 2051 pro
556 2013 704 2051 tempore
730 2008 880 2042 existenti
908 2016 1020 2044 nostro

277 2066 309 2094 et
323 2061 532 2104 Apostolicae
550 2060 643 2093 Sedis
661 2060 693 2092 in
715 2061 832 2094 iisdem
851 2062 1021 2106 Hispania-

276 2124 349 2147 rum
368 2113 479 2157 regnis
504 2113 623 2146 nuncio
641 2124 701 2157 per
721 2120 911 2157 praesentes
934 2126 1021 2150 com·

276 2167 432 2200 mittimus
458 2171 491 2200 et
514 2167 719 2208 mandamus,
745 2172 780 2200 ut
805 2173 896 2202 curet
921 2174 951 2201 et
976 2169 1020 2202 vi-

277 2220 447 2263 gilantiam
473 2219 640 2261 adhibeat,
660 2231 701 2253 ne
721 2226 835 2253 contra
859 2221 1021 2264 praescri-

277 2278 368 2317 ptum
404 2273 576 2307 memorati
614 2272 749 2306 Concilii
784 2273 961 2307 Tridentini
987 2275 1019 2307 in

277 2326 496 2366 monasteria,
523 2331 703 2360 conventus
730 2332 761 2359 et
787 2327 900 2360 domos
917 2355 924 2368 ‚
957 2334 1018 2361 tam

279 2380 421 2412 virorum
446 2389 541 2422 quam
567 2380 752 2420 mulierum,
769 2379 834 2413 sive
856 2381 942 2414 bona
960 2381 1020 2414 im-

278 2431 412 2465 mobilia
436 2431 626 2475 possideant
645 2433 711 2465 sive
729 2442 792 2466 non
817 2433 1016 2476 possideant,

277 2483 383 2516 maior
414 2493 571 2516 numerus
604 2485 801 2529 recipiatur,
836 2496 932 2529 quam
965 2487 1018 2530 qui

866 209 1076 233 INNOCENTIL'S
1104 209 1159 232 x111
1184 209 1231 232 ΡΡ.

1706 201 1770 233 2⁸37
1818 210 1866 236 An.
1885 209 1914 237 C.
1935 208 2001 235 1723

1064 258 1113 291 vel
1145 268 1183 290 ex
1214 259 1382 291 consuetis
1418 259 1632 302 eleemosynis
1672 258 1807 301 aliisque

1065 311 1326 355 quibuscumque
1362 310 1638 350 obventionibus,
1664 311 1696 343 in
1722 321 1808 344 com-

1065 375 1161 397 mune
1181 370 1288 397 tamen
1308 363 1525 403 conserendis,
1547 364 1718 397 commode
1735 374 1808 406 pos-

1065 416 1104 449 sit
1131 417 1317 450 sustentari.

1108 470 1122 512 3
1148 469 1199 503 17.
1225 469 1357 508 Quoties
1380 480 1455 503 vero
1481 471 1645 512 regulares
1663 469 1702 501 ad
1720 469 1808 502 ordi-
1845 482 2004 512 arqui-mom.

1065 533 1122 555 nes
1148 528 1243 556 erunt
1260 523 1486 566 promovendi,
1508 526 1655 555 servetur
1673 509 2004 555 omninofif?{2¹'¹i1''¹.⁴-¹1¹‘¹“''¹³'

1065 576 1232 608 decretum
1279 575 1551 618 Congregationis
1593 567 1868 612 cardinalium2325?¹

1063 628 1196 662 Concilii
1230 627 1411 661 Tridentini
1448 628 1664 671 interpretum
1691 637 1707 659 a
1732 628 1806 670 piae
1818 614 2005 662 ἓῖἒιῖἶὲὲῖωᾝωω

1064 680 1240 714 memoriae
1265 680 1430 714 Clemente
1464 681 1549 723 Papa
1573 680 1636 712 Ylll
1662 680 1805 723 praede-

1065 744 1193 766 cessore
1230 733 1324 767 etiam
1362 739 1475 767 nostro
1502 732 1729 766 confirmatum
1755 733 1807 766 die

1064 797 1101 820 xv
1126 786 1233 819 martii
1259 797 1389 827 MDXCVI,
1419 797 1482 830 quo
1504 786 1647 819 sancitur
1675 797 1741 819 non
1768 786 1808 820 ad

1065 840 1162 873 alium
1190 850 1286 883 quam
1305 841 1343 873 ad
1363 841 1552 884 episcopum
1579 840 1808 873 dioecesanum

1064 893 1188 925 litteras
1215 893 1415 926 dimissorias
1450 902 1509 936 pro
1540 892 1729 926 eorumdem
1756 902 1808 924 or-

1065 946 1179 979 dinum
1213 947 1423 990 susceptione
1449 956 1466 979 a
1491 945 1555 979 suis
1584 945 1808 989 superioribus

1066 1009 1136 1033 esse
1151 999 1346 1042 dirigendas,
1362 1004 1591 1043 praeterquam
1607 999 1638 1031 in
1653 1009 1728 1031 casu
1744 1008 1808 1041 quo

1066 1052 1281 1086 dioecesanus
1306 1063 1323 1085 a
1347 1052 1489 1085 dioecesi
1516 1052 1656 1092 abesset,
1685 1052 1735 1084 vel
1762 1062 1809 1085 or-

1066 1107 1250 1140 dinationes
1276 1117 1340 1140 non
1363 1111 1450 1139 esset
1467 1105 1650 1145 habiturus,
1671 1115 1736 1148 quo
1762 1110 1808 1137 et-

1065 1159 1128 1192 iam
1147 1170 1221 1192 casu
1239 1159 1271 1191 in
1290 1159 1406 1192 litteris
1433 1158 1623 1191 dimissoriis
1643 1158 1681 1190 ad
1708 1158 1806 1190 aliurn

1066 1212 1253 1255 episcopum
1280 1211 1460 1254 dirigendis
1488 1221 1641 1255 expressa
1666 1210 1735 1244 sieri
1754 1211 1808 1244 dc-

1065 1266 1139 1298 beat
1164 1265 1287 1298 mentio
1316 1266 1365 1298 vel
1392 1265 1430 1297 de
1461 1264 1626 1307 praedicta
1659 1265 1806 1308 episcopi

1066 1318 1253 1351 dioecesani
1270 1318 1423 1357 absentia,
1439 1319 1488 1350 vel
1503 1319 1542 1350 de
1557 1318 1611 1350 illa
1625 1317 1687 1350 alia
1700 1319 1807 1358 causa,

1065 1370 1219 1403 videlicet
1239 1371 1325 1414 quod
1348 1369 1573 1403 ordinationes
1599 1381 1665 1403 non
1687 1370 1728 1402 sit
1753 1370 1808 1403 ha-

1043 1458 1044 1470 *
1064 1424 1201 1463 biturus,
1217 1424 1360 1466 exceptis
1378 1429 1495 1464 tamen,
1507 1425 1612 1467 quoad
1629 1425 1805 1468 praedicta,

1064 1476 1270 1520 regularibus
1307 1477 1392 1517 illis,
1420 1477 1537 1520 quibus
1573 1487 1632 1521 per
1665 1478 1806 1521 speciale

1042 1545 1044 1553 ι
1065 1531 1273 1574 privilegium
1291 1542 1307 1564 a
1328 1530 1409 1564 Sede
1428 1530 1615 1574 Apostolica
1633 1537 1707 1574 post
1724 1531 1808 1566 Con-

1065 1584 1176 1618 cilium
1217 1585 1443 1618 Tridentinum
1481 1584 1577 1617 suerit
1617 1592 1807 1618 concessum

1064 1643 1100 1669 ut
1119 1648 1137 1670 a
1155 1637 1303 1680 quolibet
1329 1636 1491 1670 catholico
1513 1637 1654 1670 antistite
1675 1637 1807 1670 ordines

1066 1690 1234 1733 suscipere
1265 1691 1416 1734 possint,
1454 1700 1552 1733 super
1584 1701 1646 1733 quo
1679 1690 1806 1724 indulto

1065 1742 1148 1775 nihil
1174 1752 1233 1785 per
1264 1748 1453 1786 praesentes
1483 1742 1640 1776 innovare
1666 1743 1808 1776 intendi-

1065 1805 1148 1828 mus.
1172 1795 1323 1828 Noverint
1341 1800 1447 1827 autem
1468 1795 1614 1838 episcopi
1632 1805 1667 1828 se
1686 1796 1807 1829 debere

1065 1859 1124 1891 per
1158 1848 1373 1891 semetipsos,
1409 1849 1536 1881 secluso
1571 1848 1805 1891 aegrotationis

1065 1912 1152 1941 casu,
1173 1901 1306 1934 ordines
1332 1902 1493 1942 conferre,
1514 1907 1545 1934 et
1562 1912 1729 1935 sacrorum
1754 1913 1807 1936 or-

1065 1955 1176 1988 dinum
1204 1954 1425 1995 collationem,
1452 1954 1579 1987 statutis
1598 1966 1614 1987 a
1632 1955 1700 1988 iure
1726 1961 1806 1989 tem-

1063 2008 1209 2052 poribus,
1228 2019 1263 2041 ac
1281 2008 1313 2040 in
1339 2008 1521 2041 cathedrali
1549 2009 1694 2050 ecclesia,
1716 2020 1806 2043 voca-

1065 2062 1104 2095 tis
1123 2066 1154 2094 et
1179 2061 1382 2095 adstantibus
1407 2061 1583 2102 canonicis,
1605 2062 1735 2106 publice
1754 2063 1805 2096 ha-

1063 2115 1203 2148 bendam
1230 2124 1321 2156 esse,
1347 2116 1419 2156 vel,
1445 2115 1471 2148 si
1497 2115 1529 2148 in
1556 2115 1620 2148 alio
1646 2115 1805 2149 dioecesis

1064 2169 1145 2209 loco,
1167 2178 1298 2212 semper
1316 2173 1422 2201 tamen
1441 2169 1473 2200 in
1492 2169 1631 2202 ecclesia
1649 2174 1804 2213 quantum

1041 2247 1043 2257 ,
1063 2221 1134 2254 fieri
1159 2221 1281 2264 poterit
1305 2221 1444 2264 digniori
1465 2232 1501 2255 ac
1518 2227 1690 2265 praesente
1716 2223 1804 2255 clero

1064 2276 1211 2309 eiusdem
1237 2275 1312 2309 loci.
1339 2275 1383 2308 Ne
1410 2286 1486 2308 vero
1517 2275 1734 2315 incertitudo,
1763 2286 1804 2308 an

1063 2329 1127 2372 ipsi
1153 2327 1373 2361 ordinationes
1408 2327 1472 2360 sint
1503 2327 1671 2368 habituri,
1706 2327 1803 2359 nimis

1041 2417 1043 2423 ¹
1064 2391 1159 2424 grave
1184 2380 1295 2414 afferat
1315 2381 1557 2414 incommodum
1575 2380 1805 2423 promovendis

1064 2434 1150 2467 varia
1175 2433 1335 2466 dioecesis
1356 2435 1426 2466 loca
1443 2433 1723 2471 inhabitantibus,
1744 2443 1804 2475 per

1062 2497 1207 2519 mensem
1240 2492 1326 2526 ante,
1350 2486 1487 2528 singulis
1511 2485 1644 2524 vicibus,
1671 2484 1802 2527 publico

278 2537 328 2570 vel
346 2547 383 2570 ex
400 2536 613 2579 proventibus
629 2538 773 2581 propriis
793 2539 938 2582 ipsorum
957 2550 1019 2573 mo-
1064 2539 1168 2572 edicto
1193 2539 1231 2572 ab
1256 2539 1372 2572 iisdem
1393 2539 1555 2582 episcopis
1580 2537 1800 2577 denuntietur,

278 2590 505 2631 misteriorum,
524 2595 744 2624 conventuum
762 2597 815 2625 aut
833 2592 1016 2635 domorum,

363 2653 445 2681 Buzt.
469 2652 553 2681 Rom.
570 2669 603 2673 —
624 2653 686 2682 1³01.
704 2653 780 2685 XXI.
928 2655 978 2682 118

1063 2602 1095 2626 se
1121 2591 1343 2626 ordinatIOnes
1381 2601 1449 2626 esse
1475 2591 1656 2632 habiturOS‚
1684 2589 1802 2623 adeout
