2269 3203
2 2451 10 2635 .-..-·-.-o—
3 2438 6 2444 .

70 244 119 274 An.
136 243 166 274 C.
187 245 256 274 ¹703

103 649 132 669 De
154 649 258 668 electione

76 682 206 701 supr-rtu-rnm
239 678 258 694 et

78 708 148 722 vicari·
158 708 210 722 rutn-

111 2557 143 2580 ne
157 2557 250 2580 novitiis.

883 243 1025 268 crenrxs
1051 244 1082 268 xx
1109 246 1156 268 rr.
1722 234 1763 268 87
1810 244 1858 271 An.
1875 243 1902 271 G.
1925 243 1996 272 1703

268 294 334 326 aliis
350 305 364 325 a
381 294 625 326 reverendissimo
642 293 745 324 abbate
761 296 811 323 aut
827 292 883 323 iam
903 292 1012 322 consti-

270 344 340 375 tutis
362 348 410 374 aut
433 342 644 375 constituendis
666 342 695 372 in
721 346 882 382 posterum,
900 342 1010 372 nullam

270 393 388 423 omnino
403 391 635 423 iurisdictionem
653 395 819 431 competere
840 391 870 421 in
887 391 1011 429 Congre-

269 442 385 481 gatione
408 441 507 471 nostra
529 441 702 476 reformata,
737 440 786 470 sed
816 439 846 470 in
876 439 1012 469 domibus

270 494 356 530 atque
378 499 445 528 erga
469 498 609 529 personas
624 488 741 519 Ordinis
763 488 901 528 antiquae
920 489 1013 518 resor-

270 538 406 570 mationis
428 543 553 575 tantum,
571 547 624 577 pro
641 537 882 568 reverendissimi
900 537 1013 567 abbatis

268 587 384 618 iuribus
407 587 599 624 vindicandis,
624 587 752 617 tuendis.

308 645 347 666 xi.
375 635 538 675 Capitulum
561 636 713 674 generale,
737 635 895 665 inhaerens
918 635 1014 665 Bullis

269 685 454 716 Summorum
471 684 646 715 Pontificum
662 685 796 723 Gregorii
811 684 864 715 XV
880 689 909 714 et
925 684 1015 715 Urba-

270 734 299 765 ni
316 734 378 764 vtll
402 744 453 774 pro
476 734 682 764 reformatione
698 733 816 765 Ordinis
839 733 932 764 nostri
955 734 1015 764 edi-

271 783 318 821 tis,
342 783 458 813 statutis
474 783 713 822 Congregationis
735 788 852 814 nostrae
874 783 1015 813 reforma-

269 837 317 863 tae
335 842 350 863 a
365 832 471 863 Sancta
487 832 560 864 Sede
576 842 652 863 anno
668 841 816 863 §mcxxxiv
834 832 1012 873 approbatis,

269 882 396 913 decretis
411 882 604 923 capitulorum
621 882 802 922 generalium
819 891 866 913 an.
882 891 1013 921 stncxxx,

269 939 431 970 Mncxxxug
454 940 616 970 htocxxxvt,
633 941 762 969 nooxtv,
779 940 927 962 noetxxvi
949 941 1015 961 san-

268 981 335 1012 citis
351 986 377 1011 et
395 981 599 1021 promulgatis,
616 981 696 1011 nulla
713 981 814 1011 habita
832 981 944 1011 ratione
967 981 1015 1010 de-

271 1030 464 1061 clarationum
498 1040 512 1060 a
546 1031 681 1071 capitulis
713 1029 898 1069 generalibus
930 1031 1015 1060 annis

269 1089 420 1112 Mncxrvm
436 1090 508 1111 sess.
527 1090 566 1119 vl,
583 1089 670 1110 ,noem
687 1090 758 1110 sess.
776 1090 804 1117 v,
822 1084 850 1110 et
866 1089 1015 1110 MDCLXXlx

270 1139 344 1161 sesS.
372 1139 403 1160 ιιι
430 1139 518 1169 super
545 1130 731 1169 superiorum
760 1134 809 1160 ant
838 1129 1015 1160 vicariorum

270 1178 472 1209 nominatione
506 1179 633 1218 simplici
667 1179 822 1215 editarum,
847 1188 919 1218 quas
946 1183 1017 1208 tam-

272 1237 360 1267 quam
393 1228 442 1258 hic
475 1236 627 1267 expressas
664 1236 801 1267 praesens
834 1225 1039 1266 capitulum,*

271 1282 371 1317 utpote
394 1276 552 1316 pontificiis
577 1277 667 1307 Bullis
690 1277 878 1306 adversantes
899 1282 927 1306 et
949 1287 1018 1307 con-

272 1325 476 1357 stitutionibus
499 1336 532 1356 ac
555 1326 696 1356 institutis
712 1326 952 1365 Congregationis
967 1336 1018 1356 no-

273 1381 350 1406 strae
373 1376 548 1406 reformatae
571 1376 734 1406 contrarias
757 1380 785 1406 ct
807 1376 921 1413 noxias,
945 1376 1019 1406 anti-

272 1429 342 1466 quat
364 1430 393 1456 et
414 1425 566 1462 rescindit,
590 1425 742 1464 religiosos
764 1434 866 1456 omnes
888 1425 950 1456 veri
972 1435 1020 1455 su-

274 1474 400 1515 perioris
423 1474 518 1504 officio
542 1474 696 1513 fungentes
728 1474 758 1504 in
788 1474 921 1504 domibus
944 1476 1020 1505 Con-

272 1524 452 1563 gregationis
483 1527 601 1554 nostrae
631 1525 815 1560 reformatae,
839 1524 888 1554 nbi
916 1524 1020 1554 fratres

274 1573 375 1604 clerici
398 1578 524 1613 quatuor
547 1583 560 1602 a
584 1574 736 1613 superiore
752 1573 932 1610 cohabitant,
950 1583 1021 1613 quo-

276 1631 403 1662 cumque
419 1623 537 1652 nomine
553 1623 750 1662 appellentur,
765 1622 851 1652 etiam
868 1622 1020 1652 domorum

274 1670 361 1701 Urbis
381 1675 409 1701 et
432 1671 596 1701 Florentiae
619 1671 754 1709 vicarios,
779 1681 793 1701 a
823 1671 951 1711 capitulo
973 1681 1022 1710 ge-

274 1720 368 1750 nerali
391 1729 443 1759 per
464 1726 575 1750 secreta
599 1721 735 1758 suffragia
751 1721 781 1750 in
798 1725 946 1760 posterum
970 1721 1022 1750 eli-

275 1769 386 1807 gendos
409 1778 484 1805 esse,
509 1773 535 1799 et
559 1769 625 1798 illos
648 1773 771 1805 tantum,
795 1770 845 1809 qui
872 1770 913 1799 sic
937 1770 1021 1800 electi

276 1818 398 1856 fuerint,
422 1819 452 1848 in
476 1818 602 1848 comitiis
624 1818 810 1857 generalibus
843 1828 909 1849 cum
942 1819 1022 1849 vocis

275 1866 387 1897 activae
409 1866 550 1904 suffragio
570 1867 684 1897 admitti
708 1877 804 1907 posse,
827 1867 939 1905 statuit,
957 1877 1023 1907 pro-

275 1915 393 1946 nuntiat
414 1919 443 1945 et
459 1915 572 1953 desinit,
591 1915 720 1955 exceptis
738 1916 854 1946 vicariis
871 1916 1021 1946 domorum

277 1964 420 1994 Renversi
442 1969 470 1995 et
486 1964 618 2002 Taurini,
636 1965 697 2004 qui,
716 1974 730 1994 a
747 1965 875 2005 capitulo
897 1974 1023 1995 conven—

277 2013 351 2044 tuali
374 2014 544 2043 monasterii
567 2013 723 2044 abbatialis
746 2023 798 2054 per
820 2019 932 2044 secreta
963 2014 1023 2044 suf-

277 2063 368 2102 fragia
386 2072 437 2103 pro
459 2072 539 2093 more
556 2065 710 2093 consessus
726 2063 872 2102 generalis
892 2067 1023 2103 tempore

278 2112 375 2149 electi,
398 2112 630 2142 confirmationis
653 2112 828 2143 beneficium
845 2113 880 2142 ab
896 2112 959 2152 ipso
975 2122 1024 2151 ge-

277 2160 370 2191 nerali
393 2160 520 2200 capitulo
539 2161 592 2191 sub
615 2161 758 2192 nullitatis
775 2164 867 2201 poena
891 2161 1023 2192 obtinere

278 2209 478 2247 tenebuntur3
511 2210 594 2239 firma
618 2215 715 2241 tamen
739 2215 767 2241 et
789 2210 884 2240 stabili
909 2220 1024 2250 perma-

278 2262 367 2288 nente
395 2258 547 2289 domorum
581 2259 669 2298 capiti
691 2259 809 2289 Ordinis
842 2268 1023 2289 annexarum

279 2307 401 2345 unione,
425 2307 471 2337 cui
496 2317 546 2347 per
569 2308 770 2347 supradictum
798 2308 949 2338 decretum
979 2318 1024 2337 ca-

279 2356 404 2394 pitulum
427 2357 564 2394 generale
596 2357 710 2387 nullum
744 2357 955 2396 praeiudicium
980 2358 1025 2387 in-

282 2404 356 2434 ferre
378 2405 521 2442 intendit,
545 2411 661 2436 servato
684 2407 772 2436 etiam
795 2407 917 2446 antiquo
939 2416 1026 2446 supe—

282 2453 392 2483 riorum
413 2458 442 2484 et
463 2455 641 2485 vicariorum
664 2455 784 2489 ordine,
814 2456 864 2496 qui
889 2456 1025 2486 eumdem

281 2501 416 2538 gradum,
440 2503 575 2542 idemque
598 2513 704 2534 nomen
728 2504 913 2535 obtinebunt.

321 2558 374 2579 xn.
390 2550 493 2580 Nullus
509 2552 652 2590 superior,
663 2552 750 2582 etiam
762 2553 1026 2584 reverendissimus

283 2596 372 2628 abhas
395 2599 554 2638 generalis,
578 2601 760 2639 postulantes
780 2602 814 2632 ad
841 2602 973 2633 habitum
997 2607 1025 2633 et

282 2647 408 2683 novitios
430 2647 464 2677 ad
487 2648 698 2693 professionem
727 2650 882 2682 admittere
904 2660 1027 2694 praesu-

1054 299 1126 331 mat,
1151 293 1207 323 nisi
1232 293 1402 334 praemissis
1425 293 1682 324 informationibus
1704 295 1800 333 legiti-

1054 342 1121 379 mis,
1145 352 1177 373 ac
1205 343 1339 373 examine
1371 343 1490 383 praevio
1523 343 1558 373 de
1591 353 1691 373 eorum
1725 343 1798 381 vita,

1055 392 1197 429 moribus,
1221 392 1347 423 scientia
1370 396 1398 422 et
1421 391 1612 432 qualitatibus
1639 393 1669 422 in
1698 392 1802 423 defini-

1055 441 1131 471 torio
1147 441 1287 471 discussis
1309 445 1336 471 et
1351 441 1532 481 approbatis,
1550 441 1711 472 secundum
1734 451 1801 471 con-

1056 490 1226 521 stitutiones
1260 490 1352 521 felicis
1384 490 1594 521 recordationis
1622 491 1694 521 Sixti
1718 491 1740 521 V
1773 496 1801 521 et

1055 539 1213 569 Clementis
1232 539 1304 575 vlll,
1330 548 1363 569 ac
1385 539 1501 569 decreta
1517 539 1639 579 capituli
1654 538 1802 578 generalis

1056 587 1126 618 anni
1142 597 1274 626 MDCxxx‚
1291 598 1363 618 sess.
1383 597 1429 626 xv,
1448 598 1493 619 xv1
1517 593 1545 618 et
1560 597 1619 619 xvn
1641 588 1730 626 edita,
1747 587 1802 618 sub

1057 638 1151 676 poena
1182 637 1385 677 suspensionis
1414 637 1449 667 ab
1481 637 1588 674 officio,
1619 641 1648 667 et
1680 637 1745 668 aliis
1772 637 1801 668 in

1057 685 1157 715 eadem
1181 685 1391 715 constitutione
1414 685 1572 716 Clementis
1595 685 1656 716 Vlll
1685 695 1802 726 expres-

1057 734 1117 771 si>3
1138 734 1389 774 praefiniaturque
1411 744 1426 763 a
1449 735 1578 774 capitulo
1592 735 1723 774 generali
1745 738 1803 764 sta-

1058 787 1136 814 tutus
1159 788 1185 814 et
1209 788 1346 814 constans
1369 784 1547 814 novitiorum
1576 793 1727 819 numerus,
1752 784 1803 824 qui

1058 833 1185 863 triennio
1217 832 1347 872 quolibet
1378 833 1456 863 iuxta
1490 833 1643 864 domorum
1670 833 1803 864 redditus

1058 882 1087 912 in
1121 882 1381 921 Congregationem
1413 883 1528 913 admitti
1561 883 1674 923 possit,
1708 892 1804 923 nequo

1059 933 1136 962 hunc
1152 941 1307 962 numerum
1321 933 1465 971 adaugere
1482 938 1510 963 et
1526 933 1692 971 transgredi
1704 933 1801 963 liceat.

1097 981 1186 1012 Facta
1208 981 1429 1021 praedictorum
1456 982 1643 1012 decretorum
1669 982 1698 1012 in
1726 982 1804 1022 capi-
1860 991 1935 1012 aerata
1957 992 2000 1010 sra-

1059 1031 1118 1061 tulo
1147 1031 1279 1070 generali
1310 1031 1544 1071 promulgatione
1572 1033 1729 1072 expressa,
1759 1020 1999 1069 re·'s3¹0³„⁰2‘''0⁷'„'{2'.¹i,³.i2

1059 1081 1263 1111 verendissimi
1287 1086 1384 1120 patres
1413 1081 1528 1111 vocales
1557 1091 1657 1112 omnes
1686 1085 1715 1111 et
1743 1081 1803 1111 sin·
1815 1071 1999 1119 2ss„,⁰,2³‘¹2{'‚¹¹'322¹„³¹,

1059 1130 1137 1168 guli,
1168 1130 1202 1160 ad
1235 1134 1406 1170 perpetuam
1437 1139 1537 1161 eorum
1572 1125 2002 1176 observantiam,ssgffffgig‘gguffifgj

1060 1184 1202 1220 quantum
1225 1180 1260 1209 ad
1282 1189 1312 1210 se
1336 1180 1506 1219 pertinebit,
1523 1180 1715 1211 iureiurando
1731 1180 1806 1210 sole·
1817 1177 2002 1227 {532³S‘⁰gs¹[{2³

1060 1230 1132 1267 mni,
1156 1228 1290 1258 manibus
1313 1229 1347 1259 ad
1372 1233 1474 1268 pectus
1496 1229 1650 1269 appositis,
1673 1239 1736 1260 sese
1757 1230 1808 1260 ad-

1060 1278 1255 1315 strinxerunt,
1280 1278 1494 1318 volueruntque
1522 1279 1643 1318 insuper
1671 1283 1702 1308 ut
1724 1288 1808 1309 reve-

1061 1327 1254 1357 rendissimus
1287 1326 1376 1356 abbas
1406 1336 1470 1357 mox
1501 1327 1653 1366 eligendus
1686 1327 1809 1368 eiusque

1062 1385 1248 1406 successores
1270 1376 1365 1406 officio
1389 1385 1441 1405 suo
1464 1376 1583 1414 defungi
1606 1386 1663 1406 non
1683 1376 1806 1416 possint,

1062 1425 1119 1456 nisi
1142 1425 1225 1465 prius
1247 1425 1364 1455 decreta
1387 1425 1556 1456 huiusmodi
1579 1425 1675 1456 omnia
1699 1430 1727 1456 et
1749 1426 1809 1456 sin-

1063 1475 1129 1513 gula
1163 1474 1193 1504 in
1226 1474 1372 1513 integrum
1403 1484 1416 1504 a
1449 1484 1479 1505 se
1502 1478 1601 1505 sancte
1624 1479 1652 1505 et
1671 1475 1809 1513 religiose

1063 1523 1243 1554 observanda
1280 1525 1340 1553 fore
1378 1523 1467 1554 simili
1506 1524 1671 1554 iuramento
1710 1533 1809 1554 coram

1064 1573 1199 1604 omnibus
1215 1573 1466 1611 confirmaverint3
1483 1577 1511 1603 et
1526 1577 1584 1602 tarn
1601 1573 1812 1603 reverendissi-

1065 1632 1128 1652 mus
1151 1621 1239 1651 abbas
1261 1622 1396 1661 superior
1419 1622 1574 1660 generalis,
1598 1631 1684 1661 quam
1707 1621 1811 1652 defini-

1066 1676 1153 1707 tores,
1170 1680 1203 1701 ac
1222 1671 1389 1711 specialiter
1412 1675 1582 1710 procurator
1597 1671 1743 1709 generalis
1759 1670 1811 1702 Or-

1064 1721 1141 1750 dinis
1164 1720 1194 1750 in
1217 1720 1302 1750 Curia
1327 1720 1557 1759 praemissorum
1588 1720 1718 1750 omnium
1741 1730 1810 1751 con-

1065 1770 1263 1800 firmationem
1295 1779 1309 1799 a
1336 1769 1456 1799 Summo
1479 1769 1621 1800 Pontifice
1648 1779 1699 1809 per
1721 1770 1811 1800 Breve

1065 1819 1259 1858 apostolicum
1282 1818 1512 1858 quamprimum,
1530 1823 1557 1848 et
1572 1818 1647 1848 infra
1664 1827 1715 1848 sex
1731 1827 1813 1849 inen-

1065 1877 1123 1904 ses,
1137 1867 1161 1897 si
1178 1867 1303 1906 possint,
1318 1867 1450 1897 obtinere
1469 1866 1623 1904 curabunt,
1641 1871 1673 1897 ut
1689 1867 1812 1906 praefati

1066 1917 1181 1946 articuli
1206 1926 1307 1946 omnes
1330 1916 1550 1946 constitutionis
1573 1916 1649 1955 apud
1672 1926 1725 1946 nos
1748 1926 1813 1955 per-

1067 1970 1171 2005 petuae
1204 1966 1261 1995 vim
1295 1969 1322 1995 et
1355 1965 1557 1995 auctoritatem
1581 1964 1701 2003 habere,
1726 1965 1812 1995 acin

1067 2018 1214 2054 posterum
1238 2014 1378 2044 inviolate
1401 2013 1549 2044 observari
1574 2014 1687 2053 possint
1714 2017 1742 2044 et
1765 2023 1814 2044 va-

1066 2064 1156 2094 leant.
1180 2064 1282 2094 Actum
1307 2063 1383 2103 apud
1406 2063 1617 2094 monasterium
1639 2063 1669 2094 S.
1694 2062 1813 2095 Antonii

1066 2113 1243 2143 Viennensis
1264 2112 1293 2143 in
1317 2112 1445 2152 capitulo
1461 2112 1602 2151 generali,
1621 2112 1750 2143 sessione
1773 2122 1812 2151 iv,

1067 2163 1115 2192 die
1143 2171 1211 2192 vero
1241 2162 1349 2192 mensis
1377 2171 1403 2191 lv
1427 2161 1615 2201 septembris,
1645 2171 1721 2192 anno
1749 2166 1814 2202 post

1067 2211 1213 2242 Christum
1238 2216 1339 2241 natum
1362 2219 1473 2241 noccn.
1507 2211 1538 2241 In
1572 2220 1696 2251 quorum
1725 2211 1813 2241 fidem

1068 2260 1182 2290 vocales
1204 2269 1304 2289 omnes
1327 2259 1375 2289 hic
1397 2259 1649 2299 subscripserunt,
1667 2264 1695 2289 et
1716 2259 1814 2298 sigillo

1068 2309 1188 2349 capituli
1207 2308 1336 2347 generali
1359 2309 1468 2338 muniri
1491 2308 1652 2338 iusserunt.

1108 2359 1209 2388 Frater
1232 2358 1355 2388 Ioannes
1377 2358 1519 2388 Dufresne
1536 2358 1614 2397 prior
1635 2358 1810 2393 claustralis,
1863 2372 1949 2393 mmm
1972 2377 2009 2392 00.

1069 2408 1104 2437 fr.
1139 2406 1250 2446 Gaspar
1280 2407 1389 2446 Fayard
1421 2407 1569 2443 definitor,
1603 2407 1638 2436 fr.
1674 2398 2008 2437 Claudiuss⁰¹¹¹·‘³¹¹l⁶⁰“'⁶‘

1825 2426 1851 2446 tis
1868 2431 1890 2445 ca
1909 2425 1955 2445 nuti
1988 2431 2009 2444 a·

1069 2456 1215 2486 Barracan
1238 2455 1386 2493 definitor,
1424 2456 1459 2485 fr.
1493 2455 1668 2485 Franciscus
1694 2431 2009 2504 Masseisgggssfffgufflgi·

1069 2504 1218 2541 definitor,
1252 2504 1288 2533 fr.
1314 2504 1509 2543 Hieronymus
1531 2504 1635 2534 Faiard
1668 2503 1813 2541 visitator,

1069 2553 1107 2582 sr.
1132 2553 1250 2592 Pignier
1273 2553 1417 2590 visitator,
1441 2553 1476 2582 sr.
1500 2553 1537 2583 M.
1555 2552 1690 2582 llesseler
1711 2561 1815 2591 procu-

1070 2606 1148 2633 rator
1164 2602 1321 2641 generalis,
1342 2601 1377 2632 fr.
1395 2602 1539 2633 Antonius
1555 2601 1658 2640 Foryet
1680 2599 1815 2639 superior

1069 2651 1255 2688 parisiensis,
1280 2651 1314 2689 fr.¹
1331 2650 1482 2686 Delamare
1505 2649 1639 2690 superior
1657 2647 1812 2690 Cambrefi,
