2269 3203
289 227 337 254 An.
360 227 388 255 c.
410 227 477 254 1714
526 218 588 252 003

480 288 515 309 ac
548 277 704 320 dignitate
737 278 974 321 praefulgeant,
1011 278 1218 317 inflictarum,

481 330 596 364 misere
622 331 731 371 oblita,
758 331 987 364 damnabiliter
1012 331 1148 370 devenit,
1168 341 1220 363 ec-

480 384 692 417 clesiasticam
718 384 983 421 libe1·tatem‚Dei
1011 383 1220 416 ordinatione

480 442 511 470 et
548 437 712 469 canonicis
749 436 973 469 sanctionibus
999 436 1217 477 constitutam,

479 496 590 533 aperte
617 490 770 523 laeserint
788 501 823 522 ac
842 489 985 529 laedant,
1006 494 1219 533 nostramque

480 549 510 576 et
532 543 626 576 huius
645 543 779 575 Sanctae
794 541 885 575 Sedis
901 542 1138 582 auctoritatem,
1158 554 1218 586 qua

479 596 636 629 isidorum
658 595 941 639 archiepiscopum
967 596 1148 639 praefatum
1168 606 1220 629 ec-

479 649 596 682 clesiae
622 648 855 682 Tarraconensi
882 649 1099 692 supradictae,
1137 648 1219 681 sicut

480 701 711 745 praemittitur,
753 702 984 745 praefecimus,
1029 702 1218 745 gravissime

479 755 670 788 violaverint
696 762 727 789 et
752 756 884 797 violent,
917 767 953 789 ac
987 756 1121 799 insuper
1151 755 1218 788 ani-

479 820 545 842 mas
571 808 711 852 pretioso
730 808 895 842 salvatoris
922 815 954 842 et
972 809 1093 842 domini
1115 808 1216 842 nostri

479 863 548 895 lesu
574 861 692 895 Christi
714 862 871 905 sanguine
893 863 1078 905 redemptas
1099 861 1130 894 in
1153 872 1219 894 ma-

480 915 562 948 ¹xiima
587 915 731 958 pericula
757 915 920 948 coniicere
947 915 1083 958 possint3
1121 914 1217 947 adeo-

479 979 540 1012 que
566 979 685 1001 novum
704 974 735 1001 ct
755 980 830 1001 sane
858 969 1071 1012 peracerbum
1100 969 1217 1001 vulnus

478 1022 712 1066 multiplicibus
737 1023 809 1056 aliis
834 1034 869 1055 ac
889 1022 1051 1056 diuturnis
1078 1021 1215 1062 iniuriis,

479 1086 557 1118 quas
583 1081 692 1108 sancta
718 1075 772 1107 Dei
798 1075 942 1109 Ecclesia
967 1074 1159 1118 iampridem
1187 1075 1217 1107 in

479 1128 517 1160 iis
544 1127 720 1161 ditionibus
745 1128 876 1171 pertulit
902 1134 934 1161 et
954 1128 1060 1161 adhuc
1086 1127 1217 1172 perfert,

479 1181 659 1223 adiungere
697 1186 888 1214 noscantur:
927 1181 1004 1213 hinc
1040 1186 1090 1214 est
1129 1181 1217 1224 quod

479 1244 547 1275 nos,
574 1234 627 1278 qui
654 1234 771 1267 iurium
797 1234 1096 1268 ecelesiasticorum
1123 1244 1220 1267 asser·

480 1292 566 1320 tores
591 1287 621 1320 in
650 1287 744 1320 terris
771 1298 787 1320 a
812 1287 948 1320 Domino
974 1287 1139 1320 constituti
1166 1298 1219 1319 su-

480 1351 557 1381 mus,
585 1340 798 1384 omniumque
824 1340 1034 1374 ecclesiarum
1069 1345 1100 1372 et
1124 1340 1215 1373 chri·

479 1393 667 1427 stifidelium
700 1405 808 1427 curam
835 1399 865 1426 et
890 1393 1142 1427 sollicitudinem
1169 1404 1219 1426 su-

479 1449 582 1490 perna
597 1447 809 1491 dispositione
820 1446 1218 1490 gerimus,tametsiprobe

481 1500 618 1534 sciamus
644 1505 782 1544 quantus
805 1510 932 1544 semper
954 1500 1049 1533 fuerit.
1074 1506 1105 1532 et
1123 1511 1217 1543 quam

481 1559 635 1588 constans
665 1553 797 1597 capituli
832 1559 862 1587 et
892 1553 1123 1587 canonicorum
1161 1564 1215 1586 ec-

480 1606 599 1640 clesiae
634 1606 882 1640 Tarraconensis
915 1606 1103 1639 huiusmodi
1142 1617 1218 1649 erga

481 1671 540 1694 nos
567 1665 597 1693 et
614 1660 731 1693 Sedem
749 1660 946 1704 praedictam
972 1660 1117 1693 sincerae
1144 1659 1217 1693 [idei

480 1725 516 1746 ac
543 1713 727 1746 devotionis
752 1712 898 1752 affectus,
925 1719 1081 1757 quantum
1107 1713 1217 1746 itidem

481 1773 512 1800 et
537 1777 632 1810 quam
652 1773 744 1800 tenax
763 1767 999 1800 ecclesiasticae
1026 1767 1216 1810 disciplinae

480 1820 631 1860 studium,
659 1826 778 1864 quanta
808 1820 936 1853 demum
968 1826 998 1853 et
1024 1831 1118 1863 quam
1145 1820 1219 1853 reli-

480 1874 570 1917 giosa
594 1884 760 1907 sacrorum
788 1884 949 1906 canonum
967 1901 974 1913 ,
1001 1873 1217 1907 conciliorum

480 1927 731 1967 ordinationum,
751 1932 783 1960 et
801 1927 1053 1971 apostolicarum
1079 1927 1217 1960 sanctio-

479 1992 555 2013 num
583 1981 803 2021 observantia,
830 1981 977 2024 adeoque
1003 1991 1068 2014 uon
1094 1980 1219 2014 dubite-

480 2045 550 2067 mus
575 2034 648 2078 pios
675 2034 806 2068 illorum
838 2035 963 2067 animos
996 2034 1034 2067 ad
1065 2045 1218 2078 praenar-

481 2093 566 2120 ratos
591 2088 767 2121 saecularis
792 2089 964 2132 potestatis
991 2099 1143 2122 excessus
1166 2100 1218 2121 vc-

481 2141 650 2174 hementer
676 2141 897 2183 exhorruisse,
917 2152 976 2176 nec
995 2152 1050 2176 eos
1076 2152 1217 2186 unquam

481 2194 648 2237 sacrilegis
671 2200 703 2227 et
727 2195 880 2228 inanibus
906 2196 1077 2239 potestatis
1106 2195 1217 2229 huius-

481 2247 567 2280 modi
598 2247 692 2280 iussis
731 2248 973 2291 obtemperasse
1009 2255 1064 2281 aut
1095 2248 1219 2282 obtem·

481 2305 648 2343 peraturos
680 2311 751 2334 esse
788 2301 967 2341 credamus,
996 2301 1217 2341 nihilominus,

481 2363 522 2386 ne
559 2352 758 2385 incun‘ibeuti
785 2353 877 2386 nobis
915 2354 1043 2386 muneri
1077 2354 1141 2386 ulla
1182 2364 1217 2386 ex

481 2411 575 2449 parte
601 2406 726 2446 deesse,
752 2416 788 2438 ac
808 2411 869 2438 tam
888 2406 1088 2439 horrendum
1115 2406 1217 2439 dictae

481 2459 654 2492 saecularis
684 2458 854 2502 potcstatis
894 2459 1029 2491 abusum
1070 2459 1219 2492 dissimu-

482 2514 566 2545 lasse
585 2512 763 2551 videamur,
779 2512 1046 2555 metropolitanae
1061 2512 1218 2546 ecclesiae

481 2565 716 2599 Tarraconensi
741 2565 944 2610 supradictae
961 2565 1113 2610 illiusque
1127 2577 1220 2610 prac-

482 2619 560 2653 sulis
586 2619 788 2654 indemnitati
817 2624 1002 2664 opportune
1034 2620 1219 2662 consulere,

1068 230 1101 253 nt
1110 229 1246 254 LLlisttt'tt
1272 229 1380 253 ntum
1387 229 1427 253 ΕΜ

2009 229 2057 256 An.
2079 230 2194 258 (1.1714

1265 282 1441 321 nostraque
1471 283 1502 311 et
1528 278 1672 311 ciusdem
1697 278 1789 312 Sedis
1816 278 1885 312 iura
1917 283 2000 312 sarta
2035 296 2037 298 v

1265 336 1347 364 tecta
1372 336 1467 375 atque
1492 331 1615 365 illibata
1637 332 1718 365 tueri
1739 338 1770 364 et
1794 343 2000 373 conservare,

1263 394 1390 418 necnon
1416 385 1596 418 animarum
1622 385 1774 428 periculis
1801 386 1999 425 huiusmodi,

1263 444 1419 481 quantum
1445 439 1539 472 nobis
1564 450 1599 472 ex
1626 440 1691 472 alto
1720 439 1921 480 conceditur,
1948 451 1999 473 oc-

1263 501 1394 524 currere
1420 492 1597 535 cupientes
1625 492 1835 536 omniumque
1867 499 1899 526 et
1927 493 1997 526 sin·

1263 545 1412 586 gulorum
1444 545 1475 577 iu
1509 545 1621 578 iisdem
1655 545 1842 588 praemissis
1868 557 2000 589 quomo-

1263 596 1387 629 dolibet
1426 602 1572 630 actorum
1609 602 1640 629 et
1665 603 1830 639 gestorum
1867 597 1998 637 scriem,

1262 659 1374 682 causas
1400 655 1431 682 et
1456 650 1658 689 occasiones,
1698 649 1800 683 aliave
1837 650 2001 694 quaelibet

1262 702 1357 736 etiam
1383 703 1564 747 specificam
1591 709 1622 736 et
1640 703 1837 737 individuam
1862 703 2000 737 mentio-

1262 764 1336 788 nem
1361 761 1392 788 et
1417 756 1661 798 expressionem
1682 756 1890 800 requirentia,
1905 766 1999 800 prac-

1261 808 1407 842 sentibus
1433 808 1544 841 itidem
1561 819 1621 852 pro
1640 810 1735 852 plene
1754 815 1785 841 et
1805 808 2001 842 sufficienter

1262 862 1427 904 expressis
1454 872 1489 894 ac
1515 861 1718 895 exactissime
1736 861 1930 905 specificatis
1948 861 2000 894 ha-

1261 913 1493 955 hentes‚1notu
1515 915 1662 958 proprio,
1682 925 1718 948 ac
1736 925 1771 948 ex
1791 916 1878 948 certa
1895 914 1999 948 seien-

1263 965 1305 998 tia
1330 976 1366 999 ac
1390 969 1515 999 matura
1540 966 1776 1000 deliberatione
1797 967 1926 1007 nostris,
1948 967 2000 1000 de-

1262 1029 1323 1061 que
1349 1019 1546 1062 apostolicae
1586 1019 1759 1063 potestatis
1784 1019 2000 1063 plenitudine,

1262 1082 1391 1105 omnem
1418 1077 1449 1105 ct
1474 1083 1711 1116 quamcumque
1741 1072 1999 1106 iurisdictionem

1262 1136 1318 1158 seu
1358 1131 1572 1169 potestatem,
1601 1132 1663 1159 tam
1703 1127 1735 1160 in
1775 1126 1999 1170 spiritualibus

1262 1189 1358 1222 quam
1400 1179 1430 1211 in
1474 1180 1706 1223 temporalibus
1752 1179 2000 1223 archiepiscopo

1262 1232 1496 1266 Tarraconensi
1514 1243 1572 1276 pro
1591 1238 1739 1277 tempore
1760 1233 1909 1266 existenti
1925 1244 2001 1277 quo-

1262 1286 1307 1318 vis
1332 1286 1429 1319 modo
1455 1292 1707 1330 competentem,
1727 1297 1935 1330 nequaquam
1959 1286 1999 1320 ab

1261 1340 1324 1372 alio
1350 1351 1446 1383 quam
1472 1350 1488 1373 a
1512 1346 1689 1373 memorato
1715 1341 1839 1374 isidoro
1865 1341 1999 1374 Bertran

1261 1393 1516 1437 archiepiscopo,
1543 1404 1639 1436 quem
1658 1393 1791 1434 scilicet,
1811 1393 1999 1427 auctoritate

1262 1446 1496 1490 omnipotentis
1523 1446 1590 1487 Dei,
1618 1452 1800 1480 sanctorum
1832 1447 2000 1490 apostolo-

1262 1510 1332 1532 rum
1358 1499 1445 1533 Petri
1471 1504 1503 1532 et
1520 1498 1619 1539 Pauli,
1640 1510 1677 1532 ac
1696 1501 1817 1539 nostra,
1834 1499 1999 1543 praefatae

1261 1552 1535 1596 metropolitanae
1576 1551 1732 1585 ecclesiae
1769 1551 1998 1586 Tarraconensi

1262 1613 1295 1639 ut
1320 1606 1502 1649 praefertur
1533 1605 1768 1649 praefecimus,
1794 1604 1860 1639 sive
1892 1605 1931 1638 ab
1960 1605 1999 1638 iis

1262 1671 1341 1704 quos
1367 1660 1435 1704 ipse
1463 1660 1534 1693 loco
1559 1659 1607 1693 sui
1629 1658 1770 1693 absentis
1790 1659 1829 1692 ad
1851 1659 1998 1702 regimen

1262 1714 1365 1747 dictae
1391 1713 1548 1747 ecclesiae
1573 1713 1789 1752 constituerit,
1816 1724 1852 1746 ac
1870 1712 1998 1746 interim

1261 1767 1300 1800 ab
1325 1767 1382 1800 illo
1408 1767 1457 1800 cui
1487 1771 1560 1799 ante
1593 1777 1685 1799 suum
1712 1766 1889 1799 discessum
1914 1766 1999 1800 vices

1261 1831 1335 1854 suas
1372 1820 1590 1860 commiserat,
1627 1820 1715 1852 iuxta
1750 1819 1915 1852 facultates
1951 1819 1999 1852 eis

1263 1873 1440 1917 respective
1473 1883 1646 1906 concessas
1682 1873 1730 1906 vel
1756 1871 1996 1912 concedendas,

1262 1926 1403 1961 exerceri
1429 1936 1527 1970 posse
1552 1930 1605 1960 aut
1625 1925 1755 1966 debere,
1776 1931 1888 1959 tenore
1909 1935 1999 1969 prae-

1262 1980 1400 2014 sentium
1426 1979 1632 2013 decernimus
1658 1984 1690 2012 ct
1714 1979 1929 2013 declaramus.

1305 2035 1320 2078 ἓ
1344 2033 1375 2067 3.
1404 2032 1558 2077 Adeoque
1584 2032 1728 2076 capitulo
1765 2038 1797 2066 et
1832 2031 1996 2066 canonicis

1261 2087 1420 2121 ecclesiae
1446 2086 1644 2128 huiusmodi,
1662 2086 1720 2120 sub
1741 2085 1997 2120 excommunica-

2030 2040 2146 2062 prohibitio
2157 2048 2192 2062 εο-

2007 2073 2051 2088 rum
2076 2074 2114 2088 uae
2125 2074 2136 2088 a
2146 2074 2191 2088 sae·

2007 2094 2073 2124 culam
2087 2096 2191 2119 potestate

1953 2140 1959 2146 ,
2007 2123 2099 2141 iniuncta
2110 2121 2191 2142 fueraut

1263 2142 1360 2175 tionis
1385 2143 1470 2176 latae
1495 2141 1683 2181 sententiae,
1703 2150 1831 2174 necnon
1845 2139 1999 2185 privatio-

1262 2196 1311 2228 nis
1339 2194 1574 2229 beneficiorum
1605 2194 1900 2228 ecclesiasticorum
1920 2204 1998 2237 qno-

1263 2259 1473 2292 rumcumque
1494 2259 1553 2292 per
1579 2258 1632 2281 eos
1651 2247 1864 2287 obtentorum,
1883 2257 1998 2291 perpe—

1263 2308 1401 2345 tuaeque
1422 2301 1637 2335 inhabilitatis
1663 2301 1702 2334 ad
1728 2300 1783 2333 illa
1808 2305 1840 2333 et
1863 2301 1926 2334 alia
1949 2300 1994 2333 si-

1263 2354 1351 2387 milia
1377 2355 1424 2387 vel
1450 2353 1620 2387 dissimilia
1645 2364 1870 2397 quaecumque
1890 2353 1921 2386 in
1939 2364 1998 2397 po-

1262 2413 1384 2440 sterum
1428 2406 1676 2450 quomodolibet
1707 2405 1908 2448 obtinenda,
1941 2416 1999 2449 per

1262 2459 1533 2493 contrafacientes
1566 2458 1634 2502 ipso
1669 2460 1750 2492 facto
1788 2458 1912 2502 absque
1936 2458 1998 2492 alia

1262 2512 1484 2546 declaratione
1502 2512 1704 2545 incurrendis
1721 2512 1842 2555 poenis,
1864 2521 1998 2555 quarum

1262 2565 1501 2599 absolutionem
1538 2575 1594 2598 seu
1627 2564 1863 2598 relaxationem
1900 2564 1995 2597 nobis

1263 2625 1294 2653 ct
1317 2618 1464 2653 Romano
1490 2617 1637 2653 Pontifici
1666 2628 1725 2663 pro
1758 2623 1906 2664 tempore
1931 2616 1997 2652 exi-

2007 2147 2107 2174 capitulo.
