2269 3203
106 231 157 259 Αη.
177 230 207 258 C.
226 229 293 259 1722

122 2196 278 2219 Contrariorum

96 2222 214 2249 derogatio.

902 231 1112 256 INNOCENTIUS

301 283 332 312 et
347 279 463 322 capite,
479 280 577 313 etiam
595 281 626 313 in
645 280 795 324 corpore¹
814 280 893 313 iuris
912 282 1038 320 clauso,

301 332 398 365 etiam
425 334 581 373 enormis,
606 334 852 367 enormissimae
879 339 910 366 et
937 334 1045 366 totalis

300 385 466 424 laesionis,
487 385 571 419 ullo*z
588 397 728 430 unquam
749 392 894 430 tompore
914 387 952 419 de
971 386 1046 419 sub-

300 438 459 480 reptionis
483 440 532 472 rel
562 440 768 483 obreptionis
803 446 857 472 aut
885 440 1044 473 nullitatis

301 491 389 530 vitio,
411 503 465 525 seu
492 493 683 525 intentionis
710 499 851 533 nostrae,
885 499 939 526 aut
964 494 1045 526 intc-

300 554 389 577 resse
412 545 601 578 habentium
628 548 820 585 consensus,
841 546 942 579 aliove
968 558 1045 590 quo—

299 597 380 630 libet
403 598 498 631 etiam
526 600 733 642 quantumvis
759 600 884 633 formali
912 606 943 633 et
968 601 1044 633 sub-

299 652 442 684 stantiali
486 652 752 696 individuamque
799 654 1041 697 expressionem

298 705 488 748 requirente
525 706 652 738 defectu
683 707 809 746 notari,
836 707 1042 749 impugnari,

298 757 457 801 infringi,
493 759 685 800 retractari,
718 761 749 792 in
787 761 1042 793 controversiam

297 812 414 852 vocari,
433 823 488 845 seu
514 813 553 846 ad
569 813 727 846 terminos
749 814 829 846 iuris
843 814 965 853 reduci,
985 825 1042 847 seu

297 865 452 898 adversus
483 866 556 899 illas
583 867 776 910 aperitionis
802 868 886 908 oris,
914 868 1044 900 restitu-

297 918 395 951 tionis
412 918 444 951 in
466 918 640 962 integrum,
661 921 789 953 aliudve
816 921 1042 964 quodcumque

296 971 385 1011 iuris,
409 972 484 1005 sacti
503 975 550 1006 vel
577 974 702 1016 gratiae
729 975 909 1007 remedium
935 974 1042 1007 inten-

296 1025 358 1058 tari
384 1027 432 1058 vel
454 1026 639 1070 impetrari,
657 1039 712 1060 seu
736 1029 834 1061 etiam
854 1029 1040 1072 impetrato,

296 1084 352 1111 aut
375 1079 473 1111 etiam
500 1087 610 1121 motu,
637 1081 774 1113 scientia
805 1087 836 1114 et
868 1082 1041 1124 potestatis

295 1132 500 1175 plenitudine
527 1134 660 1176 paribus
687 1145 845 1168 concesso
880 1136 929 1168 vel
955 1146 1042 1167 ema—

295 1191 383 1225 nato‚
402 1186 587 1229 quempiam
615 1186 646 1219 in
674 1187 792 1220 iudicio
818 1189 867 1221 vel
894 1193 983 1220 extra
1008 1188 1040 1221 il-

294 1238 351 1271 lud
377 1239 423 1271 uti
447 1250 505 1272 seu
528 1250 562 1272 se
582 1239 688 1273 iuvare
707 1242 773 1273 ullo
796 1240 894 1273 modo
920 1251 1038 1284 posse,

293 1291 351 1325 sed
376 1303 507 1336 semper
532 1293 652 1334 firmas,
682 1294 803 1326 validas
830 1299 862 1326 et
891 1295 1040 1327 efficaces

293 1344 434 1378 existere
460 1350 492 1378 et
520 1346 587 1378 sore
605 1373 612 1386 ‚
638 1357 781 1389 suosque
817 1348 983 1389 plenarios
1008 1353 1040 1380 et

292 1397 441 1441 integros
462 1398 598 1432 ell‘ectus
622 1400 732 1432 sortiri
759 1405 791 1433 et
814 1401 977 1441 obtinere,
1002 1413 1039 1434 ac

291 1448 368 1489 illis,
396 1450 435 1482 ad
470 1461 551 1493 quos
586 1456 713 1494 spectat
736 1455 768 1483 et
799 1462 859 1494 pro
890 1457 1038 1495 tempore

291 1503 570 1546 quandocumque
592 1505 762 1547 spectabit,
783 1504 815 1536 in
836 1505 987 1537 omnibus
1007 1510 1039 1538 et

291 1564 352 1597 per
376 1555 486 1588 omnia
510 1556 699 1599 plenissime
722 1556 904 1599 suffragari,
922 1557 1036 1600 sicque

292 1606 324 1639 in
347 1608 536 1650 praemissis
557 1619 616 1651 per
652 1618 876 1653 quoscumque
908 1610 1036 1643 iudices

291 1660 483 1693 ordinarios
501 1666 533 1693 ct
551 1662 732 1704 delegatos,
748 1662 844 1695 etiam
866 1673 1034 1696 causarum

290 1712 404 1757 palatii
430 1714 600 1756 apostolici
626 1715 804 1756 auditores,
833 1726 868 1748 ac
888 1715 919 1749 S.
940 1716 978 1749 R.
998 1716 1032 1748 E.

290 1766 477 1809 praedictae
503 1766 709 1809 cardinales,
736 1768 833 1801 etiam
868 1769 907 1801 de
932 1770 1034 1802 latere

290 1817 416 1860 legatos
444 1824 478 1851 et
511 1818 604 1852 Sedis
637 1819 845 1862 Apostolicae
880 1820 1031 1861 nuncios,

291 1870 413 1904 aliosve
438 1872 606 1914 quoslibet
637 1883 842 1917 quacumque
872 1875 1034 1917 praeemi-

290 1924 402 1957 nentia
428 1930 460 1957 et
483 1930 644 1968 potestate
670 1927 844 1969 fungentes
862 1933 894 1960 et
911 1928 1034 1960 sunctu-

288 1987 355 2018 ros,
372 1979 500 2011 sublata
517 1979 563 2012 eis
581 1984 613 2012 et
630 1989 744 2012 eorum
769 1978 1032 2024 cuilibet‘quavis

289 2031 386 2064 aliter
398 2032 564 2065 iudicandi
579 2038 609 2066 et
623 2033 863 2077 interpretandi
880 2035 1030 2068 facultate

291 2091 322 2117 et
346 2086 566 2127 auctoritate,
593 2087 731 2120 iudicari
757 2093 789 2120 et
814 2087 943 2121 definiri
976 2089 1031 2122 de-

288 2137 390 2178 bere;
417 2149 454 2171 ac
472 2139 599 2172 irritum
619 2144 651 2173 et
667 2140 766 2173 inane
792 2141 818 2173 si
840 2151 946 2181 secus,
966 2147 1026 2175 etc.

334 2191 397 2234 3¹1.
423 2190 493 2224 Non
518 2191 722 2226 obstantibus
748 2194 956 2237 praemissis,
975 2206 1027 2235 ac,

290 2245 395 2288 quoad
428 2256 466 2278 ea
495 2257 578 2289 quae
609 2248 836 2290 praesentibus
871 2254 945 2281 sunt
979 2250 1028 2282 vel

290 2297 352 2330 dici
374 2305 506 2341 possent
523 2300 697 2341 contraria,
716 2302 890 2344 praedictis
905 2302 1029 2336 Cleme-

288 2351 406 2384 mentis
432 2353 696 2395 praedecessoris
730 2360 761 2387 et
791 2355 911 2388 nostris
943 2356 1028 2389 litte-

288 2401 342 2444 ris,
357 2414 393 2437 ac
410 2406 696 2440 constitutionibus
711 2413 742 2441 et
755 2408 1026 2450 ordinationibus,

288 2456 385 2490 etiam
411 2457 444 2490 in
469 2458 658 2493 fundatione
696 2461 855 2494 dictorum
885 2473 1025 2496 conven-

288 2514 378 2543 tuum
396 2515 428 2542 et
445 2510 586 2554 hospitii,
605 2512 715 2548 aliisve
734 2515 908 2557 quibusvis,
928 2516 1026 2549 etiam

325 2581 334 2606 1
358 2580 428 2608 Edit.
445 2581 525 2608 Main.
547 2582 612 2618 legit
630 2585 762 2619 corporis
783 2586 819 2620 (R.
835 2586 888 2621 T.).

322 2625 339 2653 2
359 2625 449 2654 Potius
467 2626 526 2663 lege
545 2628 628 2655 nullo
647 2629 689 2664 (n.
709 2630 758 2665 r).

1138 232 1195 257 xm
1219 233 1268 257 1³1³.

1091 281 1300 322 iuramento,
1338 282 1587 318 confirmatione
1623 287 1805 328 apostolica
1825 316 1832 328 ,

1090 335 1138 367 vel
1160 335 1273 378 quavis
1298 336 1450 369 firmitate
1483 337 1545 370 aliti
1575 339 1747 379 roboratis,
1773 347 1836 373 sta-

1091 388 1169 419 tutis
1194 393 1226 420 et
1251 389 1564 429 consuetudinum,
1591 391 1687 423 ctiam
1715 392 1830 425 imme-

1089 441 1314 481 morabilibus,
1334 441 1515 485 privilegiis
1534 454 1674 486 quoque,
1700 444 1833 477 indultis

1089 499 1119 525 ct
1137 494 1252 526 litteris
1274 496 1471 537 apostolicis,
1491 496 1586 528 etiam
1613 497 1699 529 dicto
1721 498 1833 530 Ordini

1088 546 1224 590 eiusque
1250 548 1486 590 superioribus,
1510 555 1540 582 et
1566 551 1734 592 quibusvis
1760 551 1832 583 aliis

1088 600 1257 641 personis,
1281 601 1341 633 sub
1368 601 1629 645 quiluiscumque
1656 604 1831 636 verborum

1089 653 1256 685 tenoribus
1284 658 1316 686 et
1342 654 1463 694 formis,
1493 665 1529 687 ac
1561 666 1633 687 cum
1664 656 1830 699 quibusvis

1088 705 1183 737 etiam
1204 706 1484 749 derogatoriarum
1503 708 1728 751 derogatoriis,
1745 709 1832 742 aliis—

1087 769 1149 801 que
1168 759 1415 800 efficacioribus,
1436 760 1666 796 efficacissimis
1690 769 1721 796 et
1746 763 1832 796 inso-

1087 812 1152 844 litis
1178 813 1332 846 clausulis
1350 840 1357 854 ,
1384 814 1655 859 irritantibusque
1693 822 1726 849 et
1758 817 1829 850 aliis

1087 865 1248 905 decretis,
1279 867 1311 898 in
1345 877 1467 910 genere
1496 869 1547 901 vel
1572 869 1605 901 in
1636 870 1769 912 specie,
1795 880 1830 903 ac

1086 919 1165 951 alias
1186 919 1218 951 in
1240 920 1442 953 contrarium
1471 923 1726 964 praemissorum
1753 934 1831 966 quo-

1085 972 1266 1006 modolibet
1291 974 1478 1014 concessis,
1504 975 1702 1008 confirmatis
1725 981 1756 1009 et
1781 977 1830 1009 in—

1085 1026 1229 1066 novatis3
1264 1028 1380 1070 quibus
1409 1028 1560 1061 omnibus
1593 1035 1625 1062 et
1657 1029 1796 1071 singulis
1817 1057 1824 1071 ,

1085 1078 1209 1111 etiarnsi
1237 1091 1296 1122 pro
1321 1081 1451 1113 illorum
1489 1082 1658 1115 sufficienti
1692 1083 1828 1125 deroga-

1086 1131 1172 1164 tione
1199 1132 1237 1164 de
1267 1132 1331 1165 illis
1357 1144 1536 1177 eorumque
1563 1135 1637 1167 totis
1657 1135 1826 1169 tenoribus

1083 1185 1243 1227 specialis,
1260 1186 1418 1229 specifica,
1435 1197 1590 1229 expressa
1605 1193 1636 1221 et
1649 1188 1825 1229 individua,

1083 1248 1119 1270 ac
1137 1238 1176 1270 de
1192 1239 1292 1272 verbo
1311 1240 1350 1272 ad
1375 1241 1521 1280 verbum,
1544 1251 1606 1274 non
1634 1248 1740 1274 autem
1765 1252 1826 1285 per

1083 1291 1244 1324 clausulas
1277 1294 1448 1335 generales
1474 1294 1560 1327 idem
1585 1294 1821 1337 importantes,

1082 1345 1204 1377 mentio
1231 1355 1288 1378 seu
1314 1346 1447 1389 quaevis
1478 1347 1540 1379 alia
1569 1348 1735 1391 expressio
1761 1349 1825 1381 ha-

1081 1396 1204 1437 benda,
1231 1404 1284 1430 aut
1315 1399 1421 1442 aliqua
1450 1399 1511 1432 alia
1537 1400 1698 1444 exquisita
1723 1402 1825 1434 forma

1081 1450 1120 1483 ad
1147 1451 1211 1484 hoc
1246 1453 1403 1485 servanda
1428 1453 1524 1493 soret,
1551 1459 1681 1487 tenores
1711 1455 1824 1489 liuius-

1080 1504 1181 1543 modi,
1201 1515 1237 1537 ac
1261 1505 1286 1537 si
1312 1506 1351 1538 de
1377 1505 1475 1538 verbo
1501 1506 1541 1539 ad
1566 1508 1712 1548 verbum,
1739 1509 1822 1541 nibil

1080 1557 1208 1600 penitus
1234 1558 1367 1598 omisso,
1385 1564 1416 1592 et
1437 1559 1540 1592 forma
1564 1560 1596 1592 in
1621 1561 1684 1593 illis
1706 1562 1823 1594 tradita

1078 1611 1258 1651 observata,
1286 1612 1549 1655 exprimerentur
1577 1619 1608 1646 et
1636 1614 1822 1647 insereren-

1080 1669 1138 1703 tur,
1156 1665 1384 1707 praesentibus
1403 1677 1461 1709 pro
1475 1668 1571 1710 plene
1583 1667 1823 1701 etsufficienter

1077 1719 1240 1759 expressis
1266 1723 1297 1750 et
1319 1719 1450 1752 insertis
1472 1720 1645 1760 habentes,
1662 1720 1727 1753 illis
1742 1722 1821 1755 alias

1076 1769 1109 1802 in
1126 1780 1183 1803 suo
1208 1771 1325 1804 robore
1351 1773 1582 1815 permansuris,
1605 1774 1644 1806 ad
1670 1775 1822 1816 praemis-

1076 1832 1185 1855 sorum
1211 1823 1369 1864 effectum,
1389 1825 1450 1858 hac
1471 1827 1537 1859 vice
1557 1828 1731 1868 dumtaxat,
1751 1838 1821 1871 spe-

1075 1874 1202 1908 cialiter
1222 1881 1254 1908 et
1278 1887 1433 1920 expresse
1460 1878 1672 1921 derogamus3
1692 1882 1819 1915 ceteris-

1075 1938 1137 1970 que
1162 1929 1335 1962 contrariis
1361 1930 1633 1976 quibuscumque.

1117 1980 1232 2014 Datum
1255 1982 1389 2023 Romae,
1408 1985 1493 2026 apud
1511 1984 1543 2017 S.
1567 1985 1697 2019 Mariam
1722 1987 1820 2020 Maio-

1074 2043 1155 2075 rem,
1176 2035 1236 2067 sub
1255 2037 1373 2069 annulo
1389 2037 1570 2079 piscatoris,
1587 2039 1639 2072 die
1656 2050 1720 2074 xxlt
1738 2041 1818 2074 iunii

1072 2097 1246 2129 MDCCXXH,
1276 2089 1488 2132 pontificatus
1512 2092 1617 2125 nostri
1644 2104 1730 2127 anno
1756 2104 1792 2128 11.

1107 2149 1170 2177 Dat.
1191 2149 1235 2177 die
1255 2150 1289 2177 22
1308 2150 1376 2178 iunii
1396 2152 1477 2187 1722,
1500 2153 1599 2188 pontif.
1622 2162 1693 2182 anno
1714 2161 1741 2181 11.

1374 2287 1507 2321 XXVIII.

1072 2354 1294 2398 Confirmatur
1307 2359 1478 2401 amipliatz'o
1495 2359 1627 2392 numeri
1643 2360 1814 2403 mayistro-

1113 2420 1188 2442 rum
1210 2421 1270 2453 pro
1292 2412 1465 2454 provincici
1478 2412 1647 2457 Aprulins?
1669 2414 1813 2456 fratrum

1112 2463 1386 2497 Praedicatorum
1401 2463 1421 2497 ¹.

1106 2542 1114 2567 1
1138 2541 1287 2570 Innocentii
1308 2541 1354 2570 XII
1375 2544 1482 2571 constit.
1504 2545 1569 2572 edit.
1586 2551 1701 2579 mochV,
1717 2545 1761 2571 die
1777 2544 1811 2570 22

1068 2587 1241 2622 septembris,
1263 2589 1360 2623 pontif.
1383 2597 1417 2622 v,
1439 2590 1568 2618 reductus
1598 2590 1649 2617 fuit
1678 2597 1809 2617 numerus

1068 2631 1262 2666 magIStrorum
1281 2641 1311 2660 ac
1331 2633 1534 2668 graduatorum.

1729 228 1793 263 917
1839 238 1890 265 An.
1911 237 2028 266 &1722
