2269 3203
146 182 197 210 An.
218 181 246 208 C.
266 181 333 210 1704

188 297 218 318 De
250 296 332 316 tabelli:

147 323 300 345 detunctorum.

171 932 301 955 nectat-zuo.

175 1626 204 1647 De
215 1624 272 1646 cultu
283 1624 333 1647 Cou-

146 1652 206 1675 sucii-

162 2317 193 2339 De
207 2315 333 2344 quibusdan

148 2343 336 2372 propositionibus.

969 181 1110 205 CLEMENS
1135 181 1169 205 XI
1193 182 1243 205 PP.

535 231 625 271 Super
646 232 739 270 quinto
760 230 889 260 articulo.

389 284 435 317 Ad
461 286 522 317 tria
547 284 693 328 quaesita
720 283 816 316 huius
842 283 969 316 articuli
992 295 1081 317 sacra

343 337 559 381 Congregatio
582 337 770 381 respondit:
796 337 991 370 Christianis
1016 348 1080 371 non

341 401 437 434 posse
472 391 612 434 permitti
656 391 793 423 tabellas
833 391 1080 434 progenitorum

341 444 428 477 iuxta
452 444 636 477 Sinensium
662 454 785 476 morem
811 443 843 476 in
869 444 1002 487 privatis
1025 445 1082 477 do-

341 498 447 530 mibus
483 498 626 531 retinere
659 507 730 530 cum
767 497 981 541 inscriptione
1018 509 1081 541 qua

342 550 480 584 thronus
505 561 563 583 seu
588 551 683 583 sedes
709 550 842 593 spiritus
869 552 920 583 vel
953 551 1081 583 animae

339 603 377 637 N.
405 604 564 644 defuncti,
590 604 737 646 adeoque
763 615 827 646 qua
851 604 999 647 spiritum
1025 615 1080 637 scu

341 657 480 690 animam
506 657 592 690 illius
605 657 746 690 defuncti
762 657 883 690 ibidem
904 657 1080 701 aliquando

341 711 408 744 sisti
430 711 479 744 vel
505 710 650 744 residere
677 710 903 753 significetur3
931 710 1002 744 imo.
1022 721 1082 743 nec

341 775 413 797 cum
439 764 501 797 alia
526 774 590 806 qua
614 764 708 797 sedes
733 774 789 797 scu
817 764 968 803 thronus,
988 765 1081 797 adeo-

341 828 403 861 que
430 818 514 850 idem
539 828 575 850 ac
600 817 724 860 priori,
757 818 833 851 licet
867 818 970 861 magis
1007 828 1082 851 con-

342 874 460 912 tracta,
489 871 704 915 inscriptione
730 871 895 915 designari
921 871 1078 905 videatur.

384 925 452 964 Quo
477 936 554 959 vero
586 926 626 959 ad
661 926 798 959 tabellas
831 927 901 959 solo
939 926 1081 958 defuncti

341 979 475 1012 nomine
489 979 673 1022 inscriptas,
689 979 822 1012 tolerari
838 989 935 1022 posse
953 979 1081 1011 illarum

341 1042 447 1073 usum,
474 1034 605 1066 secluso
626 1033 789 1073 scandalo,
819 1033 880 1065 hoc
906 1037 967 1072 est,
994 1033 1082 1065 dum-

341 1086 447 1124 modo,
468 1085 521 1129 qui
543 1085 714 1118 christiani
740 1096 806 1119 non
827 1091 911 1125 sunt,
929 1085 1081 1119 arbitrari

341 1149 407 1172 non
433 1139 559 1182 possint
585 1140 722 1172 tabellas
748 1139 935 1172 huiusmodi
962 1150 978 1171 a
996 1139 1083 1172 chri-

342 1193 455 1226 stianis
482 1193 615 1226 retineri
643 1195 679 1226 ea
704 1198 814 1226 mente
837 1204 899 1236 qua
924 1193 984 1236 ipsi
1011 1193 1082 1226 illas

340 1246 495 1286 retinent,
515 1252 546 1279 et
563 1246 690 1279 adiecta
711 1246 843 1290 insuper
861 1247 1082 1279 declaratione

342 1300 381 1332 ad
400 1300 483 1332 latus
504 1299 648 1343 ipsarum
666 1300 860 1333 tabellarum
877 1300 1082 1343 apponenda,

341 1363 404 1396 qua
429 1357 461 1386 et
493 1363 577 1396 quae
610 1353 652 1385 sit
684 1353 937 1386 christianorum
963 1353 1002 1386 de
1030 1353 1084 1386 de-

341 1406 460 1440 functis
483 1406 584 1447 sides,
613 1411 645 1439 et
671 1406 774 1450 qualis
799 1405 940 1440 tiliorum
966 1417 1002 1439 ac
1026 1416 1084 1440 nc-

342 1465 453 1503 potum
477 1460 509 1493 in
534 1460 768 1503 progenitores
792 1460 898 1504 pietas
923 1471 995 1493 esse
1033 1461 1084 1494 de-

341 1514 438 1555 beat,
466 1513 671 1547 enuncietur.

540 1571 632 1611 Super
654 1572 733 1601 tertio
755 1572 884 1602 articulo.

388 1619 434 1652 Ad
459 1620 644 1663 quaesitum
670 1620 755 1652 tertii
782 1621 911 1653 articuli
937 1621 1001 1653 huc
1033 1631 1084 1653 re-

343 1672 497 1713 missum,
524 1683 615 1705 sacra
640 1672 857 1716 Congregatio
878 1674 978 1706 satius
992 1674 1083 1706 duxit

343 1726 427 1759 nihil
452 1726 682 1769 respondere;
709 1736 750 1758 ne
779 1726 858 1759 alias
896 1727 1083 1769 Apostolica

342 1779 442 1813 Sedes
466 1780 506 1812 ab
533 1790 571 1812 eo
591 1807 598 1820 ,
626 1789 724 1822 quem
750 1779 781 1812 in
809 1779 970 1813 eiusmodi
1001 1790 1080 1813 con-

342 1833 511 1866 troversiis
536 1832 651 1865 Sinieis
683 1833 840 1865 hactenus
872 1833 997 1874 tenuit,
1029 1844 1084 1866 an-

341 1885 433 1929 tiquo
458 1895 547 1918 more
572 1885 726 1918 recedere
751 1891 913 1927 cogatur,
941 1897 1005 1930 quo
1036 1887 1084 1919 ni-

340 1938 460 1971 mirum
486 1938 525 1971 ad
552 1948 607 1978 ea,
647 1949 729 1981 quae
766 1938 826 1971 sibi
852 1948 912 1981 pro
936 1944 1083 1982 tempore

341 1991 471 2025 tametsi
498 1991 715 2024 diversimode
743 1992 889 2034 exposita
926 1992 1082 2033 suerunt,

340 2056 500 2089 responsa
525 2045 656 2088 quidem
681 2045 826 2078 veritatis
843 2056 974 2088 semper
995 2046 1093 2085 dare⁷>

341 2109 508 2143 nunquam
531 2109 608 2132 vero
635 2109 734 2142 super
768 2099 986 2142 expositorum
1024 2099 1084 2131 hu-

340 2151 482 2185 iusmodi
506 2152 645 2184 veritate
682 2162 740 2184 seu
773 2151 914 2185 salsitate
939 2161 1084 2195 pronun-

342 2204 429 2238 ciare
454 2204 637 2238 consuevit.

540 2262 630 2303 Super
651 2268 724 2293 sezzo
746 2263 875 2293 articulo.

387 2312 475 2346 Nihil
500 2312 582 2346 certi
607 2313 727 2345 firmari
754 2323 849 2356 posse
875 2313 983 2356 quoad
1010 2323 1085 2356 pro-

343 2365 524 2408 positiones
549 2365 740 2398 enunciatas
764 2366 798 2398 in
823 2365 887 2399 hoc
917 2371 1009 2399 sexto
1036 2377 1085 2399 ar-

345 2419 444 2452 ticulo
461 2445 468 2459 ,
491 2419 565 2452 -nisi
597 2419 798 2462 praehabitis
823 2419 1028 2462 plenioribus
1054 2425 1086 2453 et

343 2471 536 2505 necessariis
551 2482 663 2505 rerum
681 2472 714 2505 in
730 2473 776 2505 eis
791 2478 1018 2506 contentarum
1034 2483 1086 2506 no-

344 2523 435 2557 titiis.
449 2524 577 2558 Interea
595 2531 704 2558 tamen
725 2526 995 2559 committendum
1014 2536 1085 2559 esse

343 2577 491 2622 praefato
502 2578 636 2612 domino
649 2579 856 2623 patriarchae
867 2579 1086 2621 Antiocheno,

1764 173 1827 207 219
1875 182 1924 209 An.
1946 182 2061 210 &1705

1126 236 1170 270 ut,
1196 230 1315 263 auditis
1340 231 1500 274 episcopis
1526 236 1558 263 et
1588 232 1713 265 vicariis
1738 238 1867 275 aposto-

1127 283 1197 316 licis
1217 311 1224 324 ,
1253 294 1382 316 necnon
1409 284 1620 327 peritioribus
1654 285 1868 317 missionariis

1127 337 1257 369 illarum
1283 337 1424 380 partium
1446 364 1452 377 ‚
1480 338 1540 370 hac
1566 337 1596 369 in
1623 348 1656 370 rc
1692 338 1723 370 id
1750 344 1869 370 statuat

1127 395 1223 434 atque
1249 391 1426 431 decernat,
1454 391 1553 434 quod,
1568 391 1656 423 iuxta
1682 392 1787 423 datam
1806 392 1868 423 sibi

1127 454 1144 475 a
1169 443 1306 476 Domino
1335 444 1551 486 prudentiam,
1579 443 1760 476 catholicae
1796 444 1870 476 reli-

1126 497 1233 539 gionis
1260 497 1465 530 indemnitati
1492 502 1588 540 atque
1614 497 1794 530 animarum
1819 508 1869 529 sa-

1126 549 1185 582 luti
1210 551 1312 592 magis
1341 551 1498 594 expedire
1524 551 1700 583 censuerit.

1304 607 1395 646 Super
1417 609 1531 647 septimo
1553 608 1682 637 arficulo.

1171 657 1438 700 Praesupposito,
1458 658 1545 700 quod
1567 658 1664 690 Sinici
1688 657 1762 690 libri
1783 657 1869 690 athe·
1907 667 2064 697 [institueram

1125 710 1241 742 ismum
1269 715 1300 743 et
1325 710 1466 743 diversas
1492 710 1746 754 superstitiones
1767 697 2019 743 coriti-⁶‘¹'⁰⁵¹‘¹⁰“⁹'

1126 769 1224 797 neant
1240 790 1247 803 ‚
1273 770 1373 807 prout
1397 765 1430 796 in
1455 765 1607 798 mandato
1642 765 1765 797 domini
1803 765 1870 808 cpi-

1125 817 1215 861 scopi
1231 818 1432 851 Cononensis
1451 819 1579 859 dicitur,
1596 819 1676 851 utile
1695 829 1758 851 non
1773 819 1868 851 modo

1126 882 1161 905 ac
1186 871 1338 912 salutare,
1365 871 1419 904 sed
1446 877 1477 904 ct
1498 872 1630 904 omnino
1648 872 1869 904 necessarium

1126 925 1223 958 fuisse
1254 925 1416 958 monitum
1447 925 1485 958 de
1519 936 1582 969 quo
1609 926 1715 968 agitur
1739 926 1771 957 in
1797 936 1869 969 sep-

1126 979 1205 1011 timo
1231 979 1370 1011 articulo
1387 1005 1394 1019 ,
1421 978 1568 1022 adeoque
1595 978 1675 1011 illud
1702 989 1773 1011 esse
1807 989 1865 1022 ap-

1125 1032 1345 1076 probandum.

1170 1086 1379 1119 Laudandam
1406 1086 1538 1118 demum
1566 1096 1636 1119 esse
1672 1085 1868 1118 declaratio-
1919 1094 2020 1114 nonium
2038 1094 2065 1114 aa

1127 1151 1200 1172 nem
1233 1140 1267 1172 in
1303 1140 1391 1173 calce
1422 1139 1567 1173 eiusdem
1602 1138 1745 1172 mandati
1782 1123 2010 1171 adio-cmuuffi'

1126 1198 1233 1232 ctam,
1261 1203 1321 1236 qua
1348 1193 1466 1225 dicitur
1502 1193 1682 1235 culpandos
1706 1202 1772 1224 non
1797 1202 1867 1224 esse

1126 1247 1201 1279 illos
1227 1246 1465 1286 missionarios,
1493 1247 1547 1289 qui
1573 1246 1667 1279 aliam
1686 1246 1810 1289 praxim
1829 1246 1868 1278 ab

1128 1301 1174 1339 ca,
1201 1309 1283 1342 quae
1308 1299 1340 1332 in
1360 1299 1429 1342 ipso
1449 1300 1602 1332 mandato
1620 1299 1866 1342 praescribitur,

1127 1352 1219 1396 sequi
1246 1353 1404 1385 hactenus
1431 1353 1614 1391 duxerunt3
1642 1363 1714 1386 cum
1750 1353 1868 1385 mirum

1127 1406 1229 1440 videri
1256 1417 1322 1439 non
1348 1406 1487 1448 debeat,
1513 1407 1599 1450 quod
1637 1407 1669 1438 in
1707 1406 1866 1439 eiusmodi

1128 1460 1265 1493 materia
1289 1470 1348 1503 per
1372 1465 1419 1493 tot
1444 1471 1548 1493 annos
1574 1460 1745 1500 discussa,
1773 1465 1804 1492 et
1836 1459 1868 1492 in

1127 1525 1200 1557 qua,
1218 1514 1304 1546 iuxta
1330 1513 1472 1546 diversas
1491 1513 1695 1556 Apostolicae
1712 1513 1803 1546 Sedis
1821 1524 1869 1546 ex-

1127 1567 1248 1610 positas
1275 1566 1560 1605 circumstantias,
1594 1566 1721 1599 diversa
1757 1566 1869 1599 itidem

1127 1621 1266 1654 antehac
1291 1626 1486 1653 emanarunt
1517 1620 1666 1653 eiusdem
1697 1619 1789 1652 Sedis
1820 1629 1870 1652 re-

1127 1684 1269 1717 sponsa,
1296 1674 1478 1707 concordes
1503 1684 1617 1707 omues
1654 1684 1718 1707 non
1751 1673 1870 1706 suerint

1127 1728 1160 1760 in
1185 1728 1298 1760 eadem
1326 1728 1500 1760 sententia.
1528 1727 1573 1760 lta
1598 1727 1738 1770 proinde
1759 1727 1819 1759 hac
1835 1726 1868 1758 in

1128 1791 1161 1813 re
1187 1780 1348 1823 agendum
1361 1781 1432 1813 sore
1451 1785 1517 1812 tum
1536 1791 1553 1813 a
1568 1780 1716 1823 praefato
1737 1780 1869 1813 domino

1127 1834 1313 1877 patriarcha
1337 1834 1566 1873 Antiocheno,
1595 1839 1659 1866 tum
1696 1834 1735 1866 ab
1770 1834 1842 1866 aliis
1862 1860 1869 1873 ‚

1127 1887 1244 1930 quibus
1269 1887 1418 1930 superius
1450 1897 1684 1930 responsorum
1721 1886 1869 1919 executio

1128 1940 1321 1983 iniungetur
1338 1967 1345 1981 ‚
1373 1945 1407 1972 ut
1432 1940 1536 1973 omnis
1561 1940 1694 1982 quidem
1720 1940 1868 1973 ethnicae

1127 1994 1369 2037 superstitionis
1395 1994 1522 2037 species
1548 1994 1683 2037 eiusque
1717 1994 1844 2026 afflatus
1862 2021 1869 2033 ,

1127 2046 1215 2080 iuxta
1228 2046 1419 2080 Tertulliani
1437 2047 1608 2087 monitum,
1627 2047 1724 2079 etiam
1743 2048 1782 2080 de
1800 2048 1871 2080 lon-

1128 2099 1226 2143 gique
1264 2099 1447 2140 devitetur,
1485 2100 1619 2132 insimul
1646 2105 1753 2133 tamen
1789 2111 1868 2143 ope-

1128 2152 1290 2186 rariorum
1317 2153 1582 2196 evangelicorum
1612 2153 1646 2186 in
1682 2155 1777 2186 vinea
1806 2154 1869 2186 Do-

1127 2206 1205 2239 mini
1231 2212 1366 2239 strenue
1404 2216 1440 2239 ac
1476 2206 1589 2239 sedulo
1624 2207 1869 2245 laborantium,

1128 2260 1194 2304 qui,
1212 2260 1401 2303 priusquam
1415 2269 1511 2303 supra
1529 2261 1630 2293 relata
1649 2260 1746 2292 dubia
1771 2271 1808 2292 ex
1823 2271 1871 2293 so-

1128 2313 1184 2346 lita
1208 2313 1306 2346 huius
1331 2312 1362 2346 S.
1390 2313 1481 2346 Sedis
1515 2313 1720 2356 providentia
1752 2324 1788 2346 ac
1820 2324 1871 2346 rc-

1129 2367 1288 2400 ctitudine
1314 2367 1556 2406 dirimerentur,
1575 2367 1669 2399 aliter
1686 2372 1869 2407 senserunt,

1129 2419 1247 2453 honori
1287 2431 1324 2453 ac
1349 2420 1451 2452 famae
1477 2421 1688 2458 consulatur,
1716 2430 1776 2452 nec
1798 2426 1870 2452 tam-

1130 2473 1448 2517 quamidololatriac
1471 2474 1612 2506 fautores
1637 2473 1868 2512 traducantur,

1129 2526 1322 2570 praesertim
1349 2527 1424 2570 quia
1449 2527 1609 2570 pleraque
1634 2525 1764 2565 exiliis,
1787 2535 1869 2567 quae

1130 2579 1319 2614 christianis
1343 2580 1564 2623 permittenda
1589 2590 1656 2613 non
1682 2589 1763 2619 esse,
1790 2579 1871 2611 sicut
