2269 3203
83 208 134 236 ΑΙΙ.
149 207 178 236 C.
199 207 269 236 ¹702

103 2341 222 2365 Clausulas.

905 207 1050 235 CLEMENS
1076 208 1110 234 XI
1134 210 1183 235 PP.

273 258 383 292 sulere
393 259 549 300 volentes,
563 264 595 292 et
607 259 848 303 praedictarum
863 259 1017 292 constitu-

274 310 418 353 tionum,
445 317 478 346 et
508 312 628 346 Urbani
655 312 921 357 praedecessoris
943 312 1017 346 alia-

273 375 412 409 rumque
436 366 616 400 litterarum
641 367 897 410 apostolicarum
922 376 1018 410 prae-

274 418 432 452 dictarum
447 425 577 453 tenores
591 424 623 454 et
634 420 735 460 datas,
749 420 846 454 etiam
861 420 1016 460 veriores,

273 471 400 515 aliaque
435 473 624 516 quaelibet,
652 473 750 506 etiam
774 473 959 517 specificam
985 478 1017 506 et

273 524 472 558 individuam
496 526 696 559 mentionem
715 531 746 560 et
764 526 1015 570 expressionem

272 577 491 620 requirentia,
517 579 745 622 praesentibus
776 589 837 622 pro
862 580 960 623 plene
984 584 1017 612 et

273 630 478 665 sufficienter
502 632 664 675 expressis
684 659 692 673 ,
717 632 850 666 insertis
877 638 909 665 et
945 643 1016 676 spe-

272 683 407 717 cificatis
433 685 606 726 habentes,
634 685 673 719 de
699 686 936 720 venerabilium
955 687 1017 719 sra-

273 741 356 770 trum
381 743 568 772 nostrorum
593 739 697 773 dictae
722 739 754 772 S.
778 739 816 773 R.
843 739 878 772 E.
906 740 1012 773 cardi-

271 790 394 824 nalium
420 791 561 835 negotiis
579 797 610 825 et
628 792 925 826 consultationibus
948 793 1016 836 epi-

272 852 448 887 scoporum
474 850 506 878 et
529 845 732 888 regularium
751 846 1014 890 praepositorum

272 897 432 938 consilio,
458 909 494 931 ac
519 904 611 932 motu
637 899 782 942 proprio,
808 905 840 933 et
864 910 901 933 ex
928 903 1015 933 certa

271 950 408 984 seientia
432 957 464 984 et
484 954 611 985 matura
627 952 867 987 deliberatione
881 954 1015 994 nostris,

271 1003 378 1048 deque
389 1006 588 1049 apostolicae
606 1007 776 1050 potestatis
795 1007 1015 1050 plenitudine,

270 1058 494 1101 praeinsertas
525 1059 707 1093 innocentii
745 1061 1016 1104 praedecessoris

271 1110 409 1152 litteras,
434 1122 471 1145 ae
496 1113 607 1146 omnia
633 1118 665 1146 et
682 1113 811 1156 singula
828 1114 861 1147 in
880 1114 926 1147 eis
945 1124 1016 1147 con-

271 1168 380 1204 tenta,
404 1170 519 1198 tenore
545 1167 767 1209 praesentium
795 1167 1016 1211 approbamus

271 1221 304 1249 et
327 1216 570 1259 confirmamus,
596 1230 633 1253 ac
659 1220 791 1253 easdem
817 1221 940 1254 litteras
965 1232 1017 1254 va-

270 1269 359 1311 lere,
385 1281 528 1315 suosque
550 1273 718 1316 plenarios
745 1278 779 1306 et
803 1274 950 1318 integros
969 1274 1015 1307 es-

270 1323 373 1357 sectus
396 1325 507 1358 sortiri
531 1331 563 1359 et
587 1326 736 1360 obtinere
755 1328 887 1368 debere,
905 1328 1015 1361 decer-

269 1375 376 1410 nimus
400 1383 432 1411 et
456 1379 672 1421 declaramus,
686 1381 719 1413 in
736 1381 890 1414 omnibus
909 1387 941 1415 et
955 1392 1016 1425 per

268 1429 390 1472 omnia,
405 1431 542 1475 perinde
567 1444 604 1467 ac
629 1434 657 1466 si
681 1434 756 1467 illae
777 1445 794 1468 a
811 1438 952 1478 persona
970 1436 1016 1468 le-

270 1483 415 1526 gitimam
440 1491 473 1519 et
497 1486 714 1521 sufficientem
740 1488 779 1521 ad
797 1488 861 1522 hoc
878 1489 1016 1523 faculta-

269 1540 335 1570 tem
361 1543 393 1570 et
417 1539 644 1574 auctoritatem
664 1541 806 1575 habente
821 1541 1014 1585 impetratae

270 1590 432 1632 fuissent,
458 1603 495 1626 ac
519 1594 817 1637 constitutionibus,
838 1601 869 1629 et
893 1594 1013 1629 Urbani

269 1645 533 1688 praedecessoris
570 1649 709 1693 aliisque
735 1650 854 1683 litteris
880 1655 1014 1694 aposto-

268 1699 341 1733 licis
366 1702 543 1743 praedictis
562 1729 570 1743 ‚
597 1704 780 1748 ceterisque
814 1705 847 1738 in
882 1710 1014 1739 contra—

268 1753 352 1787 rium
366 1754 560 1789 facientibus
575 1757 850 1802 quibuscumque,
861 1758 1013 1802 specifice

269 1811 302 1840 et
326 1817 500 1851 expresse,
527 1814 660 1853 totoque
686 1810 872 1844 litterarum
898 1811 1013 1845 huius-

269 1860 357 1894 modi
383 1866 498 1895 tenore
524 1862 647 1896 inserto
673 1863 705 1896 in
731 1864 946 1906 praeinsertis
962 1863 1013 1898 In-

268 1914 413 1948 nocentii
439 1915 704 1958 praedecessoris
729 1916 859 1958 litteris,
877 1917 1012 1961 deroga-

268 1971 337 2000 tum
362 1968 547 2009 extitisset3
575 1980 611 2003 ac
636 1970 776 2013 proinde
803 1981 820 2003 a
846 1971 939 2004 dictis
959 1982 1012 2004 ca-

268 2021 398 2055 nonicis
430 2023 633 2065 regularibus
659 2024 932 2067 Congregationis
957 2025 1013 2059 Hi-

268 2075 401 2118 spaniae
426 2076 630 2119 praedictam
655 2077 913 2111 uniformitatem
938 2089 1012 2112 eum

268 2127 422 2162 universo
439 2128 559 2163 Ordine
577 2130 895 2165 Praemonstratensi
920 2143 1012 2176 prae-

270 2180 366 2223 dicto,
381 2187 445 2215 tam
470 2183 504 2216 in
530 2184 643 2217 habitu
665 2195 762 2228 quam
784 2185 818 2218 in
835 2185 1009 2227 breviario,

269 2235 465 2279 ceterisque,
481 2237 598 2281 suscipi
621 2244 652 2271 et
668 2238 787 2272 servari
806 2239 937 2281 debere,
957 2240 1013 2274 ha-

269 2296 339 2322 rum
351 2289 436 2323 serie
450 2291 622 2324 statuimus
634 2292 758 2335 pariter
767 2297 800 2326 et
811 2293 1010 2327 ordinamus.

313 2342 328 2385 ἓ
359 2341 391 2376 3.
430 2343 654 2378 Decernentes
681 2344 852 2386 similiter,
879 2347 1011 2380 easdem

270 2401 461 2438 praesentes
485 2397 611 2431 litteras
646 2403 678 2431 et
708 2398 740 2431 in
778 2398 824 2432 eis
860 2405 1013 2433 contenta

272 2456 522 2493 quaecumque,
559 2451 656 2484 etiam
697 2462 734 2485 ex
780 2462 819 2486 eo
856 2452 944 2496 quod
978 2454 1011 2486 in

271 2501 464 2543 praemissis
489 2513 545 2536 seu
571 2514 684 2538 eorum
709 2505 820 2549 aliquo
853 2504 1011 2540 interesse

270 2551 384 2595 quovis
407 2554 504 2588 modo
530 2556 691 2591 habentes
706 2568 762 2591 seu
780 2558 903 2592 habere
920 2569 1011 2603 prae-

271 2605 462 2649 tendentes,
488 2608 722 2655 cuiuscumque
748 2615 858 2654 status,
879 2612 1012 2656 gradus,

1059 260 1195 301 ordinis,
1209 261 1492 303 praeeminentiae
1511 266 1541 295 et
1555 262 1722 305 dignitatis
1739 264 1806 296 exi-

1059 316 1169 352 stant,
1204 313 1268 346 illis
1294 324 1357 346 non
1385 314 1641 354 consenserint,
1669 326 1729 347 nec
1764 316 1803 348 ad

1061 376 1099 398 ea
1123 366 1233 407 citati,
1260 368 1363 400 vocati
1391 373 1422 400 et
1447 368 1560 407 auditi,
1585 379 1647 401 nec
1672 380 1802 409 causae,

1060 424 1197 462 propter
1221 430 1301 463 quas
1327 421 1461 453 eaedem
1488 427 1678 464 praesentes
1713 433 1801 455 ema-

1060 472 1171 504 narint
1189 499 1196 513 ,
1225 473 1403 513 adductae,
1430 473 1637 517 specificatae
1663 481 1695 507 et
1720 475 1806 508 iusti-

1061 524 1173 559 ficatae
1211 525 1360 566 fuerint,
1394 532 1449 560 aut
1484 538 1521 560 ex
1558 528 1620 561 alia
1659 528 1806 572 qualibet

1060 580 1279 623 quamtumvis
1292 580 1385 621 iusta,
1397 581 1541 624 legitima
1555 587 1586 615 et
1599 583 1805 626 privilegiata

1060 634 1166 672 causa,
1192 634 1315 674 colore,
1335 639 1506 677 praetextu
1523 641 1555 668 et
1573 635 1688 679 capite,
1707 636 1804 669 etiam

1060 685 1091 718 in
1117 696 1255 729 corpore
1282 686 1361 720 iuris
1387 688 1507 728 clauso,
1535 688 1632 721 etiam
1648 689 1803 730 enormis,

1060 740 1306 773 enormissimae
1332 746 1364 773 et
1390 741 1496 774 totalis
1521 741 1685 783 laesionis,
1711 743 1804 776 nullo

1059 802 1202 835 unquam
1235 797 1384 837 tempore
1418 794 1457 827 de
1494 794 1718 838 subreptionis
1752 797 1803 830 vel

1058 845 1263 889 obreptionis
1288 857 1346 879 seu
1372 847 1534 881 nullitatis
1559 848 1649 888 vitio,
1674 859 1731 882 seu
1756 849 1805 882 in-

1060 900 1215 933 tentionis
1241 905 1394 941 nostrae,
1421 906 1473 934 aut
1500 901 1655 935 interesse
1681 903 1805 936 haben-

1060 953 1137 986 tium
1163 955 1345 987 consensus
1365 982 1372 995 ,
1401 954 1503 988 aliove
1529 955 1676 998 quolibet
1707 956 1803 989 etiam

1060 1007 1188 1040 formali
1215 1012 1247 1040 et
1273 1007 1488 1048 substantiali,
1515 1018 1551 1041 ac
1576 1009 1754 1052 incogitato
1773 1015 1805 1042 et

1059 1060 1804 1105 inexcogitabili,individuamquementionem

1059 1114 1253 1157 requirente
1286 1114 1414 1147 defectu
1447 1115 1578 1155 notari,
1606 1116 1776 1149 invalidari
1797 1143 1804 1157 ,

1060 1167 1218 1210 infringi,
1244 1168 1415 1201 retractari
1434 1194 1441 1208 ,
1468 1178 1523 1201 seu
1549 1168 1581 1201 in
1607 1174 1805 1203 controver-

1058 1221 1138 1254 siam
1164 1221 1322 1262 revocari,
1349 1227 1403 1254 aut
1428 1222 1468 1255 ad
1493 1223 1575 1256 viam
1602 1233 1659 1256 seu
1685 1224 1723 1256 ad
1743 1229 1804 1257 ter-

1058 1273 1164 1307 minos
1190 1274 1269 1307 iuris
1295 1275 1405 1308 reduci
1426 1301 1433 1315 ,
1459 1275 1526 1308 sive
1552 1276 1706 1309 adversus
1731 1277 1802 1310 illas

1059 1327 1252 1370 apeii‘ionis
1277 1328 1367 1368 oris,
1399 1328 1615 1362 restitutionis
1652 1329 1685 1362 in
1721 1330 1805 1364 inte-

1059 1391 1166 1423 grum,
1194 1381 1323 1414 aliudve
1349 1382 1581 1426 quodcumque
1607 1383 1698 1424 iuris,
1729 1384 1804 1418 facti

1058 1435 1108 1468 vel
1134 1435 1258 1478 gratiae
1283 1436 1467 1469 remedium
1493 1436 1649 1469 intentari
1674 1438 1723 1470 vel
1749 1435 1805 1471 im-

1058 1489 1193 1531 petrari,
1217 1498 1273 1522 seu
1300 1488 1485 1532 impetrato,
1506 1495 1560 1522 aut
1585 1490 1682 1523 etiam
1703 1496 1803 1531 motu,

1058 1541 1195 1575 scientia
1212 1547 1244 1575 et
1256 1542 1428 1585 potestatis
1443 1543 1649 1585 plenitudine
1667 1544 1802 1588 paribus

1057 1606 1213 1629 concesso
1238 1597 1287 1629 vel
1313 1602 1471 1637 emanato,
1499 1598 1685 1641 quempiam
1704 1598 1736 1631 in
1755 1598 1802 1631 iu-

1057 1649 1142 1683 dicio
1169 1650 1218 1683 vel
1245 1655 1335 1683 extra
1361 1650 1441 1683 illud
1467 1650 1512 1684 uti
1537 1661 1595 1684 seu
1620 1661 1653 1685 se
1690 1652 1800 1685 iuvare

1056 1714 1170 1747 posse,
1195 1704 1252 1737 sed
1278 1703 1408 1738 easdem
1446 1710 1639 1748 praesentes
1676 1706 1802 1740 litteras

1056 1767 1187 1801 semper
1210 1758 1331 1800 firmam,
1356 1758 1479 1791 validas
1504 1764 1536 1791 et
1561 1758 1708 1793 efficaces
1734 1759 1800 1793 exi-

1056 1816 1142 1844 stere
1168 1816 1199 1844 et
1223 1811 1308 1851 fore,
1335 1821 1477 1854 suosque
1503 1812 1669 1855 plenarios
1694 1819 1726 1846 et
1750 1813 1802 1846 in-

1057 1870 1166 1908 tegros
1192 1864 1322 1899 effectus
1348 1866 1459 1898 sortiri
1485 1871 1517 1899 et
1551 1866 1701 1900 obtinere
1721 1894 1729 1907 ‚
1765 1878 1802 1901 ac

1056 1918 1095 1951 ab
1120 1918 1195 1959 illis,
1220 1919 1260 1952 ad
1278 1929 1359 1962 quos
1380 1924 1505 1962 spectat
1523 1924 1555 1952 et
1572 1930 1631 1963 pro
1651 1925 1800 1964 tempore

1055 1972 1326 2015 quandocumque
1351 1972 1533 2015 spectabit,
1566 1973 1802 2007 inviolabiliter

1055 2032 1086 2059 et
1109 2026 1305 2060 inconcusse
1331 2025 1521 2066 observari,
1546 2026 1656 2071 sicque
1682 2033 1713 2060 et
1733 2037 1800 2061 non

1055 2079 1151 2112 aliter
1175 2079 1207 2112 in
1232 2079 1422 2123 praemissis
1440 2090 1498 2122 per
1518 2090 1740 2124 quoscumque
1759 2081 1801 2113 iu-

1055 2131 1144 2165 dices
1161 2132 1345 2165 ordinarios
1360 2137 1392 2165 et
1408 2132 1591 2175 delegatos,
1612 2133 1709 2166 etiam
1729 2142 1801 2167 cau-

1054 2196 1162 2219 sarum
1196 2186 1308 2229 palatii
1350 2186 1521 2229 apostolici
1554 2186 1737 2227 auditores,
1764 2197 1800 2221 ac

1054 2239 1170 2273 s.R.E.
1196 2239 1383 2283 praedictae
1409 2239 1605 2280 cardinales,
1633 2241 1731 2274 etiam
1757 2240 1798 2274 de

1056 2293 1158 2326 latere
1183 2292 1308 2335 legatos
1334 2298 1367 2325 et
1384 2292 1594 2336 Apostolicae
1607 2293 1699 2327 Sedis
1717 2303 1800 2327 nun-

1055 2347 1136 2387 cios,
1152 2347 1274 2379 aliosve
1290 2346 1453 2389 quoslibet
1470 2356 1673 2391 quacumque
1691 2357 1801 2391 praee·

1054 2400 1213 2434 minentia
1237 2405 1269 2432 et
1292 2404 1453 2443 potestate
1478 2399 1652 2443 fungentes
1678 2406 1710 2434 et
1726 2401 1799 2434 fun*

1055 2458 1188 2494 cturos,
1215 2453 1342 2486 sublata
1371 2453 1418 2486 eis
1456 2458 1487 2486 et
1518 2463 1633 2487 eorum
1668 2454 1799 2487 cuilibet

1055 2505 1168 2550 quavis
1193 2506 1289 2540 aliter
1313 2506 1478 2540 iudicandi
1503 2512 1535 2541 et
1558 2507 1798 2551 interpretandi

1055 2559 1206 2594 facultate
1232 2565 1264 2593 et
1287 2560 1479 2594 auctoritate
1496 2587 1504 2602 ,
1531 2561 1666 2595 iudicari
1691 2566 1722 2594 et
1747 2559 1800 2593 de-

1055 2611 1142 2647 finiri
1180 2613 1323 2655 debere·,
1350 2624 1386 2647 ac
1422 2613 1551 2647 irritum
1580 2619 1612 2647 et
1642 2613 1738 2647 inane
1771 2613 1798 2647 si

1723 204 1766 239 69
1813 214 1861 242 An.
1879 214 1907 241 c.
1931 214 1999 242 ¹702
