2269 3203
290 228 381 255 Aue
408 227 472 254 1711
519 219 584 252 litli

480 277 539 309 bus
566 282 627 310 tan]
654 277 802 311 civilibus
830 290 924 321 quam
939 278 1167 312 criminalibus
1187 283 1219 311 et

479 329 587 363 mixtis
622 331 719 373 (itaut
754 332 793 364 ab
830 331 915 364 illius
954 331 1125 364 sententiis
1162 341 1216 364 seu

480 382 629 416 iudicatis
660 385 839 427 appellatio
865 385 903 417 ad
930 384 1050 417 curiam
1083 385 1218 427 episco-

481 436 586 477 palem
623 436 892 469 Vintimiliensein
934 443 988 469 aut
1032 438 1070 470 ad
1113 437 1217 480 ipsum

480 487 625 521 Carolum
653 489 779 521 Mariam
817 489 1008 532 episcopum
1046 490 1137 529 dari,
1173 490 1220 522 di-

480 547 669 585 ctorumque
696 543 840 575 locorum
867 543 993 576 incolae
1029 549 1060 575 et
1094 543 1219 575 liabita-

481 598 564 626 tores
591 595 628 626 ad
655 595 770 626 dietam
798 595 919 628 curiam
946 595 1167 639 episcopalem
1188 597 1218 628 in

479 647 580 690 prima
606 647 768 687 instantia,
794 658 853 680 nec
879 648 973 680 etiam
996 648 1027 680 in
1050 649 1149 691 gradu
1169 660 1218 692 ap-

478 700 675 742 pellationiS,
690 700 773 732 tralii
798 701 975 744 nequeant)
994 701 1220 734 administrau-

479 752 535 792 di,
562 763 688 786 necnon
705 780 713 794 ,
741 754 847 797 quoad
874 764 911 786 ea
948 764 1032 797 quae
1065 755 1215 787 volunta-

480 805 556 838 riam
583 806 841 839 iurisdietionem
861 812 1072 848 concernunt,
1093 808 1219 851 dispen-

479 859 590 900 sandi,
618 871 654 893 ac
680 860 741 893 alia
772 860 880 893 omnia
918 871 997 904 quae
1036 860 1217 894 immediata

479 911 553 944 dicti
579 911 682 945 Caroli
709 913 826 948 Mariae
852 913 996 956 episcopi
1031 913 1217 956 cognitione

479 975 542 997 non
568 965 727 1009 indigem,
756 977 860 1010 neque
887 967 926 998 ab
952 966 1066 999 ordine
1092 973 1123 999 et
1145 968 1219 1000 elia-

477 1023 602 1051 raetere
629 1019 807 1063 episcopali
842 1020 1051 1063 dependent,
1078 1026 1109 1052 et
1142 1031 1220 1053 eon-

477 1077 656 1114 sequenter
685 1073 848 1116 primariis
883 1073 920 1106 ad
958 1073 1216 1107 christifidelium

478 1124 696 1158 consessiones
721 1125 898 1158 audiendas
929 1126 1094 1170 divinique
1129 1128 1217 1160 verbi

479 1177 753 1219 praedicationem
780 1178 1058 1218 admissionibus,
1095 1179 1218 1213 beneti-

479 1230 622 1264 tieiorum
649 1232 940 1266 ecclesiasticorum
967 1233 1217 1274 collationibus,

478 1284 727 1318 monitoriorum
769 1286 1059 1327 concessionibus,
1103 1297 1139 1319 ac
1179 1287 1217 1320 iis

479 1349 561 1381 quae
587 1339 624 1371 ad
661 1339 852 1372 clericorum
890 1340 1112 1373 ordiuationes
1145 1351 1217 1384 spe-

478 1399 574 1435 etant,
590 1399 620 1426 et
637 1393 917 1436 recognitionilnis
937 1393 1216 1436 dispensationum

478 1446 766 1480 matrimonialium
793 1447 949 1490 exeeptis,
970 1447 1144 1490 eidemque
1162 1447 1217 1480 Ca-

479 1500 549 1533 rolo
564 1499 679 1533 lllariae
699 1500 853 1544 episcopo
875 1500 1057 1541 reservatis,
1078 1501 1215 1533 faciendi

479 1558 510 1585 et
534 1553 720 1594 exercendi,
747 1564 804 1597 per
828 1564 900 1586 suas
921 1559 1070 1597 patentes
1092 1554 1216 1587 litteras

478 1607 679 1649 deputaverit
704 1612 735 1639 et
760 1606 990 1646 constitueris,
1026 1612 1057 1640 et
1090 1617 1217 1640 sueces-

478 1659 555 1699 sive,
581 1659 632 1692 die
656 1670 705 1692 xvi
733 1660 880 1692 eiusdem
906 1660 1041 1699 mensis,
1069 1665 1142 1703 post
1163 1671 1217 1703 ap-

478 1713 674 1755 prehensam
700 1714 802 1745 multo
828 1718 901 1745 ante
926 1713 1081 1745 ecelesiae
1112 1713 1218 1746 tenti-

477 1765 634 1798 miliensis
653 1766 907 1809 possessionem,
926 1767 1107 1810 supplicem
1124 1767 1216 1800 libel-

478 1819 541 1851 lum
579 1829 673 1851 manu
711 1819 844 1862 propria
878 1819 1092 1862 subscriptum
1131 1820 1216 1853 dieto

477 1871 618 1905 Yietorio
644 1872 786 1905 Amedeo
808 1873 892 1913 duci,
915 1877 947 1905 ut
964 1872 1049 1906 illius
1064 1873 1217 1916 benepla-

478 1925 576 1958 citum
592 1936 647 1958 seu
669 1925 938 1969 approbationem
971 1936 1032 1969 pro
1058 1926 1217 1969 capienda

479 1979 624 2012 locorum
649 1979 890 2023 praedictorum
917 1979 1126 2023 possessione
1161 1979 1218 2012 ob-

480 2032 620 2073 tineret,
649 2032 845 2076 porrexerit,
871 2033 1056 2076 intuituque
1084 2033 1217 2076 deputa-

480 2085 574 2118 tionis
601 2086 708 2118 vicarii
735 2096 880 2129 pereum
899 2086 1218 2129 sieutpraemittitur

480 2139 592 2179 saetae,
621 2139 651 2171 in
677 2139 790 2172 eodem
807 2139 946 2183 supplici
962 2139 1073 2172 libello
1091 2139 1129 2172 ab
1148 2139 1217 2182 ipso

478 2191 620 2224 Yietorio
648 2192 788 2225 Amedeo
821 2193 901 2225 duce
933 2192 1067 2236 petierit
1097 2197 1132 2224 ut
1168 2203 1217 2225 se-

479 2249 645 2287 questrum
672 2255 771 2288 super
797 2245 952 2277 fructibus
977 2250 1008 2277 et
1033 2245 1217 2278 redditibus

478 2306 610 2329 mensae
637 2296 831 2340 episcopalis
850 2297 1092 2330 Vintimiliensis
1110 2298 1142 2329 in
1162 2298 1217 2330 do-

479 2349 579 2382 minio
596 2359 650 2382 seu
668 2349 755 2382 Statu
778 2350 923 2383 eiusdem
933 2350 1063 2383 Victorii
1085 2350 1216 2383 Amedei

479 2403 570 2436 (lueis
597 2403 812 2435 existentibus
838 2402 1010 2436 attentate¹
1038 2408 1069 2436 et
1094 2403 1217 2436 violen-

479 2457 529 2488 ter
554 2455 737 2499 appositum
756 2466 814 2498 pro
833 2458 900 2488 rata
919 2455 1075 2487 fruetuum
1094 2460 1125 2487 et
1146 2455 1217 2487 red-

480 2510 604 2542 dituum
630 2509 827 2549 huiusmodi,
848 2520 864 2541 a
882 2508 933 2541 die
961 2508 1062 2551 ipsius
1090 2509 1217 2552 praese-

479 2563 595 2596 ctionis
632 2563 663 2596 in
697 2563 885 2608 episcopum
919 2562 1022 2595 dictae
1063 2562 1216 2596 ecelesiae

514 2626 526 2654 1
550 2625 615 2654 itate
635 2625 698 2653 edit.
722 2626 799 2653 Maia.
823 2626 885 2660 legit
906 2628 1046 2654 altentare
1066 2628 1103 2660 (u.
1121 2631 1170 2660 rui.

1065 228 1246 255 nt'LLAntuM
1270 229 1425 255 ROMANUM

1261 278 1522 319 Vintimiliensis,
1550 289 1612 311 non
1640 283 1747 311 autem
1774 282 1919 321 tempore
1937 287 2001 321 quo

1261 332 1457 365 venerabilis
1484 332 1581 365 frater
1607 331 1795 364 Ambrosius
1829 331 2001 375 episcopus

1262 385 1418 418 Lunensis
1455 385 1664 418 Sarzanensis
1701 385 1803 418 dictae
1844 385 2000 418 ecelesiae

1263 438 1515 479 vintimiliensi,
1544 444 1716 482 antequam
1754 438 1790 470 ad
1832 437 2001 470 ecclesiam

1263 491 1444 524 Lunensem
1472 492 1718 532 Sarzaimnsmn,
1743 491 1873 535 praevia
1899 490 2000 534 ipsius

1263 543 1468 578 absolutione
1494 556 1510 577 a
1536 545 1666 578 vinculo
1692 556 1755 588 quo
1775 544 1878 578 eidem
1901 544 2002 577 ecclc-

1264 596 1329 629 siae
1363 597 1594 631 Vintii'niliensi
1627 598 1822 638 tenebatur,
1853 608 1870 630 a
1907 597 2001 630 nobis

1264 650 1454 683 auctoritate
1482 651 1657 694 apostolica
1683 651 1857 683 translatus
1879 649 2001 690 suisset,

1263 707 1429 746 praeerat,
1456 704 1670 737 decursorum
1696 709 1940 744 removeretur;
1966 713 2003 736 ac

1264 755 1314 788 die
1328 767 1404 790 xvui
1420 757 1564 791 eiusdem
1583 758 1705 791 mensis
1724 768 1739 790 a
1755 757 1841 790 dicto
1858 757 2002 790 ‘victorio

1264 810 1404 844 Amedeo
1441 811 1521 844 duee
1558 822 1620 845 non
1659 812 1763 844 solum
1797 811 2001 855 praedictum

1264 862 1332 895 eius
1357 863 1599 907 beneplacitum
1638 875 1694 897 seu
1729 865 2001 909 approbationem

1264 926 1322 958 pro
1363 917 1520 959 capienda
1560 923 1814 951 memoratorum
1856 919 2003 951 locorum

1264 969 1498 1011 possessione,
1540 980 1648 1003 verum
1686 971 1781 1003 etiam
1817 971 2001 1004 mandatum

1263 1022 1388 1054 senatui
1415 1022 1555 1055 Niciensi
1582 1022 1613 1054 in
1641 1023 1764 1066 oppido
1790 1023 1921 1057 Oneliae
1952 1035 2003 1057 re-

1264 1074 1382 1107 sidenti
1410 1075 1567 1107 directum
1592 1086 1649 1118 pro
1677 1086 1883 1119 quocumque
1902 1076 2003 1120 impe-

1263 1128 1410 1161 dimento
1436 1128 1646 1167 removendo,
1674 1139 1708 1161 ac
1729 1128 1824 1162 dictis
1843 1129 2001 1162 fructibus

1264 1187 1295 1213 et
1320 1181 1502 1214 redditibus
1528 1191 1588 1224 pro
1615 1184 1682 1214 rata
1708 1182 1874 1225 praedicta
1899 1182 2002 1215 libere

1262 1234 1446 1267 relaxandis
1473 1234 1680 1274 obtinuerit,
1707 1244 1833 1268 necnon
1859 1234 1891 1267 in
1929 1245 2003 1269 exe-

1262 1289 1424 1321 cutiOnem
1450 1287 1591 1320 mandati
1619 1287 1805 1321 huiusmodi
1833 1298 2001 1331 persuum

1261 1346 1504 1384 procuratorem
1531 1340 1616 1384 apud
1643 1341 1761 1374 dictum
1788 1346 1932 1374 senatum
1949 1341 2002 1374 Ni-

1262 1394 1404 1426 ciensem
1430 1393 1584 1427 institerit
1607 1404 1667 1437 pro
1699 1396 1860 1437 sequestri
1898 1405 2003 1428 remo-

1263 1447 1349 1480 tione
1376 1458 1411 1479 ae
1437 1447 1598 1479 fruetuum
1626 1453 1657 1479 et
1683 1447 1865 1480 reddituum
1901 1447 2001 1481 libera

1263 1501 1461 1533 relaxatione
1486 1500 1688 1540 liuiusmodi·,
1716 1510 1753 1533 ae
1784 1500 1925 1544 denique
1951 1501 2002 1534 die

1262 1565 1278 1587 x
1305 1554 1490 1587 novembris
1528 1554 1624 1586 etiam
1655 1553 1801 1596 proxime
1832 1554 2002 1597 praeteriti

1262 1608 1451 1650 rescriptum
1477 1617 1532 1638 seu
1554 1607 1717 1639 decretum
1736 1606 1879 1649 desuper
1897 1606 1934 1639 ad
1954 1606 2002 1639 sui

1263 1661 1402 1693 savorem
1429 1670 1445 1692 a
1470 1659 1677 1703 praesidente
1703 1664 1735 1692 et
1760 1659 1922 1692 iudicibus
1947 1660 1999 1692 ul-

1263 1714 1411 1747 timarum
1449 1712 1705 1756 appellationum
1740 1712 1933 1756 nuncupatis
1970 1712 2002 1744 in

1262 1767 1376 1800 codem
1391 1766 1513 1810 oppido
1531 1766 1662 1799 Oneliae
1682 1765 1910 1806 residentibus,
1927 1775 2003 1809 pro-

1262 1826 1334 1864 pter
1373 1820 1571 1863 praedictam
1610 1825 1715 1852 tamen
1756 1818 2000 1862 deputationem

1263 1874 1384 1913 vicarii,
1411 1874 1563 1916 illiusque
1591 1873 1706 1906 intuitu
1735 1878 1765 1905 et
1790 1872 1927 1913 ratione,
1954 1883 2003 1906 i‘e-

1262 1928 1458 1972 portaverit;
1487 1933 1518 1960 et
1543 1926 1632 1965 alias,
1653 1932 1744 1969 prout
1765 1926 1797 1958 in
1816 1925 1932 1958 litteris
1950 1926 2003 1958 de-

1261 1980 1464 2025 putationis,
1491 1979 1631 2023 supplici
1659 1979 1801 2019 libello,
1829 1978 1999 2022 rescripto,

1262 2034 1413 2068 mandato
1439 2039 1470 2066 et
1495 2033 1626 2065 decreto
1651 2032 1836 2075 praedietis,
1862 2041 2002 2074 quorum

1262 2094 1393 2121 tenores
1418 2097 1484 2119 non
1510 2085 1714 2129 approbandi
1740 2084 1797 2118 sed
1822 2084 1951 2128 penitus
1971 2088 2002 2116 et

1262 2141 1393 2174 omnino
1420 2137 1617 2182 reprobandi
1645 2139 1753 2170 animo
1775 2136 2002 2180 praesentibus

1261 2204 1321 2236 pro
1347 2194 1443 2236 plene
1470 2196 1502 2224 et
1534 2191 1736 2225 sufficienter
1772 2189 1933 2232 expressis
1971 2194 2002 2222 et

1261 2246 1390 2279 insertis
1417 2244 1528 2277 baberi
1555 2244 1711 2282 volumus,
1738 2242 1868 2285 plenius
1893 2252 2002 2285 respe-

1262 2299 1343 2331 ctive
1369 2297 1571 2329 continetur:
1599 2305 1698 2338 porro
1718 2294 1802 2327 dicta
1821 2294 1932 2327 vicarii
1951 2295 2002 2327 de-

1261 2351 1386 2394 putatio
1413 2360 1483 2382 euni
1499 2349 1707 2391 praenarrata
1726 2348 1876 2380 saeultatc
1890 2353 2000 2381 contra

1261 2414 1444 2446 expressam
1472 2407 1613 2434 mentem
1639 2406 1669 2433 et
1696 2400 1908 2434 intentionem
1943 2411 2001 2433 no-

1261 2463 1368 2495 stram,
1395 2461 1426 2488 et
1453 2460 1623 2498 postquam
1646 2454 1732 2486 dicto
1753 2453 1868 2487 Carolo
1883 2454 1999 2488 Mariae

1262 2509 1418 2553 episeopo
1447 2515 1510 2540 tum
1541 2508 1739 2540 indebitam¹
1766 2508 1925 2551 praedicti
1952 2507 2001 2540 Vi-

1262 2563 1352 2595 ctorii
1389 2561 1520 2594 Amedei
1553 2561 1643 2594 ducis
1676 2561 1830 2594 vicarium
1863 2571 2001 2604 genera-

1297 2625 1306 2650 l
1334 2624 1398 2651 Male
1419 2623 1483 2650 edit.
1506 2623 1583 2650 Maiu.
1608 2623 1672 2659 legit
1694 2623 1852 2651 indebitum
1874 2624 1912 2661 (n.
1934 2625 1980 2660 T.).

2015 229 2063 256 An.
2076 229 2106 258 C.
2128 227 2191 258 ΠΗ

2264 911 2269 924 Ι

2262 938 2269 1027 l

2265 1030 2269 1078 1

2265 1088 2269 1104 Ι

2265 1151 2269 1161 ,
