2269 3203
280 216 330 242 An.
346 215 373 243 c.
399 214 466 243 «705
512 206 576 240 246

516 265 530 307 ξ,
555 264 587 298 3.
605 265 761 299 Volumus
779 273 888 301 autem
910 273 945 301 ut
965 269 1106 312 ipsarum
1124 268 1211 301 litte-

474 327 580 350 rarum
603 320 824 363 transumptis,
841 331 898 354 seu
925 321 1093 363 exemplis,
1113 321 1209 353 ctiam

473 370 649 413 impressis,
670 384 765 405 mann
792 373 928 406 alicuius
947 374 1062 407 notarii
1088 373 1209 417 publici

472 424 665 468 subscriptis
691 431 722 458 et
745 427 851 468 sigillo
876 438 1037 470 personae
1060 428 1091 459 in
1114 429 1213 460 eccle-

472 477 598 509 siastica
612 478 781 520 (lignitate,
795 480 989 513 constitutae
1004 480 1146 520 munitis,
1165 491 1213 513 ca·

472 529 543 562 dem
558 541 689 573 prorsus
703 531 783 564 fides
797 532 828 564 in
844 533 962 566 iudicio
982 538 1013 566 ct
1027 539 1116 566 extra
1131 533 1209 566 illud

472 583 644 624 habeatur,
665 595 746 627 quae
766 585 942 618 haberetur
959 586 1038 630 ipsis
1060 597 1212 630 praesen-

472 636 556 669 tibus
573 637 598 670 si
617 638 722 670 forent
739 638 903 672 exhibitae
922 641 972 673 vel
991 646 1154 674 ostensae.

515 690 627 722 Datum
655 691 785 731 Romae,
813 693 896 735 apud
924 692 954 725 S.
983 693 1124 734 Petrum,
1152 695 1210 727 sub

471 744 592 776 annulo
622 743 808 785 Piscatoris,
839 745 893 778 die
921 756 998 779 xxm
1028 746 1211 779 decembris

469 805 593 837 unccv,
614 796 827 839 pontificatus
851 799 953 831 nostri
972 809 1056 832 anno
1078 810 1120 833 vl.

504 858 566 885 Dat.
588 859 631 885 die
648 859 681 886 23
698 859 851 887 decembris
871 861 948 894 1705,
967 862 1063 897 pontif.
1086 870 1156 889 anno
1172 869 1208 889 vl.

313 278 461 301 'ri-..ummptn-

279 310 322 323 rnrn
340 304 398 323 tutes.

756 1003 917 1036 Lxxxnl.

472 1081 668 1115 Conceditur
703 1082 915 1125 imlulqenlia
950 1083 1104 1126 plenaria
1137 1089 1209 1127 per'-

509 1139 610 1179 petua
641 1147 701 1179 pro
726 1136 866 1169 ecclesiis
903 1138 1134 1170 canonicorum
1161 1148 1209 1170 re-

510 1188 679 1231 ynlorium
702 1189 734 1221 S.
745 1189 929 1232 Augyustini
941 1191 1209 1233 szqreyotionis

511 1241 542 1274 S.
572 1242 644 1285 Rufi
669 1242 704 1274 in
729 1242 819 1284 sestis
843 1242 891 1275 Ss.
915 1242 1107 1286 Auyustini,
1133 1243 1230 1285 Rufi'

512 1298 540 1327 et
565 1294 725 1328 Monicae.

691 1376 825 1403 Clemens
846 1377 924 1410 Papa
945 1377 994 1409 XI,

592 1423 626 1448 ad
648 1425 824 1455 perpetuam
840 1422 885 1449 rei
900 1422 1081 1449 memoriam.

301 1498 412 1520 rammam
512 1491 705 1525 Commissae
738 1493 833 1526 nobis
870 1504 887 1525 a
921 1494 1055 1526 domino
1093 1498 1207 1526 nostro

468 1544 537 1578 lesu
564 1544 692 1578 Christo
717 1545 969 1588 dispensationis
990 1546 1073 1579 ratio
1100 1547 1207 1590 exigit,

470 1603 505 1630 ut
537 1598 724 1631 caelestium
757 1609 926 1632 munerum
964 1600 1135 1633 thesauros
1169 1601 1206 1633 ad

468 1652 649 1694 augendam
676 1652 707 1684 in
734 1653 827 1685 terris
853 1653 1044 1686 Sanctorum
1065 1654 1097 1686 in
1116 1655 1207 1687 caelo
1228 1669 1229 1689 t

467 1705 673 1746 regnantium
697 1706 951 1747 venerationem,
971 1707 1206 1750 fovendamque

468 1762 510 1790 et*
525 1756 721 1790 incitandam
748 1769 826 1801 erga
851 1760 925 1792 illos
945 1760 1091 1792 fidelium
1114 1761 1208 1793 devo-

468 1811 600 1851 tionem,
617 1810 705 1844 fideli
727 1813 908 1855 prudentia,
932 1818 1087 1856 quantum
1112 1814 1207 1846 nobis

469 1874 505 1896 ex
533 1865 596 1897 alto
621 1865 819 1906 conceditur,
846 1877 981 1909 erogare
1008 1868 1205 1900 studeamus.

273 1924 458 1976 pmmffifaugavijfg
513 1917 581 1960 gl.
617 1917 916 1962 Supplicationibus
953 1921 1061 1964 itaque
1098 1921 1205 1954 dilecti

274 1974 401 2003 nuit-*nuw-
468 1969 524 2003 sslii
549 1971 696 2004 moderni
715 1972 839 2005 abbatis
862 1973 1051 2006 monasterii
1073 1974 1104 2006 S.
1126 1974 1206 2015 Rufi,

468 2024 647 2067 praepositi
675 2026 838 2067 generalis
864 2026 1133 2070 Congregationis
1156 2039 1207 2060 ca—

468 2077 663 2110 nonicorum
689 2079 885 2121 regularium
909 2080 1053 2113 eiusdem
1083 2080 1113 2113 S.
1135 2080 1205 2113 Rufi

468 2129 595 2163 Ordinis
621 2132 721 2164 sancti
745 2133 929 2175 Augustini,
954 2133 1085 2167 nomine
1112 2134 1206 2167 nobis

468 2192 567 2226 super
592 2183 654 2216 hoc
680 2184 849 2218 humiliter
867 2186 1026 2229 porrectis
1047 2186 1204 2227 inclinati,

467 2246 504 2267 ac
529 2236 567 2268 de
593 2236 826 2280 omnipotentis
850 2239 905 2271 Dei
933 2239 1156 2272 misericordia
1174 2245 1206 2272 et

467 2288 635 2322 beatorum
669 2290 753 2323 Petri
787 2298 819 2324 et
854 2293 942 2325 Pauli
982 2294 1205 2336 apostolorum

467 2341 537 2374 eius
563 2342 754 2376 auctoritate
781 2344 905 2386 contisi,
940 2345 1090 2378 omnibus
1124 2346 1204 2378 utri-

466 2404 570 2438 usque
596 2406 692 2428 sexus
725 2397 992 2432 christifidelibus
1024 2409 1098 2432 vere
1129 2410 1205 2443 poe-

467 2448 644 2482 nitentibus
670 2454 700 2482 et
725 2451 898 2491 confessis,
939 2464 975 2486 ac
1000 2455 1090 2486 sacra
1116 2464 1205 2486 com-

467 2502 622 2535 munione
637 2503 776 2545 resectis,
793 2504 846 2547 qui
858 2505 997 2548 aliquam
1010 2517 1046 2538 ex
1057 2506 1203 2539 ecclesiis

1058 219 1238 245 BULLARlUM
1263 218 1418 245 ROMANUM

2006 222 2098 251 An.C.
2121 223 2188 251 ¹706

1256 268 1412 302 hactenus
1437 268 1555 302 erectis
1573 273 1603 301 ct
1623 268 1655 301 in
1677 268 1818 301 saturum
1846 270 1993 313 quando-

1255 332 1393 365 cumque
1420 322 1594 365 erigendis,
1621 332 1656 354 ac
1681 321 1876 365 ubicumque
1905 324 1993 356 loco-

1255 386 1324 408 rum
1339 376 1565 415 existentibus,
1582 376 1613 408 in
1631 376 1849 419 praefatorum
1868 376 1917 409 ss.
1936 377 1994 409 Au-

1256 429 1374 470 gustini
1410 435 1440 461 ct
1477 428 1545 461 Rufi
1583 439 1619 461 ac
1651 428 1682 461 S.
1719 428 1863 462 Monicae
1902 429 1992 462 sestis

1256 481 1378 521 dicbus,
1399 492 1415 514 a
1441 482 1553 524 primis
1579 481 1724 525 vesperis
1749 492 1851 524 nsque
1877 482 1916 514 ad
1938 493 1994 515 oc-

1255 544 1361 566 casum
1381 534 1458 567 solis
1482 534 1605 567 dierum
1632 535 1835 575 huiusmodi,
1853 535 1994 578 singulis

1255 587 1347 620 annis
1386 587 1500 620 devote
1526 587 1743 628 visitaverint,
1782 593 1812 620 et
1849 587 1892 620 ibi
1931 598 1992 631 pro

1255 640 1706 684 christianorumprincipum
1721 640 1902 681 concordia,
1919 641 1992 674 hac·

1254 704 1360 727 resum
1386 695 1620 738 extirpatione,
1645 705 1681 728 ac
1714 700 1844 729 sauctae
1883 695 1993 729 matris

1253 747 1413 780 Ecclesiae
1440 748 1634 781 exaltatione
1659 749 1727 792 pias
1744 749 1781 781 ad
1800 749 1899 782 Deum
1920 759 1994 792 prc-

1254 811 1306 833 ces
1333 800 1515 842 effuderint,
1536 812 1600 845 quo
1623 802 1674 834 die
1696 802 1941 845 praedictorum
1961 802 1992 835 id

1254 854 1389 895 egerint,
1416 855 1598 897 plenariam
1621 855 1764 888 omnium
1784 861 1992 898 peccatorum

1255 917 1387 940 suorum
1420 907 1659 950 indulgentiam
1697 915 1729 941 et
1766 909 1992 942 remissionem

1253 960 1508 993 misericorditer
1545 961 1575 993 in
1604 961 1739 994 Domino
1766 963 1989 995 concedimus.

1253 1013 1483 1046 Praesentibus
1515 1014 1683 1057 perpetuis
1716 1015 1832 1048 suturis
1867 1020 1993 1059 tempo-

1252 1066 1340 1099 ribus
1366 1067 1523 1099 valituris.

1295 1120 1309 1162 ξ
1334 1119 1364 1152 ⁶2.
1393 1120 1548 1153 Volumus
1573 1126 1680 1153 autem
1707 1126 1744 1153 ut
1768 1121 1992 1165 praesentium

1252 1173 1434 1206 litterarum
1474 1174 1695 1217 transumptiS,
1730 1185 1786 1208 seu
1824 1176 1991 1219 exemplis

1252 1226 1347 1259 etiam
1374 1227 1555 1269 impressis,
1582 1237 1680 1259 manu
1714 1227 1849 1260 alicuius
1874 1229 1991 1261 notarii

1252 1279 1373 1321 publici
1396 1280 1602 1322 subscriptis,
1633 1285 1664 1311 ct
1696 1280 1805 1322 sigillo
1830 1291 1992 1324 personae

1251 1332 1282 1364 in
1301 1332 1523 1365 ecclesiastica
1540 1332 1697 1374 dignitate
1714 1333 1911 1366 constitutae
1929 1344 1995 1366 mu-

1252 1385 1350 1425 nitis,
1376 1386 1488 1418 eadem
1519 1396 1659 1429 prorsus
1684 1386 1765 1419 fides
1801 1386 1833 1418 in
1870 1386 1993 1419 iudicio

1252 1443 1284 1471 et
1301 1444 1391 1471 extra
1409 1439 1488 1471 illud
1510 1439 1631 1482 ubique
1657 1440 1804 1472 locorum
1824 1439 1992 1480 habeatur,

1251 1502 1333 1534 quae
1369 1491 1450 1534 ipsis
1487 1492 1717 1535 praesentibus
1755 1492 1935 1526 haberetur
1967 1492 1995 1526 si

1251 1546 1361 1577 forent.
1386 1545 1554 1578 exhibitae
1580 1546 1631 1577 vel
1657 1550 1823 1578 ostensae.

1295 1599 1408 1631 Datum
1435 1598 1564 1639 Romae,
1594 1599 1677 1641 apud
1704 1598 1735 1631 S.
1764 1598 1906 1640 Petrum,
1932 1600 1993 1633 sub

1251 1654 1373 1685 annulo
1417 1652 1615 1691 piscatoris,
1650 1652 1701 1685 die
1743 1663 1785 1686 xn
1830 1653 1992 1694 ianuarii,

1250 1716 1382 1747 moccvi,
1406 1705 1615 1749 pontificatus
1641 1706 1743 1738 nostri
1769 1716 1853 1739 anno
1878 1717 1922 1740 vi.

2042 1131 2105 1153 ratos
2129 1134 2187 1154 tran-

2002 1162 2140 1185 sniuptorum.

1287 1768 1344 1795 Dat.
1363 1768 1406 1795 die
1425 1768 1455 1794 12
1472 1767 1586 1795 ianuarii
1605 1768 1683 1800 1706,
1702 1768 1796 1803 pontis.
1818 1776 1888 1795 anno
1904 1775 1939 1795 vl.

1545 1911 1702 1944 LXXXIV.

1252 1989 1473 2032 Confirmatio*
1490 1989 1649 2022 decretum
1672 1988 1836 2032 qenai-atis
1855 1987 1994 2022 Ordinis

1293 2043 1577 2084 Pract'licalorum,
1606 2054 1668 2086 quo
1692 2043 1886 2086 prohibetur
1915 2052 1993 2074 reee-

1291 2097 1359 2139 plio
1385 2096 1632 2139 illeqitimorum
1658 2097 1693 2128 in
1717 2095 1890 2139 provincici
1915 2095 1992 2128 An·-

1293 2149 1515 2192 9clopolilami
1530 2148 1550 2180 ⁴.

1469 2230 1604 2256 Clemens
1627 2230 1705 2262 Papa
1725 2229 1773 2261 XI,

1392 2274 1428 2301 ad
1448 2274 1581 2301 futuram
1601 2274 1647 2301 rei
1667 2273 1847 2301 memoriam.

1292 2346 1306 2389 ἓ
1325 2345 1354 2378 l.
1378 2345 1501 2388 Exponi
1521 2345 1614 2378 nobis
1632 2355 1738 2388 nuper
1764 2345 1837 2378 fecit
1854 2345 1989 2378 dilectus
2028 2353 2095 2373 Cam
2123 2360 2184 2379 rw·

2000 2381 2050 2402 dxi-u
2066 2381 2152 2401 decreti.

1247 2398 1333 2431 filius
1361 2398 1584 2431 Ferdiuandus
1618 2398 1656 2431 de
1688 2398 1862 2441 Espinosa‚
1892 2398 1990 2431 frater

1284 2489 1293 2513 1
1327 2486 1363 2513 De
1393 2485 1549 2513 dimissione
1579 2486 1693 2513 fratrum
1727 2495 1741 2513 e
1775 2487 1990 2521 congregatione

1246 2531 1272 2558 S.
1293 2531 1405 2558 Sabinae
1421 2534 1447 2558 et
1463 2539 1555 2558 eorum
1576 2532 1732 2566 receptione
1752 2531 1842 2566 agitur
1860 2531 1886 2558 in
1902 2531 1989 2558 Bene-

469 2565 748 2600 quommcumque
772 2559 1043 2592 monaSlffl'lOl'um
1076 2559 1205 2593 canoni·
1246 2576 1312 2603 dicti
1331 2576 1389 2604 xm
1409 2576 1518 2605 constit.
1541 2576 1604 2604 edit.
1626 2583 1776 2612 uuccxxiv,
1799 2577 1842 2605 die
1869 2579 1878 2604 1
1903 2576 1988 2610 mail,

469 2620 581 2642 corum
596 2609 794 2653 regularium
813 2610 914 2644 dictae
933 2612 1203 2656 Congregationis
1247 2621 1342 2656 pontif.
1365 2628 1382 2648 1.
