2269 3203
243 214 291 240 An.
309 213 336 240 c.
361 213 427 240 1717
475 204 539 237 754

247 1683 294 1702 §.ilo

269 961 413 983 Prooemium,

273 1653 321 1672 ,tcta
346 1658 356 1672 a
374 1652 430 1672 ,Με-

322 1686 340 1704 [ιι
347 1680 430 1698 ΔιιηΙωΙη

351 1698 519 1730 cuderunt
544 1691 651 1724 dilecti
678 1691 733 1724 filii
765 1692 940 1735 capitulum
970 1697 1002 1725 et
1033 1693 1180 1726 canonici

435 261 573 295 ianuarii
589 272 755 303 nnccxwi,
773 261 981 305 pontificatus
1000 260 1102 295 nostri
1120 272 1172 294 an-

435 326 477 349 no
507 325 586 349 xvn.

472 378 528 404 Dat.
547 378 589 405 die
605 379 638 405 25
655 378 770 405 ianuarii
792 378 868 412 1717,
887 377 985 412 pontif.
1003 385 1075 404 anno
1092 383 1155 404 xvn.

752 518 874 552 CCXLl.

439 591 685 633 Confirmantur
702 595 772 622 ncta
797 600 817 622 a
841 589 986 632 deleqaco
1004 590 1177 632 apostolico

482 654 541 687 pro
566 643 750 676 executione
776 642 964 675 litterarum
988 642 1177 685 apostolica-

483 707 556 729 rum
580 697 617 729 de
641 696 796 729 erectione
820 706 919 728 novae
939 695 1179 739 patriarchalis

482 750 629 783 ecclesiae
650 749 911 793 Ulyssiponensis
923 749 1139 783 Occidentalis
1156 749 1177 783 ¹.

651 832 788 858 clemens
815 831 897 865 Papa
917 831 966 863 xl,

579 877 616 903 ad
636 877 771 903 futuram
793 876 837 904 rei
858 876 1038 903 memoriam.

483 948 629 981 Sollicita
664 947 836 991 pastoralis
872 947 966 980 officii
1001 947 1178 990 vigilantia,

441 1012 512 1044 qua,
533 1002 638 1033 divina
656 1000 851 1043 suffragante
870 1001 1054 1039 clementia,
1072 1002 1180 1034 catho-

440 1055 521 1087 licae
548 1054 711 1086 Ecclesiae
738 1053 975 1096 praesidemus,
1009 1054 1103 1087 enixe
1139 1055 1180 1087 es-

439 1107 571 1149 ssagitat,
591 1112 626 1138 ut
651 1117 699 1146 ea,
725 1116 806 1148 qnae
828 1116 887 1149 per
907 1112 1034 1139 nostras
1057 1107 1180 1140 litteras

440 1165 528 1193 motu
554 1160 688 1203 proprio
714 1164 885 1199 emanatas,
916 1169 951 1192 ae
983 1159 1044 1203 piis
1077 1165 1105 1193 et
1133 1171 1181 1192 ra-

442 1213 652 1246 tionabilibus
685 1212 789 1245 causis
825 1212 964 1253 adducti,
992 1213 1069 1246 alias
1105 1225 1181 1247 con-

440 1267 593 1300 cessimus
619 1271 650 1299 et
675 1265 873 1306 indulsimus,
893 1277 985 1299 suum
1004 1266 1182 1300 sortiantur

441 1319 603 1360 effectum,
631 1319 834 1363 proindeque
860 1325 962 1359 aetus,
983 1320 1038 1363 qui
1064 1320 1103 1353 ab
1130 1331 1180 1354 ea-

439 1373 588 1406 rumdem
620 1373 801 1405 litterarum
835 1373 1088 1416 exequutoribus
1120 1384 1180 1417 pro

441 1427 585 1469 ipsarum
610 1425 775 1458 validitate
810 1430 842 1458 et
873 1426 1081 1459 observantia
1106 1426 1180 1459 sacti

441 1479 536 1511 tuisse
557 1479 714 1519 dicuntur,
733 1479 913 1521 apostolico
931 1478 1089 1512 firmitatis
1112 1490 1182 1513 mu-

440 1532 565 1565 nimine
591 1531 803 1572 roboremus,
831 1537 928 1574 prout
962 1533 1180 1576 conspicimus

441 1585 472 1618 in
498 1585 634 1617 Domino
661 1584 840 1616 salubriter
865 1585 1030 1627 expedire.

486 1639 500 1681 ἓ
530 1637 556 1670 1.
583 1637 706 1681 Exponi
733 1647 809 1670 sane
836 1637 930 1670 nobis
956 1648 1061 1681 nuper
1098 1639 1183 1672 sece-

407 1765 410 1777 .
442 1745 672 1788 patriarchalis
706 1744 861 1778 ecclesiae
894 1744 1179 1789 Ulyssiponensis,

392 1798 542 1841 ¹..-quod‚
564 1798 638 1830 dnm
663 1808 679 1830 a
704 1797 881 1830 venerabili
904 1798 999 1831 fratre
1024 1799 1182 1832 moderno

364 1843 396 1863 ἰι
410 1844 420 1858 n

275 1845 598 1894 Ξυωηὶᾉωᾞορίεοῷο
626 1850 834 1894 Algarbiensi
872 1851 1083 1895 exequutioni
1121 1853 1179 1885 de-

440 1904 676 1936 mandabantur
697 1904 824 1936 litterae
851 1904 1049 1947 apostolicae
1067 1904 1100 1937 in
1119 1905 1183 1938 for-

440 1959 491 1989 ina
511 1957 612 1990 nostri
631 1956 865 2000 motusproprii
892 1957 1061 2000 expeditae
1086 1968 1183 2001 super

441 2010 601 2044 divisione
627 2010 762 2043 civitatis
788 2016 819 2043 et
845 2004 1004 2043 dieecesis
1022 2010 1183 2054 Ulyssipo-

440 2064 550 2096 nensis
576 2069 607 2096 et
633 2063 798 2096 erectione
820 2073 923 2096 novae
954 2063 1183 2106 patriarchalis

441 2117 596 2150 ecclesiae
636 2116 901 2160 L'lyssiponensis
941 2117 1156 2150 occidentalis
1176 2145 1183 2158 ,

441 2171 644 2212 aliarumque
680 2169 824 2202 omnium
861 2169 1038 2212 gratiarum
1071 2175 1103 2203 et
1135 2170 1184 2203 in-

442 2224 603 2257 dultorum
633 2233 714 2266 quae
740 2222 773 2255 in
790 2223 946 2266 praefatis
970 2223 1087 2256 litteris
1112 2234 1184 2257 con-

441 2276 592 2316 tinentur,
613 2275 793 2319 comparuit
819 2286 926 2309 eoram
945 2276 1089 2319 praefato
1117 2277 1184 2320 epi-

441 2340 539 2372 scopo
586 2329 792 2371 Algarbiensi
840 2328 1033 2372 procurator
1078 2329 1183 2362 dietae

440 2381 668 2426 patriarchalis
716 2381 870 2414 ecclesiae
918 2381 1183 2425 Ulyssiponensis

477 2473 487 2497 1
507 2470 762 2504 laudatae-litterae
776 2473 867 2496 extant
882 2473 969 2496 const.
982 2469 1046 2497 edit.
1058 2476 1183 2504 mnccxw,

443 2515 485 2542 die
506 2516 519 2542 7
540 2515 705 2547 novembris,
727 2514 823 2549 pontif.
844 2523 907 2547 xv13
937 2518 965 2541 et
984 2515 1095 2542 constit.
1116 2516 1183 2543 edit.

442 2566 580 2594 nnccxvn,
595 2560 639 2587 die
661 2560 692 2586 12
708 2559 807 2593 martii,
825 2558 920 2594 pontif.
938 2565 1003 2593 xvu,
1019 2561 1185 2596 ampliantur

444 2604 547 2634 indulta
567 2604 654 2634 dictae
674 2603 806 2634 ecclesiae
826 2602 1023 2641 patriarchalis.

1019 214 1198 237 BULLAnlL'M
1225 214 1379 238 ROMANUM

1218 262 1451 302 occidentalis,
1480 261 1650 304 eidemque
1675 261 1843 304 exposuit,
1871 262 1959 305 quod

1218 314 1394 358 capitulum
1409 314 1567 349 eeclesiae
1580 314 1844 358 Ulyssiponensis
1858 314 1959 349 orien·

1219 367 1304 407 talis,
1332 372 1407 400 tune
1439 372 1470 401 et
1493 368 1533 400 ad
1562 377 1717 411 praesens
1742 367 1883 411 pastoris
1909 377 1960 401 so-

1219 421 1295 454 latio
1313 420 1499 461 destitutae,
1528 421 1737 464 deputaverat
1755 430 1866 453 eorum
1885 431 1961 464 pro-

1221 478 1402 507 curatorem
1424 474 1462 507 ad
1481 473 1630 506 effectum
1651 473 1864 506 interessendi
1889 483 1961 507 exe-

1221 526 1370 570 quutioni
1389 527 1574 559 earumdem
1589 525 1782 566 litterarum,
1797 532 1828 559 et
1841 536 1961 569 eogno-

1223 579 1332 612 scendi
1359 589 1399 612 an
1425 579 1537 612 divisio
1568 578 1704 612 civitatis
1738 584 1770 611 et
1801 579 1961 613 dioecesis

1221 631 1484 676 Ulyssiponensis
1509 632 1737 675 praefatarum,
1763 631 1892 676 aliaque
1928 633 1961 667 in

1222 685 1375 728 praefatis
1414 685 1531 718 litteris
1567 690 1737 725 contenta,
1774 685 1961 729 exequtioni

1224 738 1498 772 demandarentur
1523 739 1562 771 ad
1589 739 1722 772 formam
1740 739 1877 782 praefati
1895 749 1964 772 mo-

1225 791 1419 834 tusproprii‚
1444 796 1476 824 et
1500 791 1622 834 absque
1655 802 1766 824 eorum
1799 792 1964 835 praeiudi-

1224 844 1287 885 cio,
1316 842 1364 877 et¹
1391 844 1579 887 deputando
1597 845 1866 879 secundodictum
1890 856 1964 889 pro-

1225 903 1408 931 curatorem
1438 908 1504 930 non
1537 907 1571 931 se
1603 898 1844 942 inscripserunt
1875 900 1962 943 eapi-

1225 951 1325 984 tulum
1344 950 1516 990 orientale,
1531 950 1741 993 quamobrem
1761 958 1963 995 exponentes

1225 1004 1361 1047 praefati
1387 1014 1495 1036 coram
1529 1004 1644 1036 eodem
1677 1004 1831 1047 episeopo
1858 1006 1965 1049 Algar·

1224 1056 1329 1090 biensi
1366 1054 1581 1096 insleterunt,
1622 1063 1782 1100 quatenus
1817 1063 1966 1092 moneret

1225 1110 1407 1153 praefatum
1445 1109 1623 1153 capitulum
1657 1110 1826 1151 orientale,
1855 1117 1890 1143 ut
1925 1112 1964 1144 ab

1224 1163 1411 1198 huiusmodi
1431 1168 1460 1196 et
1482 1162 1553 1196 aliis
1572 1163 1731 1197 similibus
1750 1164 1966 1208 perturbatio-

1225 1217 1321 1249 nibus
1348 1227 1380 1249 se
1407 1217 1599 1256 abstineret,
1624 1227 1660 1250 ac
1684 1217 1870 1252 mandatum
1895 1229 1967 1262 pro-

1225 1280 1321 1302 enrae
1347 1270 1533 1312 supradicto
1559 1271 1656 1303 modo
1681 1277 1846 1304 exaratum
1871 1272 1966 1314 peni-

1226 1327 1276 1354 tus
1302 1327 1333 1355 et
1351 1322 1483 1356 omnino
1502 1323 1662 1356 reiiceret.
1683 1323 1768 1356 Idem
1791 1326 1964 1367 episcopus

1225 1376 1456 1418 Algarbiensis‚
1484 1376 1744 1409 animadvertens
1769 1377 1855 1420 quod
1875 1388 1966 1421 prae-

1226 1429 1324 1461 fatum
1344 1428 1529 1461 mandatum
1546 1439 1708 1472 procurae
1734 1440 1750 1462 a
1769 1430 1910 1473 capitulo
1936 1435 1968 1464 et

1226 1482 1390 1515 canonicis
1409 1482 1564 1515 ecclesiae
1579 1482 1844 1526 Ulyssiponensis
1858 1483 1969 1517 orien-

1226 1535 1298 1568 talis
1323 1536 1495 1569 conflatum
1514 1545 1578 1568 non
1597 1536 1701 1568 suerat
1725 1546 1795 1568 eum
1822 1536 1968 1571 declara-

1227 1589 1314 1622 tione
1341 1594 1372 1622 et
1396 1588 1661 1622 denominatione
1695 1589 1829 1632 capituli
1854 1589 1968 1634 Ulyssi-

1203 1661 1205 1683 1
1226 1641 1379 1685 pertensis
1397 1641 1575 1682 orientalis,
1590 1641 1755 1674 mandavit
1769 1642 1885 1676 dilecto
1899 1642 1967 1676 filio

1226 1695 1426 1727 Emmanueli
1452 1694 1568 1727 Duarte
1589 1695 1724 1735 Franco,
1752 1696 1879 1730 notario
1910 1707 1967 1740 pu-

1226 1748 1324 1787 blico,
1356 1753 1401 1788 ut,
1429 1748 1593 1781 mediante
1618 1748 1749 1791 publico
1781 1749 1966 1790 monitorio,

1226 1801 1408 1844 praefatum
1441 1801 1617 1844 capitulum
1648 1801 1901 1845 Ulyssiponense
1934 1813 1968 1836 o-

1227 1855 1365 1887 rientale
1392 1854 1450 1887 sub
1476 1854 1641 1888 nonnullis
1665 1855 1782 1898 poenis
1807 1860 1966 1897 moneret,

1226 1913 1262 1940 ut
1285 1908 1318 1941 in
1343 1913 1510 1951 posterum
1531 1908 1563 1940 in
1584 1909 1676 1941 nullo
1694 1908 1825 1952 penitus
1842 1914 1969 1952 pertur-

1226 1960 1340 1994 barent
1372 1961 1630 1994 iurisdictionem
1656 1961 1885 2004 patriarchalis
1917 1973 1968 1995 ec-

1227 2015 1344 2047 clesiae
1368 2014 1630 2058 Ulyssiponensis
1662 2014 1886 2055 occidentalis,
1909 2016 1966 2049 sed

1227 2067 1460 2100 inviolabiliter
1485 2067 1694 2099 observarent
1714 2067 1823 2099 omnia
1848 2072 1878 2099 et
1902 2067 1969 2100 sin-

1227 2121 1301 2163 gula
1326 2120 1357 2152 in
1382 2120 1531 2163 praefato
1555 2120 1781 2163 motuproprio
1814 2125 1967 2154 contenta

1227 2178 1258 2205 et
1284 2183 1443 2216 expressa,
1469 2183 1568 2216 seque
1595 2173 1765 2214 decanum,
1792 2173 1967 2215 dignitates

1228 2233 1258 2259 et
1293 2226 1468 2259 canonicos
1506 2226 1661 2259 eeclesiae
1703 2226 1965 2270 Ulyssiponensis

1227 2280 1393 2312 orientalis
1419 2284 1657 2322 nuncuparent.
1695 2279 1866 2322 Dietusque
1892 2279 1965 2312 Em-

1227 2333 1357 2365 manuel
1384 2332 1434 2365 die
1460 2342 1483 2365 11
1509 2331 1628 2364 mensis
1653 2331 1791 2364 ianuarii
1817 2333 1966 2375 proxime

1227 2384 1393 2427 praeteriti
1430 2385 1462 2416 in
1498 2384 1642 2417 sacristia
1678 2383 1783 2417 dictae
1810 2385 1967 2419 ecclesiae

1227 2436 1491 2480 Flyssiponensis
1509 2435 1687 2476 orientalis,
1705 2447 1815 2470 eoram
1838 2438 1965 2471 dilectis

1228 2490 1324 2523 etiam
1360 2489 1434 2522 tiliis
1469 2489 1583 2522 Carolo
1618 2489 1724 2522 Perim
1758 2490 1966 2534 praesidente

1228 2553 1264 2576 ae
1288 2542 1435 2586 pluribus
1472 2542 1575 2576 dictae
1613 2543 1768 2577 eeclesiae
1805 2543 1967 2589 Ulyssipo-

1264 2606 1274 2633 1
1297 2604 1412 2633 Videtur
1428 2603 1571 2641 legendum
1586 2607 1615 2634 at
1631 2613 1680 2641 pro
1696 2607 1722 2635 et
1737 2606 1776 2642 (a.
1791 2605 1841 2642 L).

1968 214 2019 240 An.
2034 215 2062 241 C.
2085 214 2150 242 1717
