<?xml version="1.0" encoding="UTF-8"?>
<!DOCTYPE html PUBLIC "-//W3C//DTD XHTML 1.0 Transitional//EN"
    "http://www.w3.org/TR/xhtml1/DTD/xhtml1-transitional.dtd">
<html xmlns="http://www.w3.org/1999/xhtml" xml:lang="en" lang="en">
 <head>
  <title>
</title>
<meta http-equiv="Content-Type" content="text/html;charset=utf-8" />
  <meta name='ocr-system' content='tesseract 3.04.00' />
  <meta name='ocr-capabilities' content='ocr_page ocr_carea ocr_par ocr_line ocrx_word'/>
</head>
<body>
  <div class='ocr_page' id='page_1' title='image "./bullarumdiplomat21cath_0411.png"; bbox 0 0 2269 3203; ppageno 0'>
   <div class='ocr_carea' id='block_1_1' title="bbox 45 226 234 254">
    <p class='ocr_par' dir='ltr' id='par_1_1' title="bbox 45 226 234 254">
     <span class='ocr_line' id='line_1_1' title="bbox 45 226 234 254; baseline 0 0"><span class='ocrx_word' id='word_1_1' title='bbox 45 227 98 254; x_wconf 80' lang='lat' dir='ltr'>An.</span> <span class='ocrx_word' id='word_1_2' title='bbox 119 226 146 253; x_wconf 72' lang='lat' dir='ltr'>ti.</span> <span class='ocrx_word' id='word_1_3' title='bbox 169 227 234 254; x_wconf 76' lang='lat'>1700</span> 
     </span>
    </p>
   </div>
   <div class='ocr_carea' id='block_1_2' title="bbox 69 2044 226 2066">
    <p class='ocr_par' dir='ltr' id='par_1_2' title="bbox 69 2044 226 2066">
     <span class='ocr_line' id='line_1_2' title="bbox 69 2044 226 2066; baseline 0.006 -3"><span class='ocrx_word' id='word_1_4' title='bbox 69 2044 188 2065; x_wconf 54' lang='lat' dir='ltr'>Contraria</span> <span class='ocrx_word' id='word_1_5' title='bbox 195 2050 226 2066; x_wconf 82' lang='lat' dir='ltr'>um</span> 
     </span>
    </p>
   </div>
   <div class='ocr_carea' id='block_1_3' title="bbox 45 2071 163 2097">
    <p class='ocr_par' dir='ltr' id='par_1_3' title="bbox 45 2071 163 2097">
     <span class='ocr_line' id='line_1_3' title="bbox 45 2071 163 2097; baseline 0 -6"><span class='ocrx_word' id='word_1_6' title='bbox 45 2071 163 2097; x_wconf 69' lang='lat' dir='ltr'>derogatio.</span> 
     </span>
    </p>
   </div>
   <div class='ocr_carea' id='block_1_4' title="bbox 87 2361 229 2381">
    <p class='ocr_par' dir='ltr' id='par_1_4' title="bbox 87 2361 229 2381">
     <span class='ocr_line' id='line_1_4' title="bbox 87 2361 229 2381; baseline -0.014 0"><span class='ocrx_word' id='word_1_7' title='bbox 87 2361 92 2381; x_wconf 86' lang='grc' dir='ltr'>Ι</span> <span class='ocrx_word' id='word_1_8' title='bbox 104 2362 148 2381; x_wconf 53' lang='lat' dir='ltr'>bles</span> <span class='ocrx_word' id='word_1_9' title='bbox 175 2364 198 2381; x_wconf 81' lang='lat' dir='ltr'>ti.</span> <span class='ocrx_word' id='word_1_10' title='bbox 208 2368 211 2379; x_wconf 76' lang='lat' dir='ltr'>i</span> <span class='ocrx_word' id='word_1_11' title='bbox 222 2372 229 2376; x_wconf 90' lang='lat'><em>-</em></span> 
     </span>
    </p>
   </div>
   <div class='ocr_carea' id='block_1_5' title="bbox 47 2391 182 2414">
    <p class='ocr_par' dir='ltr' id='par_1_5' title="bbox 47 2391 182 2414">
     <span class='ocr_line' id='line_1_5' title="bbox 47 2391 182 2414; baseline 0.015 -7"><span class='ocrx_word' id='word_1_12' title='bbox 47 2391 182 2414; x_wconf 69' lang='lat' dir='ltr'>suu-plutum.</span> 
     </span>
    </p>
   </div>
   <div class='ocr_carea' id='block_1_6' title="bbox 869 222 1139 248">
    <p class='ocr_par' dir='ltr' id='par_1_6' title="bbox 869 222 1139 248">
     <span class='ocr_line' id='line_1_6' title="bbox 869 222 1139 248; baseline -0.004 -1"><span class='ocrx_word' id='word_1_13' title='bbox 869 223 1008 248; x_wconf 70' lang='lat' dir='ltr'>CLEMENS</span> <span class='ocrx_word' id='word_1_14' title='bbox 1035 223 1066 246; x_wconf 77' lang='lat' dir='ltr'>Xl</span> <span class='ocrx_word' id='word_1_15' title='bbox 1091 222 1139 247; x_wconf 76' lang='lat' dir='ltr'>Pr.</span> 
     </span>
    </p>
   </div>
   <div class='ocr_carea' id='block_1_7' title="bbox 237 271 983 2667">
    <p class='ocr_par' dir='ltr' id='par_1_7' title="bbox 237 271 983 2025">
     <span class='ocr_line' id='line_1_7' title="bbox 237 271 978 319; baseline -0.007 -10"><span class='ocrx_word' id='word_1_16' title='bbox 237 285 296 319; x_wconf 90' lang='lat' dir='ltr'>per</span> <span class='ocrx_word' id='word_1_17' title='bbox 318 275 381 309; x_wconf 91' lang='lat' dir='ltr'>hoc</span> <span class='ocrx_word' id='word_1_18' title='bbox 399 275 570 309; x_wconf 88' lang='lat' dir='ltr'>humiliter</span> <span class='ocrx_word' id='word_1_19' title='bbox 587 273 747 318; x_wconf 81' lang='lat' dir='ltr'>porrectis</span> <span class='ocrx_word' id='word_1_20' title='bbox 765 271 922 311; x_wconf 88' lang='lat' dir='ltr'>inclinati,</span> <span class='ocrx_word' id='word_1_21' title='bbox 938 271 978 305; x_wconf 90' lang='lat' dir='ltr'>de</span> 
     </span>
     <span class='ocr_line' id='line_1_8' title="bbox 237 324 976 362; baseline -0.007 -1"><span class='ocrx_word' id='word_1_22' title='bbox 237 328 474 362; x_wconf 83' lang='lat' dir='ltr'>venerabilium</span> <span class='ocrx_word' id='word_1_23' title='bbox 489 328 620 361; x_wconf 78' lang='lat' dir='ltr'>fratrum</span> <span class='ocrx_word' id='word_1_24' title='bbox 638 331 827 360; x_wconf 88' lang='lat' dir='ltr'>nostrorum</span> <span class='ocrx_word' id='word_1_25' title='bbox 841 324 871 358; x_wconf 83' lang='lat' dir='ltr'>S.</span> <span class='ocrx_word' id='word_1_26' title='bbox 889 324 926 357; x_wconf 82' lang='lat' dir='ltr'>R.</span> <span class='ocrx_word' id='word_1_27' title='bbox 942 324 976 357; x_wconf 83' lang='lat' dir='ltr'>E.</span> 
     </span>
     <span class='ocr_line' id='line_1_9' title="bbox 239 378 978 424; baseline -0.005 -9"><span class='ocrx_word' id='word_1_28' title='bbox 239 382 454 415; x_wconf 79' lang='lat' dir='ltr'>cardinalium</span> <span class='ocrx_word' id='word_1_29' title='bbox 470 380 612 424; x_wconf 82' lang='lat' dir='ltr'>negotiis</span> <span class='ocrx_word' id='word_1_30' title='bbox 634 384 666 412; x_wconf 87' lang='lat' dir='ltr'>et</span> <span class='ocrx_word' id='word_1_31' title='bbox 683 378 978 412; x_wconf 73' lang='lat' dir='ltr'>consultationibus</span> 
     </span>
     <span class='ocr_line' id='line_1_10' title="bbox 239 431 981 479; baseline -0.005 -10"><span class='ocrx_word' id='word_1_32' title='bbox 239 435 472 479; x_wconf 84' lang='lat' dir='ltr'>episcoporum</span> <span class='ocrx_word' id='word_1_33' title='bbox 498 440 530 468; x_wconf 85' lang='lat' dir='ltr'>et</span> <span class='ocrx_word' id='word_1_34' title='bbox 554 433 751 476; x_wconf 80' lang='lat' dir='ltr'>regularium</span> <span class='ocrx_word' id='word_1_35' title='bbox 776 431 981 476; x_wconf 84' lang='lat' dir='ltr'>praeposito-</span> 
     </span>
     <span class='ocr_line' id='line_1_11' title="bbox 240 485 979 527; baseline -0.003 -7"><span class='ocrx_word' id='word_1_36' title='bbox 240 499 311 521; x_wconf 91' lang='lat' dir='ltr'>rum</span> <span class='ocrx_word' id='word_1_37' title='bbox 329 488 474 527; x_wconf 86' lang='lat' dir='ltr'>consilio,</span> <span class='ocrx_word' id='word_1_38' title='bbox 490 492 522 521; x_wconf 89' lang='lat' dir='ltr'>et</span> <span class='ocrx_word' id='word_1_39' title='bbox 536 488 658 520; x_wconf 78' lang='lat' dir='ltr'>attenta</span> <span class='ocrx_word' id='word_1_40' title='bbox 672 485 860 519; x_wconf 74' lang='lat' dir='ltr'>narratione</span> <span class='ocrx_word' id='word_1_41' title='bbox 874 485 979 518; x_wconf 86' lang='lat' dir='ltr'>bonae</span> 
     </span>
     <span class='ocr_line' id='line_1_12' title="bbox 238 538 980 580; baseline -0.004 -6"><span class='ocrx_word' id='word_1_42' title='bbox 238 541 415 575; x_wconf 81' lang='lat' dir='ltr'>memoriae</span> <span class='ocrx_word' id='word_1_43' title='bbox 444 540 591 578; x_wconf 75' lang='lat' dir='ltr'>Leandri,</span> <span class='ocrx_word' id='word_1_44' title='bbox 619 540 694 572; x_wconf 86' lang='lat' dir='ltr'>dum</span> <span class='ocrx_word' id='word_1_45' title='bbox 721 539 807 580; x_wconf 76' lang='lat' dir='ltr'>vixit,</span> <span class='ocrx_word' id='word_1_46' title='bbox 836 538 980 571; x_wconf 86' lang='lat' dir='ltr'>eiusdem</span> 
     </span>
     <span class='ocr_line' id='line_1_13' title="bbox 240 593 978 635; baseline -0.005 -7"><span class='ocrx_word' id='word_1_47' title='bbox 240 595 271 629; x_wconf 79' lang='lat' dir='ltr'>S.</span> <span class='ocrx_word' id='word_1_48' title='bbox 295 595 332 628; x_wconf 73' lang='lat' dir='ltr'>lt.</span> <span class='ocrx_word' id='word_1_49' title='bbox 356 595 391 628; x_wconf 89' lang='lat' dir='ltr'>E.</span> <span class='ocrx_word' id='word_1_50' title='bbox 415 595 588 628; x_wconf 88' lang='lat' dir='ltr'>cardinalis</span> <span class='ocrx_word' id='word_1_51' title='bbox 607 593 772 627; x_wconf 86' lang='lat' dir='ltr'>Colloredi</span> <span class='ocrx_word' id='word_1_52' title='bbox 791 593 978 635; x_wconf 83' lang='lat' dir='ltr'>nuncupati,</span> 
     </span>
     <span class='ocr_line' id='line_1_14' title="bbox 240 646 978 692; baseline -0.005 -10"><span class='ocrx_word' id='word_1_53' title='bbox 240 650 346 683; x_wconf 81' lang='lat' dir='ltr'>dietae</span> <span class='ocrx_word' id='word_1_54' title='bbox 363 647 635 692; x_wconf 79' lang='lat' dir='ltr'>Congregationis</span> <span class='ocrx_word' id='word_1_55' title='bbox 652 647 683 680; x_wconf 87' lang='lat' dir='ltr'>S.</span> <span class='ocrx_word' id='word_1_56' title='bbox 703 647 876 680; x_wconf 80' lang='lat' dir='ltr'>Salvatoris</span> <span class='ocrx_word' id='word_1_57' title='bbox 894 646 978 690; x_wconf 87' lang='lat' dir='ltr'>apud</span> 
     </span>
     <span class='ocr_line' id='line_1_15' title="bbox 239 701 981 745; baseline -0.005 -9"><span class='ocrx_word' id='word_1_58' title='bbox 239 714 299 736; x_wconf 86' lang='lat' dir='ltr'>nos</span> <span class='ocrx_word' id='word_1_59' title='bbox 316 708 348 736; x_wconf 88' lang='lat' dir='ltr'>ct</span> <span class='ocrx_word' id='word_1_60' title='bbox 372 702 488 736; x_wconf 89' lang='lat' dir='ltr'>Sedem</span> <span class='ocrx_word' id='word_1_61' title='bbox 509 701 728 745; x_wconf 73' lang='lat' dir='ltr'>Apostolicam</span> <span class='ocrx_word' id='word_1_62' title='bbox 746 705 981 744; x_wconf 87' lang='lat' dir='ltr'>eomprotecto-</span> 
     </span>
     <span class='ocr_line' id='line_1_16' title="bbox 239 753 981 797; baseline -0.007 -8"><span class='ocrx_word' id='word_1_63' title='bbox 239 756 294 795; x_wconf 90' lang='lat' dir='ltr'>ris,</span> <span class='ocrx_word' id='word_1_64' title='bbox 320 756 442 789; x_wconf 87' lang='lat' dir='ltr'>eisdem</span> <span class='ocrx_word' id='word_1_65' title='bbox 470 754 691 788; x_wconf 75' lang='lat' dir='ltr'>cardinalibus</span> <span class='ocrx_word' id='word_1_66' title='bbox 717 754 820 794; x_wconf 76' lang='lat' dir='ltr'>sacta,</span> <span class='ocrx_word' id='word_1_67' title='bbox 846 753 981 797; x_wconf 86' lang='lat' dir='ltr'>petitam</span> 
     </span>
     <span class='ocr_line' id='line_1_17' title="bbox 239 806 979 842; baseline -0.005 -1"><span class='ocrx_word' id='word_1_68' title='bbox 239 809 354 842; x_wconf 85' lang='lat' dir='ltr'>similis</span> <span class='ocrx_word' id='word_1_69' title='bbox 379 808 496 842; x_wconf 87' lang='lat' dir='ltr'>indulti</span> <span class='ocrx_word' id='word_1_70' title='bbox 522 806 747 841; x_wconf 80' lang='lat' dir='ltr'>extensionem</span> <span class='ocrx_word' id='word_1_71' title='bbox 773 807 811 839; x_wconf 87' lang='lat' dir='ltr'>ad</span> <span class='ocrx_word' id='word_1_72' title='bbox 838 806 979 839; x_wconf 84' lang='lat' dir='ltr'>savorem</span> 
     </span>
     <span class='ocr_line' id='line_1_18' title="bbox 238 860 980 905; baseline -0.004 -10"><span class='ocrx_word' id='word_1_73' title='bbox 238 862 371 896; x_wconf 88' lang='lat' dir='ltr'>illorum</span> <span class='ocrx_word' id='word_1_74' title='bbox 397 862 627 905; x_wconf 78' lang='lat' dir='ltr'>religiosorum</span> <span class='ocrx_word' id='word_1_75' title='bbox 666 861 831 894; x_wconf 76' lang='lat' dir='ltr'>dumtaxat.</span> <span class='ocrx_word' id='word_1_76' title='bbox 863 860 916 904; x_wconf 86' lang='lat' dir='ltr'>qui</span> <span class='ocrx_word' id='word_1_77' title='bbox 948 860 980 892; x_wconf 90' lang='lat' dir='ltr'>in</span> 
     </span>
     <span class='ocr_line' id='line_1_19' title="bbox 238 913 979 960; baseline -0.003 -13"><span class='ocrx_word' id='word_1_78' title='bbox 238 921 407 960; x_wconf 84' lang='lat' dir='ltr'>posterum</span> <span class='ocrx_word' id='word_1_79' title='bbox 438 915 650 949; x_wconf 84' lang='lat' dir='ltr'>laudabiliter</span> <span class='ocrx_word' id='word_1_80' title='bbox 680 925 775 948; x_wconf 86' lang='lat' dir='ltr'>curae</span> <span class='ocrx_word' id='word_1_81' title='bbox 801 913 979 947; x_wconf 87' lang='lat' dir='ltr'>animarum</span> 
     </span>
     <span class='ocr_line' id='line_1_20' title="bbox 238 967 981 1010; baseline -0.004 -8"><span class='ocrx_word' id='word_1_82' title='bbox 238 968 427 1002; x_wconf 78' lang='lat' dir='ltr'>incumbent</span> <span class='ocrx_word' id='word_1_83' title='bbox 441 968 473 1001; x_wconf 90' lang='lat' dir='ltr'>in</span> <span class='ocrx_word' id='word_1_84' title='bbox 489 968 553 1002; x_wconf 91' lang='lat' dir='ltr'>illis</span> <span class='ocrx_word' id='word_1_85' title='bbox 569 968 716 1002; x_wconf 88' lang='lat' dir='ltr'>ecelesiis</span> <span class='ocrx_word' id='word_1_86' title='bbox 732 968 899 1001; x_wconf 73' lang='lat' dir='ltr'>dumtaxat</span> <span class='ocrx_word' id='word_1_87' title='bbox 916 967 981 1010; x_wconf 89' lang='lat' dir='ltr'>qui-</span> 
     </span>
     <span class='ocr_line' id='line_1_21' title="bbox 238 1021 978 1065; baseline -0.004 -10"><span class='ocrx_word' id='word_1_88' title='bbox 238 1023 299 1055; x_wconf 86' lang='lat' dir='ltr'>bus</span> <span class='ocrx_word' id='word_1_89' title='bbox 326 1022 506 1056; x_wconf 75' lang='lat' dir='ltr'>inserviant</span> <span class='ocrx_word' id='word_1_90' title='bbox 531 1022 593 1065; x_wconf 87' lang='lat' dir='ltr'>ipsi</span> <span class='ocrx_word' id='word_1_91' title='bbox 623 1021 772 1054; x_wconf 86' lang='lat' dir='ltr'>canonici</span> <span class='ocrx_word' id='word_1_92' title='bbox 796 1021 978 1063; x_wconf 75' lang='lat' dir='ltr'>regulares,</span> 
     </span>
     <span class='ocr_line' id='line_1_22' title="bbox 240 1073 982 1119; baseline -0.003 -12"><span class='ocrx_word' id='word_1_93' title='bbox 240 1075 350 1119; x_wconf 89' lang='lat' dir='ltr'>ibique</span> <span class='ocrx_word' id='word_1_94' title='bbox 373 1076 479 1118; x_wconf 78' lang='lat' dir='ltr'>vigeat</span> <span class='ocrx_word' id='word_1_95' title='bbox 503 1074 662 1118; x_wconf 78' lang='lat' dir='ltr'>regularis</span> <span class='ocrx_word' id='word_1_96' title='bbox 689 1073 903 1114; x_wconf 83' lang='lat' dir='ltr'>observantia,</span> <span class='ocrx_word' id='word_1_97' title='bbox 930 1084 982 1106; x_wconf 85' lang='lat' dir='ltr'>au-</span> 
     </span>
     <span class='ocr_line' id='line_1_23' title="bbox 240 1127 979 1172; baseline -0.004 -10"><span class='ocrx_word' id='word_1_98' title='bbox 240 1129 388 1162; x_wconf 83' lang='lat' dir='ltr'>ctoritate</span> <span class='ocrx_word' id='word_1_99' title='bbox 402 1134 434 1162; x_wconf 84' lang='lat' dir='ltr'>et</span> <span class='ocrx_word' id='word_1_100' title='bbox 453 1135 563 1163; x_wconf 86' lang='lat' dir='ltr'>tenore</span> <span class='ocrx_word' id='word_1_101' title='bbox 586 1128 740 1172; x_wconf 79' lang='lat' dir='ltr'>praefatis</span> <span class='ocrx_word' id='word_1_102' title='bbox 755 1127 979 1161; x_wconf 78' lang='lat' dir='ltr'>concedimus:</span> 
     </span>
     <span class='ocr_line' id='line_1_24' title="bbox 240 1180 981 1225; baseline -0.001 -11"><span class='ocrx_word' id='word_1_103' title='bbox 240 1183 328 1215; x_wconf 74' lang='lat' dir='ltr'>salva</span> <span class='ocrx_word' id='word_1_104' title='bbox 347 1187 454 1215; x_wconf 88' lang='lat' dir='ltr'>tamen</span> <span class='ocrx_word' id='word_1_105' title='bbox 468 1192 598 1225; x_wconf 82' lang='lat' dir='ltr'>semper</span> <span class='ocrx_word' id='word_1_106' title='bbox 614 1182 647 1214; x_wconf 91' lang='lat' dir='ltr'>in</span> <span class='ocrx_word' id='word_1_107' title='bbox 665 1180 852 1224; x_wconf 82' lang='lat' dir='ltr'>praemissis</span> <span class='ocrx_word' id='word_1_108' title='bbox 871 1186 981 1213; x_wconf 87' lang='lat' dir='ltr'>aucto-</span> 
     </span>
     <span class='ocr_line' id='line_1_25' title="bbox 238 1233 980 1278; baseline -0.001 -11"><span class='ocrx_word' id='word_1_109' title='bbox 238 1235 335 1268; x_wconf 80' lang='lat' dir='ltr'>ritate</span> <span class='ocrx_word' id='word_1_110' title='bbox 349 1234 618 1278; x_wconf 73' lang='lat' dir='ltr'>Congregationis</span> <span class='ocrx_word' id='word_1_111' title='bbox 635 1234 823 1268; x_wconf 88' lang='lat' dir='ltr'>eorumdem</span> <span class='ocrx_word' id='word_1_112' title='bbox 839 1233 980 1267; x_wconf 89' lang='lat' dir='ltr'>cardina-</span> 
     </span>
     <span class='ocr_line' id='line_1_26' title="bbox 239 1288 981 1330; baseline -0.003 -9"><span class='ocrx_word' id='word_1_113' title='bbox 239 1288 329 1322; x_wconf 90' lang='lat' dir='ltr'>lium.</span> <span class='ocrx_word' id='word_1_114' title='bbox 358 1288 595 1327; x_wconf 86' lang='lat' dir='ltr'>Decernentes,</span> <span class='ocrx_word' id='word_1_115' title='bbox 630 1288 759 1321; x_wconf 87' lang='lat' dir='ltr'>easdem</span> <span class='ocrx_word' id='word_1_116' title='bbox 789 1292 981 1330; x_wconf 68' lang='lat' dir='ltr'>praesentes</span> 
     </span>
     <span class='ocr_line' id='line_1_27' title="bbox 238 1341 979 1385; baseline -0.003 -11"><span class='ocrx_word' id='word_1_117' title='bbox 238 1341 364 1375; x_wconf 86' lang='lat' dir='ltr'>litteras</span> <span class='ocrx_word' id='word_1_118' title='bbox 391 1352 521 1385; x_wconf 84' lang='lat' dir='ltr'>semper</span> <span class='ocrx_word' id='word_1_119' title='bbox 544 1341 674 1381; x_wconf 83' lang='lat' dir='ltr'>firmas,</span> <span class='ocrx_word' id='word_1_120' title='bbox 700 1341 823 1374; x_wconf 84' lang='lat' dir='ltr'>validas</span> <span class='ocrx_word' id='word_1_121' title='bbox 850 1347 882 1373; x_wconf 83' lang='lat' dir='ltr'>et</span> <span class='ocrx_word' id='word_1_122' title='bbox 908 1341 979 1374; x_wconf 84' lang='lat' dir='ltr'>elli-</span> 
     </span>
     <span class='ocr_line' id='line_1_28' title="bbox 238 1394 981 1438; baseline -0.001 -10"><span class='ocrx_word' id='word_1_123' title='bbox 238 1405 331 1428; x_wconf 89' lang='lat' dir='ltr'>caces</span> <span class='ocrx_word' id='word_1_124' title='bbox 357 1394 493 1428; x_wconf 80' lang='lat' dir='ltr'>existere</span> <span class='ocrx_word' id='word_1_125' title='bbox 526 1399 557 1427; x_wconf 88' lang='lat' dir='ltr'>ct</span> <span class='ocrx_word' id='word_1_126' title='bbox 586 1395 675 1435; x_wconf 79' lang='lat' dir='ltr'>sore,</span> <span class='ocrx_word' id='word_1_127' title='bbox 703 1405 843 1438; x_wconf 87' lang='lat' dir='ltr'>suosque</span> <span class='ocrx_word' id='word_1_128' title='bbox 869 1395 981 1438; x_wconf 84' lang='lat' dir='ltr'>plena-</span> 
     </span>
     <span class='ocr_line' id='line_1_29' title="bbox 239 1447 981 1491; baseline -0.001 -10"><span class='ocrx_word' id='word_1_129' title='bbox 239 1448 304 1482; x_wconf 89' lang='lat' dir='ltr'>rios</span> <span class='ocrx_word' id='word_1_130' title='bbox 328 1454 359 1481; x_wconf 91' lang='lat' dir='ltr'>et</span> <span class='ocrx_word' id='word_1_131' title='bbox 384 1448 528 1491; x_wconf 78' lang='lat' dir='ltr'>integros</span> <span class='ocrx_word' id='word_1_132' title='bbox 554 1447 687 1481; x_wconf 80' lang='lat' dir='ltr'>effectus</span> <span class='ocrx_word' id='word_1_133' title='bbox 709 1448 818 1481; x_wconf 90' lang='lat' dir='ltr'>sortiri</span> <span class='ocrx_word' id='word_1_134' title='bbox 845 1453 877 1481; x_wconf 89' lang='lat' dir='ltr'>et</span> <span class='ocrx_word' id='word_1_135' title='bbox 901 1447 981 1481; x_wconf 91' lang='lat' dir='ltr'>obti-</span> 
     </span>
     <span class='ocr_line' id='line_1_30' title="bbox 239 1501 980 1546; baseline 0.001 -12"><span class='ocrx_word' id='word_1_136' title='bbox 239 1513 339 1543; x_wconf 89' lang='lat' dir='ltr'>nere,</span> <span class='ocrx_word' id='word_1_137' title='bbox 368 1512 404 1535; x_wconf 84' lang='lat' dir='ltr'>ae</span> <span class='ocrx_word' id='word_1_138' title='bbox 429 1501 513 1542; x_wconf 77' lang='lat' dir='ltr'>illis,</span> <span class='ocrx_word' id='word_1_139' title='bbox 539 1502 577 1535; x_wconf 84' lang='lat' dir='ltr'>ad</span> <span class='ocrx_word' id='word_1_140' title='bbox 612 1512 692 1546; x_wconf 87' lang='lat' dir='ltr'>quos</span> <span class='ocrx_word' id='word_1_141' title='bbox 718 1506 842 1545; x_wconf 85' lang='lat' dir='ltr'>spectat</span> <span class='ocrx_word' id='word_1_142' title='bbox 867 1507 896 1534; x_wconf 87' lang='lat' dir='ltr'>et</span> <span class='ocrx_word' id='word_1_143' title='bbox 922 1512 980 1545; x_wconf 88' lang='lat' dir='ltr'>pro</span> 
     </span>
     <span class='ocr_line' id='line_1_31' title="bbox 240 1554 981 1599; baseline -0.001 -11"><span class='ocrx_word' id='word_1_144' title='bbox 240 1559 387 1599; x_wconf 85' lang='lat' dir='ltr'>tempore</span> <span class='ocrx_word' id='word_1_145' title='bbox 406 1555 575 1599; x_wconf 84' lang='lat' dir='ltr'>spectabit,</span> <span class='ocrx_word' id='word_1_146' title='bbox 590 1555 785 1599; x_wconf 86' lang='lat' dir='ltr'>plenissime</span> <span class='ocrx_word' id='word_1_147' title='bbox 800 1554 981 1598; x_wconf 77' lang='lat' dir='ltr'>sutl‘ragari,</span> 
     </span>
     <span class='ocr_line' id='line_1_32' title="bbox 240 1608 982 1651; baseline -0.001 -9"><span class='ocrx_word' id='word_1_148' title='bbox 240 1614 271 1642; x_wconf 86' lang='lat' dir='ltr'>ct</span> <span class='ocrx_word' id='word_1_149' title='bbox 296 1608 335 1641; x_wconf 88' lang='lat' dir='ltr'>ab</span> <span class='ocrx_word' id='word_1_150' title='bbox 370 1608 415 1641; x_wconf 89' lang='lat' dir='ltr'>eis</span> <span class='ocrx_word' id='word_1_151' title='bbox 452 1609 632 1651; x_wconf 75' lang='lat' dir='ltr'>respective</span> <span class='ocrx_word' id='word_1_152' title='bbox 669 1609 902 1644; x_wconf 79' lang='lat' dir='ltr'>inviolabiliter</span> <span class='ocrx_word' id='word_1_153' title='bbox 926 1608 982 1642; x_wconf 93' lang='lat' dir='ltr'>ob-</span> 
     </span>
     <span class='ocr_line' id='line_1_33' title="bbox 239 1660 982 1706; baseline 0.003 -13"><span class='ocrx_word' id='word_1_154' title='bbox 239 1662 379 1701; x_wconf 78' lang='lat' dir='ltr'>servari,</span> <span class='ocrx_word' id='word_1_155' title='bbox 405 1660 515 1705; x_wconf 86' lang='lat' dir='ltr'>sicque</span> <span class='ocrx_word' id='word_1_156' title='bbox 535 1662 567 1694; x_wconf 91' lang='lat' dir='ltr'>in</span> <span class='ocrx_word' id='word_1_157' title='bbox 592 1662 779 1705; x_wconf 80' lang='lat' dir='ltr'>praemissis</span> <span class='ocrx_word' id='word_1_158' title='bbox 804 1672 863 1705; x_wconf 86' lang='lat' dir='ltr'>per</span> <span class='ocrx_word' id='word_1_159' title='bbox 889 1673 982 1706; x_wconf 87' lang='lat' dir='ltr'>quos-</span> 
     </span>
     <span class='ocr_line' id='line_1_34' title="bbox 240 1713 980 1758; baseline 0.003 -12"><span class='ocrx_word' id='word_1_160' title='bbox 240 1725 379 1758; x_wconf 87' lang='lat' dir='ltr'>cumque</span> <span class='ocrx_word' id='word_1_161' title='bbox 398 1713 521 1747; x_wconf 81' lang='lat' dir='ltr'>iudices</span> <span class='ocrx_word' id='word_1_162' title='bbox 541 1714 727 1748; x_wconf 84' lang='lat' dir='ltr'>ordinarios</span> <span class='ocrx_word' id='word_1_163' title='bbox 749 1720 780 1748; x_wconf 89' lang='lat' dir='ltr'>et</span> <span class='ocrx_word' id='word_1_164' title='bbox 801 1715 980 1758; x_wconf 80' lang='lat' dir='ltr'>delegatos,</span> 
     </span>
     <span class='ocr_line' id='line_1_35' title="bbox 239 1767 981 1811; baseline 0.003 -12"><span class='ocrx_word' id='word_1_165' title='bbox 239 1767 336 1800; x_wconf 84' lang='lat' dir='ltr'>etiam</span> <span class='ocrx_word' id='word_1_166' title='bbox 362 1778 530 1800; x_wconf 86' lang='lat' dir='ltr'>causarum</span> <span class='ocrx_word' id='word_1_167' title='bbox 557 1767 668 1810; x_wconf 85' lang='lat' dir='ltr'>palatii</span> <span class='ocrx_word' id='word_1_168' title='bbox 695 1768 866 1811; x_wconf 84' lang='lat' dir='ltr'>apostolici</span> <span class='ocrx_word' id='word_1_169' title='bbox 892 1769 981 1801; x_wconf 87' lang='lat' dir='ltr'>audi—</span> 
     </span>
     <span class='ocr_line' id='line_1_36' title="bbox 241 1820 983 1862; baseline 0.003 -9"><span class='ocrx_word' id='word_1_170' title='bbox 241 1827 335 1861; x_wconf 85' lang='lat' dir='ltr'>tores,</span> <span class='ocrx_word' id='word_1_171' title='bbox 362 1821 499 1854; x_wconf 83' lang='lat' dir='ltr'>iadicari</span> <span class='ocrx_word' id='word_1_172' title='bbox 526 1827 555 1854; x_wconf 89' lang='lat' dir='ltr'>et</span> <span class='ocrx_word' id='word_1_173' title='bbox 583 1820 708 1854; x_wconf 75' lang='lat' dir='ltr'>deliniri</span> <span class='ocrx_word' id='word_1_174' title='bbox 736 1822 865 1862; x_wconf 88' lang='lat' dir='ltr'>debere,</span> <span class='ocrx_word' id='word_1_175' title='bbox 888 1833 922 1855; x_wconf 88' lang='lat' dir='ltr'>ae</span> <span class='ocrx_word' id='word_1_176' title='bbox 943 1823 983 1855; x_wconf 94' lang='lat' dir='ltr'>ir-</span> 
     </span>
     <span class='ocr_line' id='line_1_37' title="bbox 240 1874 982 1919; baseline 0.003 -12"><span class='ocrx_word' id='word_1_177' title='bbox 240 1875 338 1908; x_wconf 83' lang='lat' dir='ltr'>ritum</span> <span class='ocrx_word' id='word_1_178' title='bbox 356 1880 387 1908; x_wconf 86' lang='lat' dir='ltr'>ct</span> <span class='ocrx_word' id='word_1_179' title='bbox 406 1874 500 1907; x_wconf 88' lang='lat' dir='ltr'>inane</span> <span class='ocrx_word' id='word_1_180' title='bbox 520 1875 544 1907; x_wconf 86' lang='lat' dir='ltr'>si</span> <span class='ocrx_word' id='word_1_181' title='bbox 572 1885 666 1908; x_wconf 71' lang='lat' dir='ltr'>secus</span> <span class='ocrx_word' id='word_1_182' title='bbox 683 1885 780 1918; x_wconf 86' lang='lat' dir='ltr'>super</span> <span class='ocrx_word' id='word_1_183' title='bbox 799 1875 849 1908; x_wconf 84' lang='lat' dir='ltr'>liis</span> <span class='ocrx_word' id='word_1_184' title='bbox 868 1887 885 1908; x_wconf 89' lang='lat' dir='ltr'>a</span> <span class='ocrx_word' id='word_1_185' title='bbox 904 1887 982 1919; x_wconf 92' lang='lat' dir='ltr'>quo-</span> 
     </span>
     <span class='ocr_line' id='line_1_38' title="bbox 241 1928 981 1972; baseline 0.003 -11"><span class='ocrx_word' id='word_1_186' title='bbox 241 1939 336 1972; x_wconf 90' lang='lat' dir='ltr'>quam</span> <span class='ocrx_word' id='word_1_187' title='bbox 354 1955 361 1968; x_wconf 88' lang='lat'>,</span> <span class='ocrx_word' id='word_1_188' title='bbox 389 1928 500 1971; x_wconf 77' lang='lat' dir='ltr'>quavis</span> <span class='ocrx_word' id='word_1_189' title='bbox 530 1928 720 1962; x_wconf 84' lang='lat' dir='ltr'>auctoritate</span> <span class='ocrx_word' id='word_1_190' title='bbox 736 1955 743 1968; x_wconf 92' lang='lat'>‚</span> <span class='ocrx_word' id='word_1_191' title='bbox 768 1928 908 1962; x_wconf 82' lang='lat' dir='ltr'>scienter</span> <span class='ocrx_word' id='word_1_192' title='bbox 932 1931 981 1963; x_wconf 87' lang='lat' dir='ltr'>vel</span> 
     </span>
     <span class='ocr_line' id='line_1_39' title="bbox 240 1981 824 2025; baseline 0 -12"><span class='ocrx_word' id='word_1_193' title='bbox 240 1982 437 2025; x_wconf 74' lang='lat' dir='ltr'>ignoranter,</span> <span class='ocrx_word' id='word_1_194' title='bbox 463 1981 636 2025; x_wconf 76' lang='lat' dir='ltr'>contigerit</span> <span class='ocrx_word' id='word_1_195' title='bbox 661 1982 824 2015; x_wconf 84' lang='lat' dir='ltr'>attentari.</span> 
     </span>
    </p>

    <p class='ocr_par' dir='ltr' id='par_1_8' title="bbox 238 2034 983 2347">
     <span class='ocr_line' id='line_1_40' title="bbox 282 2034 982 2078; baseline 0 -10"><span class='ocrx_word' id='word_1_196' title='bbox 282 2036 297 2078; x_wconf 64' lang='grc' dir='ltr'><strong>ξ</strong></span> <span class='ocrx_word' id='word_1_197' title='bbox 322 2034 351 2068; x_wconf 74' lang='lat'>3.</span> <span class='ocrx_word' id='word_1_198' title='bbox 380 2034 449 2068; x_wconf 82' lang='lat' dir='ltr'>Non</span> <span class='ocrx_word' id='word_1_199' title='bbox 470 2035 675 2068; x_wconf 79' lang='lat' dir='ltr'>obstantibus</span> <span class='ocrx_word' id='word_1_200' title='bbox 693 2035 982 2069; x_wconf 80' lang='lat' dir='ltr'>constitutionibus</span> 
     </span>
     <span class='ocr_line' id='line_1_41' title="bbox 238 2088 982 2131; baseline 0.001 -10"><span class='ocrx_word' id='word_1_201' title='bbox 238 2094 269 2121; x_wconf 89' lang='lat' dir='ltr'>et</span> <span class='ocrx_word' id='word_1_202' title='bbox 306 2088 568 2122; x_wconf 80' lang='lat' dir='ltr'>ordinationibus</span> <span class='ocrx_word' id='word_1_203' title='bbox 606 2088 819 2131; x_wconf 84' lang='lat' dir='ltr'>apostolicis,</span> <span class='ocrx_word' id='word_1_204' title='bbox 854 2099 982 2122; x_wconf 87' lang='lat' dir='ltr'>necnon</span> 
     </span>
     <span class='ocr_line' id='line_1_42' title="bbox 239 2141 983 2185; baseline 0.003 -12"><span class='ocrx_word' id='word_1_205' title='bbox 239 2141 390 2175; x_wconf 76' lang='lat' dir='ltr'>omnihus</span> <span class='ocrx_word' id='word_1_206' title='bbox 417 2147 450 2174; x_wconf 89' lang='lat' dir='ltr'>et</span> <span class='ocrx_word' id='word_1_207' title='bbox 473 2141 610 2184; x_wconf 77' lang='lat' dir='ltr'>singulis</span> <span class='ocrx_word' id='word_1_208' title='bbox 646 2142 711 2175; x_wconf 87' lang='lat' dir='ltr'>illis</span> <span class='ocrx_word' id='word_1_209' title='bbox 748 2153 831 2185; x_wconf 87' lang='lat' dir='ltr'>quae</span> <span class='ocrx_word' id='word_1_210' title='bbox 858 2142 889 2175; x_wconf 90' lang='lat' dir='ltr'>in</span> <span class='ocrx_word' id='word_1_211' title='bbox 923 2143 983 2175; x_wconf 88' lang='lat' dir='ltr'>eis-</span> 
     </span>
     <span class='ocr_line' id='line_1_43' title="bbox 240 2194 983 2239; baseline 0.003 -11"><span class='ocrx_word' id='word_1_212' title='bbox 240 2196 311 2229; x_wconf 90' lang='lat' dir='ltr'>dem</span> <span class='ocrx_word' id='word_1_213' title='bbox 337 2194 458 2228; x_wconf 82' lang='lat' dir='ltr'>Urbani</span> <span class='ocrx_word' id='word_1_214' title='bbox 483 2195 748 2239; x_wconf 83' lang='lat' dir='ltr'>praedecessoris</span> <span class='ocrx_word' id='word_1_215' title='bbox 774 2196 891 2229; x_wconf 86' lang='lat' dir='ltr'>litteris</span> <span class='ocrx_word' id='word_1_216' title='bbox 909 2207 983 2230; x_wconf 92' lang='lat' dir='ltr'>con-</span> 
     </span>
     <span class='ocr_line' id='line_1_44' title="bbox 240 2249 983 2293; baseline 0.001 -12"><span class='ocrx_word' id='word_1_217' title='bbox 240 2259 331 2281; x_wconf 79' lang='lat' dir='ltr'>cessa</span> <span class='ocrx_word' id='word_1_218' title='bbox 357 2254 431 2282; x_wconf 87' lang='lat' dir='ltr'>sunt</span> <span class='ocrx_word' id='word_1_219' title='bbox 453 2258 518 2281; x_wconf 85' lang='lat' dir='ltr'>non</span> <span class='ocrx_word' id='word_1_220' title='bbox 537 2249 681 2289; x_wconf 81' lang='lat' dir='ltr'>obstare,</span> <span class='ocrx_word' id='word_1_221' title='bbox 703 2249 884 2293; x_wconf 85' lang='lat' dir='ltr'>ceterisque</span> <span class='ocrx_word' id='word_1_222' title='bbox 907 2260 983 2283; x_wconf 61' lang='lat' dir='ltr'>con⁴</span> 
     </span>
     <span class='ocr_line' id='line_1_45' title="bbox 243 2302 647 2347; baseline 0.005 -13"><span class='ocrx_word' id='word_1_223' title='bbox 243 2302 349 2335; x_wconf 84' lang='lat' dir='ltr'>trariis</span> <span class='ocrx_word' id='word_1_224' title='bbox 376 2302 647 2347; x_wconf 81' lang='lat' dir='ltr'>quibuscumque.</span> 
     </span>
    </p>

    <p class='ocr_par' dir='ltr' id='par_1_9' title="bbox 242 2356 983 2667">
     <span class='ocr_line' id='line_1_46' title="bbox 285 2356 981 2398; baseline 0.004 -10"><span class='ocrx_word' id='word_1_225' title='bbox 285 2356 300 2398; x_wconf 66' lang='grc' dir='ltr'><strong>ξ</strong></span> <span class='ocrx_word' id='word_1_226' title='bbox 335 2356 367 2388; x_wconf 76' lang='lat' dir='ltr'>lt.</span> <span class='ocrx_word' id='word_1_227' title='bbox 394 2356 548 2390; x_wconf 63' lang='lat' dir='ltr'>Volumus</span> <span class='ocrx_word' id='word_1_228' title='bbox 584 2362 691 2390; x_wconf 85' lang='lat' dir='ltr'>autem</span> <span class='ocrx_word' id='word_1_229' title='bbox 726 2362 757 2389; x_wconf 89' lang='lat' dir='ltr'>ut</span> <span class='ocrx_word' id='word_1_230' title='bbox 794 2358 981 2392; x_wconf 86' lang='lat' dir='ltr'>earumdem</span> 
     </span>
     <span class='ocr_line' id='line_1_47' title="bbox 242 2409 980 2455; baseline 0.007 -15"><span class='ocrx_word' id='word_1_231' title='bbox 242 2409 462 2452; x_wconf 81' lang='lat' dir='ltr'>praesentium</span> <span class='ocrx_word' id='word_1_232' title='bbox 483 2410 664 2443; x_wconf 86' lang='lat' dir='ltr'>litterarum</span> <span class='ocrx_word' id='word_1_233' title='bbox 684 2412 906 2455; x_wconf 78' lang='lat' dir='ltr'>transumptis,</span> <span class='ocrx_word' id='word_1_234' title='bbox 927 2423 980 2445; x_wconf 89' lang='lat' dir='ltr'>seu</span> 
     </span>
     <span class='ocr_line' id='line_1_48' title="bbox 243 2461 982 2507; baseline 0.007 -14"><span class='ocrx_word' id='word_1_235' title='bbox 243 2461 396 2504; x_wconf 75' lang='lat' dir='ltr'>exemplis</span> <span class='ocrx_word' id='word_1_236' title='bbox 413 2488 420 2502; x_wconf 89' lang='lat'>‚</span> <span class='ocrx_word' id='word_1_237' title='bbox 444 2462 540 2495; x_wconf 88' lang='lat' dir='ltr'>etiam</span> <span class='ocrx_word' id='word_1_238' title='bbox 566 2463 758 2507; x_wconf 84' lang='lat' dir='ltr'>impressis,</span> <span class='ocrx_word' id='word_1_239' title='bbox 791 2474 888 2497; x_wconf 88' lang='lat' dir='ltr'>manu</span> <span class='ocrx_word' id='word_1_240' title='bbox 925 2465 982 2498; x_wconf 86' lang='lat' dir='ltr'>ali-</span> 
     </span>
     <span class='ocr_line' id='line_1_49' title="bbox 243 2513 983 2561; baseline 0.008 -16"><span class='ocrx_word' id='word_1_241' title='bbox 243 2513 334 2546; x_wconf 68' lang='lat' dir='ltr'>enius</span> <span class='ocrx_word' id='word_1_242' title='bbox 358 2513 479 2546; x_wconf 89' lang='lat' dir='ltr'>notarii</span> <span class='ocrx_word' id='word_1_243' title='bbox 502 2515 624 2558; x_wconf 89' lang='lat' dir='ltr'>publici</span> <span class='ocrx_word' id='word_1_244' title='bbox 650 2516 862 2561; x_wconf 85' lang='lat' dir='ltr'>subscriptis,</span> <span class='ocrx_word' id='word_1_245' title='bbox 889 2524 920 2551; x_wconf 85' lang='lat' dir='ltr'>et</span> <span class='ocrx_word' id='word_1_246' title='bbox 945 2518 983 2551; x_wconf 89' lang='lat' dir='ltr'>si-</span> 
     </span>
     <span class='ocr_line' id='line_1_50' title="bbox 244 2566 982 2613; baseline 0.008 -14"><span class='ocrx_word' id='word_1_247' title='bbox 244 2566 320 2609; x_wconf 67' lang='lat' dir='ltr'>gillo</span> <span class='ocrx_word' id='word_1_248' title='bbox 345 2576 507 2609; x_wconf 84' lang='lat' dir='ltr'>personae</span> <span class='ocrx_word' id='word_1_249' title='bbox 533 2567 566 2600; x_wconf 94' lang='lat' dir='ltr'>in</span> <span class='ocrx_word' id='word_1_250' title='bbox 587 2570 808 2604; x_wconf 76' lang='lat' dir='ltr'>ecclesiastica</span> <span class='ocrx_word' id='word_1_251' title='bbox 824 2571 982 2613; x_wconf 82' lang='lat' dir='ltr'>dignitate</span> 
     </span>
     <span class='ocr_line' id='line_1_51' title="bbox 243 2619 982 2667; baseline 0.008 -14"><span class='ocrx_word' id='word_1_252' title='bbox 243 2619 436 2654; x_wconf 84' lang='lat' dir='ltr'>constitutae</span> <span class='ocrx_word' id='word_1_253' title='bbox 462 2620 604 2663; x_wconf 85' lang='lat' dir='ltr'>munitis,</span> <span class='ocrx_word' id='word_1_254' title='bbox 620 2623 731 2657; x_wconf 87' lang='lat' dir='ltr'>eadem</span> <span class='ocrx_word' id='word_1_255' title='bbox 750 2635 885 2667; x_wconf 84' lang='lat' dir='ltr'>prorsus</span> <span class='ocrx_word' id='word_1_256' title='bbox 902 2624 982 2659; x_wconf 84' lang='lat' dir='ltr'>fides</span> 
     </span>
    </p>
   </div>
   <div class='ocr_carea' id='block_1_8' title="bbox 1020 214 1766 581">
    <p class='ocr_par' dir='ltr' id='par_1_10' title="bbox 1020 214 1765 411">
     <span class='ocr_line' id='line_1_52' title="bbox 1659 214 1723 247; baseline -0.031 0"><span class='ocrx_word' id='word_1_257' title='bbox 1659 214 1723 247; x_wconf 62' lang='lat' dir='ltr'>3!ss</span> 
     </span>
     <span class='ocr_line' id='line_1_53' title="bbox 1020 270 1763 315; baseline 0 -11"><span class='ocrx_word' id='word_1_258' title='bbox 1020 271 1141 315; x_wconf 86' lang='lat' dir='ltr'>ubique</span> <span class='ocrx_word' id='word_1_259' title='bbox 1178 271 1327 304; x_wconf 85' lang='lat' dir='ltr'>locorum</span> <span class='ocrx_word' id='word_1_260' title='bbox 1363 270 1548 311; x_wconf 72' lang='lat' dir='ltr'>habeatur,</span> <span class='ocrx_word' id='word_1_261' title='bbox 1576 282 1658 314; x_wconf 85' lang='lat' dir='ltr'>quae</span> <span class='ocrx_word' id='word_1_262' title='bbox 1684 272 1763 315; x_wconf 74' lang='lat' dir='ltr'>ipsis</span> 
     </span>
     <span class='ocr_line' id='line_1_54' title="bbox 1021 323 1765 368; baseline -0.001 -10"><span class='ocrx_word' id='word_1_263' title='bbox 1021 324 1252 368; x_wconf 87' lang='lat' dir='ltr'>praesentibus</span> <span class='ocrx_word' id='word_1_264' title='bbox 1277 324 1455 357; x_wconf 83' lang='lat' dir='ltr'>haberetur</span> <span class='ocrx_word' id='word_1_265' title='bbox 1487 324 1514 356; x_wconf 89' lang='lat' dir='ltr'>si</span> <span class='ocrx_word' id='word_1_266' title='bbox 1540 323 1646 357; x_wconf 85' lang='lat' dir='ltr'>forent</span> <span class='ocrx_word' id='word_1_267' title='bbox 1674 325 1765 358; x_wconf 71' lang='lat' dir='ltr'>exhi-</span> 
     </span>
     <span class='ocr_line' id='line_1_55' title="bbox 1021 378 1363 411; baseline 0 -1"><span class='ocrx_word' id='word_1_268' title='bbox 1021 378 1107 411; x_wconf 87' lang='lat' dir='ltr'>bitae</span> <span class='ocrx_word' id='word_1_269' title='bbox 1127 378 1178 411; x_wconf 84' lang='lat' dir='ltr'>vel</span> <span class='ocrx_word' id='word_1_270' title='bbox 1200 383 1363 411; x_wconf 88' lang='lat' dir='ltr'>ostensae.</span> 
     </span>
    </p>

    <p class='ocr_par' dir='ltr' id='par_1_11' title="bbox 1022 430 1766 581">
     <span class='ocr_line' id='line_1_56' title="bbox 1066 430 1766 474; baseline 0 -11"><span class='ocrx_word' id='word_1_271' title='bbox 1066 430 1181 463; x_wconf 83' lang='lat' dir='ltr'>Datum</span> <span class='ocrx_word' id='word_1_272' title='bbox 1196 430 1329 469; x_wconf 87' lang='lat' dir='ltr'>Romae,</span> <span class='ocrx_word' id='word_1_273' title='bbox 1343 430 1430 474; x_wconf 85' lang='lat' dir='ltr'>apud</span> <span class='ocrx_word' id='word_1_274' title='bbox 1440 430 1471 464; x_wconf 80' lang='lat' dir='ltr'>S.</span> <span class='ocrx_word' id='word_1_275' title='bbox 1485 430 1626 470; x_wconf 84' lang='lat' dir='ltr'>Petrum,</span> <span class='ocrx_word' id='word_1_276' title='bbox 1642 430 1700 463; x_wconf 86' lang='lat' dir='ltr'>sub</span> <span class='ocrx_word' id='word_1_277' title='bbox 1715 441 1766 463; x_wconf 89' lang='lat' dir='ltr'>an-</span> 
     </span>
     <span class='ocr_line' id='line_1_57' title="bbox 1022 484 1762 524; baseline 0 -7"><span class='ocrx_word' id='word_1_278' title='bbox 1022 484 1101 518; x_wconf 90' lang='lat' dir='ltr'>nulo</span> <span class='ocrx_word' id='word_1_279' title='bbox 1128 484 1316 524; x_wconf 86' lang='lat' dir='ltr'>Piscatoris,</span> <span class='ocrx_word' id='word_1_280' title='bbox 1334 484 1386 517; x_wconf 89' lang='lat' dir='ltr'>die</span> <span class='ocrx_word' id='word_1_281' title='bbox 1403 494 1481 518; x_wconf 82' lang='lat' dir='ltr'>xvni</span> <span class='ocrx_word' id='word_1_282' title='bbox 1505 484 1613 517; x_wconf 86' lang='lat' dir='ltr'>martii</span> <span class='ocrx_word' id='word_1_283' title='bbox 1632 493 1762 524; x_wconf 72' lang='lat' dir='ltr'>iinccix,</span> 
     </span>
     <span class='ocr_line' id='line_1_58' title="bbox 1023 537 1530 581; baseline 0 -11"><span class='ocrx_word' id='word_1_284' title='bbox 1023 537 1228 581; x_wconf 78' lang='lat' dir='ltr'>pontificatus</span> <span class='ocrx_word' id='word_1_285' title='bbox 1254 537 1357 570; x_wconf 88' lang='lat' dir='ltr'>nostri</span> <span class='ocrx_word' id='word_1_286' title='bbox 1377 548 1462 571; x_wconf 85' lang='lat' dir='ltr'>anno</span> <span class='ocrx_word' id='word_1_287' title='bbox 1487 548 1530 571; x_wconf 81' lang='lat' dir='ltr'>ix.</span> 
     </span>
    </p>
   </div>
   <div class='ocr_carea' id='block_1_9' title="bbox 1058 600 1706 636">
    <p class='ocr_par' dir='ltr' id='par_1_12' title="bbox 1058 600 1706 636">
     <span class='ocr_line' id='line_1_59' title="bbox 1058 600 1706 636; baseline -0.003 -8"><span class='ocrx_word' id='word_1_288' title='bbox 1058 601 1119 628; x_wconf 83' lang='lat' dir='ltr'>Dat.</span> <span class='ocrx_word' id='word_1_289' title='bbox 1141 601 1186 628; x_wconf 86' lang='lat' dir='ltr'>die</span> <span class='ocrx_word' id='word_1_290' title='bbox 1209 600 1239 628; x_wconf 89' lang='lat'>18</span> <span class='ocrx_word' id='word_1_291' title='bbox 1259 601 1349 628; x_wconf 86' lang='lat' dir='ltr'>martii</span> <span class='ocrx_word' id='word_1_292' title='bbox 1370 601 1450 635; x_wconf 81' lang='lat'>1709,</span> <span class='ocrx_word' id='word_1_293' title='bbox 1467 601 1565 636; x_wconf 85' lang='lat' dir='ltr'>pontif.</span> <span class='ocrx_word' id='word_1_294' title='bbox 1583 608 1653 628; x_wconf 83' lang='lat' dir='ltr'>aimo</span> <span class='ocrx_word' id='word_1_295' title='bbox 1671 607 1706 626; x_wconf 74' lang='lat' dir='ltr'>ix.</span> 
     </span>
    </p>
   </div>
   <div class='ocr_carea' id='block_1_10' title="bbox 1288 666 1408 669">
    <p class='ocr_par' dir='ltr' id='par_1_13' title="bbox 1288 666 1408 669">
     <span class='ocr_line' id='line_1_60' title="bbox 1288 666 1408 669; baseline 0 0"><span class='ocrx_word' id='word_1_296' title='bbox 1288 666 1408 669; x_wconf 95' lang='lat' dir='ltr'> </span> 
     </span>
    </p>
   </div>
   <div class='ocr_carea' id='block_1_11' title="bbox 1412 666 1496 669">
    <p class='ocr_par' dir='ltr' id='par_1_14' title="bbox 1412 666 1496 669">
     <span class='ocr_line' id='line_1_61' title="bbox 1412 666 1496 669; baseline 0 0"><span class='ocrx_word' id='word_1_297' title='bbox 1412 666 1496 669; x_wconf 95' lang='lat' dir='ltr'> </span> 
     </span>
    </p>
   </div>
   <div class='ocr_carea' id='block_1_12' title="bbox 1327 741 1456 775">
    <p class='ocr_par' dir='ltr' id='par_1_15' title="bbox 1327 741 1456 775">
     <span class='ocr_line' id='line_1_62' title="bbox 1327 741 1456 775; baseline -0.008 0"><span class='ocrx_word' id='word_1_298' title='bbox 1327 741 1456 775; x_wconf 60' lang='lat' dir='ltr'>CXXIV.</span> 
     </span>
    </p>
   </div>
   <div class='ocr_carea' id='block_1_13' title="bbox 1023 821 1769 973">
    <p class='ocr_par' dir='ltr' id='par_1_16' title="bbox 1023 821 1769 973">
     <span class='ocr_line' id='line_1_63' title="bbox 1023 821 1767 866; baseline 0.001 -11"><span class='ocrx_word' id='word_1_299' title='bbox 1023 822 1176 866; x_wconf 61' lang='lat' dir='ltr'>Erigyium·</span> <span class='ocrx_word' id='word_1_300' title='bbox 1200 822 1406 866; x_wconf 69' lang='lat' dir='ltr'>conyreqatio</span> <span class='ocrx_word' id='word_1_301' title='bbox 1426 821 1561 856; x_wconf 75' lang='lat' dir='ltr'>Ordinis</span> <span class='ocrx_word' id='word_1_302' title='bbox 1582 825 1686 856; x_wconf 64' lang='lat' dir='ltr'>suncti</span> <span class='ocrx_word' id='word_1_303' title='bbox 1706 823 1767 856; x_wconf 79' lang='lat' dir='ltr'>Be·</span> 
     </span>
     <span class='ocr_line' id='line_1_64' title="bbox 1067 875 1767 910; baseline 0.001 -2"><span class='ocrx_word' id='word_1_304' title='bbox 1067 876 1191 909; x_wconf 72' lang='lat' dir='ltr'>nedicti</span> <span class='ocrx_word' id='word_1_305' title='bbox 1214 876 1270 908; x_wconf 83' lang='lat' dir='ltr'>sub</span> <span class='ocrx_word' id='word_1_306' title='bbox 1304 876 1508 909; x_wconf 75' lang='lat' dir='ltr'>invocalione</span> <span class='ocrx_word' id='word_1_307' title='bbox 1535 875 1568 909; x_wconf 91' lang='lat' dir='ltr'>S.</span> <span class='ocrx_word' id='word_1_308' title='bbox 1600 876 1712 910; x_wconf 79' lang='lat' dir='ltr'>Crucis</span> <span class='ocrx_word' id='word_1_309' title='bbox 1732 877 1767 909; x_wconf 78' lang='lat' dir='ltr'>in</span> 
     </span>
     <span class='ocr_line' id='line_1_65' title="bbox 1067 929 1769 973; baseline 0 -11"><span class='ocrx_word' id='word_1_310' title='bbox 1067 940 1163 973; x_wconf 70' lang='lat' dir='ltr'>reqno</span> <span class='ocrx_word' id='word_1_311' title='bbox 1188 930 1349 963; x_wconf 76' lang='lat' dir='ltr'>Polonz&#39;ae</span> <span class='ocrx_word' id='word_1_312' title='bbox 1374 934 1402 962; x_wconf 82' lang='lat' dir='ltr'>et</span> <span class='ocrx_word' id='word_1_313' title='bbox 1427 940 1545 972; x_wconf 71' lang='lat' dir='ltr'>muyno</span> <span class='ocrx_word' id='word_1_314' title='bbox 1570 929 1692 962; x_wconf 74' lang='lat' dir='ltr'>ducatu</span> <span class='ocrx_word' id='word_1_315' title='bbox 1716 930 1769 962; x_wconf 84' lang='lat' dir='ltr'>Li-</span> 
     </span>
    </p>
   </div>
   <div class='ocr_carea' id='block_1_14' title="bbox 1070 983 1770 1027">
    <p class='ocr_par' dir='ltr' id='par_1_17' title="bbox 1070 983 1770 1027">
     <span class='ocr_line' id='line_1_66' title="bbox 1070 983 1770 1027; baseline -0.003 -11"><span class='ocrx_word' id='word_1_316' title='bbox 1070 984 1244 1023; x_wconf 66' lang='lat' dir='ltr'>(lucaniae,</span> <span class='ocrx_word' id='word_1_317' title='bbox 1275 984 1368 1027; x_wconf 77' lang='lat' dir='ltr'>eique</span> <span class='ocrx_word' id='word_1_318' title='bbox 1392 983 1614 1016; x_wconf 79' lang='lat' dir='ltr'>conceduntur</span> <span class='ocrx_word' id='word_1_319' title='bbox 1637 983 1770 1027; x_wconf 72' lang='lat' dir='ltr'>privile-</span> 
     </span>
    </p>
   </div>
   <div class='ocr_carea' id='block_1_15' title="bbox 1068 1034 1768 1134">
    <p class='ocr_par' dir='ltr' id='par_1_18' title="bbox 1068 1034 1768 1134">
     <span class='ocr_line' id='line_1_67' title="bbox 1068 1034 1768 1080; baseline -0.001 -11"><span class='ocrx_word' id='word_1_320' title='bbox 1068 1037 1125 1080; x_wconf 74' lang='lat' dir='ltr'>9c&#39;a</span> <span class='ocrx_word' id='word_1_321' title='bbox 1144 1037 1412 1080; x_wconf 69' lang='lat' dir='ltr'>Congyreyaiz·0nis</span> <span class='ocrx_word' id='word_1_322' title='bbox 1429 1034 1768 1070; x_wconf 70' lang='lat' dir='ltr'>Benedictino-Buva-</span> 
     </span>
     <span class='ocr_line' id='line_1_68' title="bbox 1069 1089 1675 1134; baseline 0 -11"><span class='ocrx_word' id='word_1_323' title='bbox 1069 1091 1164 1126; x_wconf 76' lang='lat' dir='ltr'>re‘cae.</span> <span class='ocrx_word' id='word_1_324' title='bbox 1185 1091 1227 1123; x_wconf 76' lang='lat' dir='ltr'>ad</span> <span class='ocrx_word' id='word_1_325' title='bbox 1252 1092 1360 1124; x_wconf 71' lang='lat' dir='ltr'>instar</span> <span class='ocrx_word' id='word_1_326' title='bbox 1384 1091 1477 1124; x_wconf 76' lang='lat' dir='ltr'>cuius</span> <span class='ocrx_word' id='word_1_327' title='bbox 1502 1089 1675 1134; x_wconf 71' lang='lat' dir='ltr'>criyz&#39;lt‹r¹.</span> 
     </span>
    </p>
   </div>
   <div class='ocr_carea' id='block_1_16' title="bbox 1142 1171 1652 1251">
    <p class='ocr_par' dir='ltr' id='par_1_19' title="bbox 1142 1171 1652 1251">
     <span class='ocr_line' id='line_1_69' title="bbox 1242 1171 1552 1205; baseline 0.003 -7"><span class='ocrx_word' id='word_1_328' title='bbox 1242 1171 1377 1199; x_wconf 84' lang='lat' dir='ltr'>Clemens</span> <span class='ocrx_word' id='word_1_329' title='bbox 1398 1171 1478 1205; x_wconf 80' lang='lat' dir='ltr'>Papa</span> <span class='ocrx_word' id='word_1_330' title='bbox 1497 1171 1552 1203; x_wconf 85' lang='lat' dir='ltr'>XI,</span> 
     </span>
     <span class='ocr_line' id='line_1_70' title="bbox 1142 1215 1652 1251; baseline -0.004 -7"><span class='ocrx_word' id='word_1_331' title='bbox 1142 1217 1177 1244; x_wconf 83' lang='lat' dir='ltr'>ad</span> <span class='ocrx_word' id='word_1_332' title='bbox 1200 1219 1380 1251; x_wconf 80' lang='lat' dir='ltr'>perpetuam</span> <span class='ocrx_word' id='word_1_333' title='bbox 1401 1216 1445 1243; x_wconf 90' lang='lat' dir='ltr'>rei</span> <span class='ocrx_word' id='word_1_334' title='bbox 1466 1215 1652 1242; x_wconf 64' lang='lat' dir='ltr'>memoriam,</span> 
     </span>
    </p>
   </div>
   <div class='ocr_carea' id='block_1_17' title="bbox 1771 222 1958 250">
    <p class='ocr_par' dir='ltr' id='par_1_20' title="bbox 1771 222 1958 250">
     <span class='ocr_line' id='line_1_71' title="bbox 1771 222 1958 250; baseline 0.005 -1"><span class='ocrx_word' id='word_1_335' title='bbox 1771 224 1821 249; x_wconf 76' lang='lat' dir='ltr'>Au.</span> <span class='ocrx_word' id='word_1_336' title='bbox 1844 223 1872 250; x_wconf 72' lang='grc' dir='ltr'>(Σ.</span> <span class='ocrx_word' id='word_1_337' title='bbox 1893 222 1958 250; x_wconf 75' lang='grc'>1709</span> 
     </span>
    </p>
   </div>
   <div class='ocr_carea' id='block_1_18' title="bbox 1069 1287 1945 1331">
    <p class='ocr_par' dir='ltr' id='par_1_21' title="bbox 1069 1287 1945 1331">
     <span class='ocr_line' id='line_1_72' title="bbox 1069 1287 1945 1331; baseline -0.009 -8"><span class='ocrx_word' id='word_1_338' title='bbox 1069 1289 1111 1321; x_wconf 77' lang='lat' dir='ltr'>Ex</span> <span class='ocrx_word' id='word_1_339' title='bbox 1129 1289 1273 1321; x_wconf 86' lang='lat' dir='ltr'>iniuncto</span> <span class='ocrx_word' id='word_1_340' title='bbox 1292 1287 1386 1321; x_wconf 82' lang='lat' dir='ltr'>nobis</span> <span class='ocrx_word' id='word_1_341' title='bbox 1409 1288 1544 1321; x_wconf 80' lang='lat' dir='ltr'>caelitus</span> <span class='ocrx_word' id='word_1_342' title='bbox 1566 1288 1764 1331; x_wconf 61' lang='lat' dir='ltr'>apostolieae</span> <span class='ocrx_word' id='word_1_343' title='bbox 1814 1298 1923 1316; x_wconf 51' lang='lat' dir='ltr'>mia„</span> <span class='ocrx_word' id='word_1_344' title='bbox 1942 1312 1945 1315; x_wconf 74' lang='grc'><strong>,</strong></span> 
     </span>
    </p>
   </div>
   <div class='ocr_carea' id='block_1_19' title="bbox 1024 1341 1769 2579">
    <p class='ocr_par' dir='ltr' id='par_1_22' title="bbox 1024 1341 1769 2295">
     <span class='ocr_line' id='line_1_73' title="bbox 1024 1341 1766 1386; baseline 0 -11"><span class='ocrx_word' id='word_1_345' title='bbox 1024 1341 1256 1375; x_wconf 79' lang='lat' dir='ltr'>sollicitudinis</span> <span class='ocrx_word' id='word_1_346' title='bbox 1282 1352 1441 1382; x_wconf 72' lang='lat' dir='ltr'>munere,</span> <span class='ocrx_word' id='word_1_347' title='bbox 1468 1342 1499 1374; x_wconf 90' lang='lat' dir='ltr'>in</span> <span class='ocrx_word' id='word_1_348' title='bbox 1525 1342 1558 1374; x_wconf 89' lang='lat' dir='ltr'>id</span> <span class='ocrx_word' id='word_1_349' title='bbox 1591 1342 1766 1386; x_wconf 80' lang='lat' dir='ltr'>praecipue</span> 
     </span>
     <span class='ocr_line' id='line_1_74' title="bbox 1026 1395 1767 1435; baseline 0.001 -8"><span class='ocrx_word' id='word_1_350' title='bbox 1026 1396 1173 1429; x_wconf 79' lang='lat' dir='ltr'>sollicitis</span> <span class='ocrx_word' id='word_1_351' title='bbox 1202 1395 1319 1428; x_wconf 80' lang='lat' dir='ltr'>studiis</span> <span class='ocrx_word' id='word_1_352' title='bbox 1344 1395 1570 1435; x_wconf 81' lang='lat' dir='ltr'>incumbimus,</span> <span class='ocrx_word' id='word_1_353' title='bbox 1598 1401 1633 1428; x_wconf 89' lang='lat' dir='ltr'>ut</span> <span class='ocrx_word' id='word_1_354' title='bbox 1657 1407 1767 1429; x_wconf 82' lang='lat' dir='ltr'>mona·</span> 
     </span>
     <span class='ocr_line' id='line_1_75' title="bbox 1025 1448 1769 1491; baseline 0 -10"><span class='ocrx_word' id='word_1_355' title='bbox 1025 1448 1104 1482; x_wconf 80' lang='lat' dir='ltr'>stica</span> <span class='ocrx_word' id='word_1_356' title='bbox 1118 1448 1346 1491; x_wconf 63' lang='lat' dir='ltr'>regularisque</span> <span class='ocrx_word' id='word_1_357' title='bbox 1362 1448 1542 1491; x_wconf 78' lang='lat' dir='ltr'>disciplina,</span> <span class='ocrx_word' id='word_1_358' title='bbox 1558 1448 1659 1481; x_wconf 80' lang='lat' dir='ltr'>sicubi</span> <span class='ocrx_word' id='word_1_359' title='bbox 1672 1448 1682 1465; x_wconf 76' lang='lat'>‘²</span> <span class='ocrx_word' id='word_1_360' title='bbox 1703 1449 1769 1482; x_wconf 84' lang='lat' dir='ltr'>col-</span> 
     </span>
     <span class='ocr_line' id='line_1_76' title="bbox 1025 1501 1765 1545; baseline 0 -10"><span class='ocrx_word' id='word_1_361' title='bbox 1025 1503 1114 1545; x_wconf 85' lang='lat' dir='ltr'>lapsa</span> <span class='ocrx_word' id='word_1_362' title='bbox 1140 1507 1197 1541; x_wconf 83' lang='lat' dir='ltr'>est,</span> <span class='ocrx_word' id='word_1_363' title='bbox 1223 1501 1326 1535; x_wconf 89' lang='lat' dir='ltr'>modis</span> <span class='ocrx_word' id='word_1_364' title='bbox 1353 1501 1503 1545; x_wconf 74' lang='lat' dir='ltr'>congruis</span> <span class='ocrx_word' id='word_1_365' title='bbox 1537 1502 1685 1543; x_wconf 87' lang='lat' dir='ltr'>restitui,</span> <span class='ocrx_word' id='word_1_366' title='bbox 1712 1503 1765 1535; x_wconf 84' lang='lat' dir='ltr'>ubi</span> 
     </span>
     <span class='ocr_line' id='line_1_77' title="bbox 1024 1555 1767 1599; baseline 0.001 -11"><span class='ocrx_word' id='word_1_367' title='bbox 1024 1556 1111 1595; x_wconf 74' lang='lat' dir='ltr'>xero,</span> <span class='ocrx_word' id='word_1_368' title='bbox 1132 1556 1269 1590; x_wconf 83' lang='lat' dir='ltr'>Domino</span> <span class='ocrx_word' id='word_1_369' title='bbox 1284 1555 1513 1596; x_wconf 74' lang='lat' dir='ltr'>benedicente,</span> <span class='ocrx_word' id='word_1_370' title='bbox 1531 1556 1628 1599; x_wconf 77' lang='lat' dir='ltr'>riget,</span> <span class='ocrx_word' id='word_1_371' title='bbox 1646 1556 1767 1589; x_wconf 82' lang='lat' dir='ltr'>tirmius</span> 
     </span>
     <span class='ocr_line' id='line_1_78' title="bbox 1025 1609 1767 1652; baseline 0 -10"><span class='ocrx_word' id='word_1_372' title='bbox 1025 1609 1156 1642; x_wconf 73' lang='lat' dir='ltr'>solidari</span> <span class='ocrx_word' id='word_1_373' title='bbox 1185 1609 1301 1649; x_wconf 80' lang='lat' dir='ltr'>valeat,</span> <span class='ocrx_word' id='word_1_374' title='bbox 1322 1619 1428 1652; x_wconf 84' lang='lat' dir='ltr'>eoque</span> <span class='ocrx_word' id='word_1_375' title='bbox 1448 1609 1615 1642; x_wconf 77' lang='lat' dir='ltr'>tendentia</span> <span class='ocrx_word' id='word_1_376' title='bbox 1641 1610 1767 1652; x_wconf 64' lang='lat' dir='ltr'>religio-</span> 
     </span>
     <span class='ocr_line' id='line_1_79' title="bbox 1025 1661 1766 1705; baseline 0 -11"><span class='ocrx_word' id='word_1_377' title='bbox 1025 1672 1134 1695; x_wconf 86' lang='lat' dir='ltr'>sorum</span> <span class='ocrx_word' id='word_1_378' title='bbox 1161 1663 1303 1695; x_wconf 69' lang='lat' dir='ltr'>virorum</span> <span class='ocrx_word' id='word_1_379' title='bbox 1336 1661 1490 1695; x_wconf 63' lang='lat' dir='ltr'>Aliis-simi</span> <span class='ocrx_word' id='word_1_380' title='bbox 1517 1662 1683 1705; x_wconf 87' lang='lat' dir='ltr'>obsequiis</span> <span class='ocrx_word' id='word_1_381' title='bbox 1709 1663 1766 1695; x_wconf 85' lang='lat' dir='ltr'>sub</span> 
     </span>
     <span class='ocr_line' id='line_1_80' title="bbox 1026 1715 1768 1759; baseline 0 -11"><span class='ocrx_word' id='word_1_382' title='bbox 1026 1716 1111 1748; x_wconf 80' lang='lat' dir='ltr'>suari</span> <span class='ocrx_word' id='word_1_383' title='bbox 1138 1715 1218 1748; x_wconf 71' lang='lat' dir='ltr'>ritae</span> <span class='ocrx_word' id='word_1_384' title='bbox 1246 1715 1443 1748; x_wconf 79' lang='lat' dir='ltr'>monasticae</span> <span class='ocrx_word' id='word_1_385' title='bbox 1470 1715 1546 1758; x_wconf 78' lang='lat' dir='ltr'>iugo</span> <span class='ocrx_word' id='word_1_386' title='bbox 1573 1715 1768 1759; x_wconf 85' lang='lat' dir='ltr'>mancipato-</span> 
     </span>
     <span class='ocr_line' id='line_1_81' title="bbox 1026 1769 1767 1808; baseline 0 -6"><span class='ocrx_word' id='word_1_387' title='bbox 1026 1780 1095 1802; x_wconf 86' lang='lat' dir='ltr'>rum</span> <span class='ocrx_word' id='word_1_388' title='bbox 1124 1776 1194 1802; x_wconf 76' lang='lat' dir='ltr'>rota</span> <span class='ocrx_word' id='word_1_389' title='bbox 1219 1769 1363 1802; x_wconf 81' lang='lat' dir='ltr'>libenter</span> <span class='ocrx_word' id='word_1_390' title='bbox 1392 1769 1601 1808; x_wconf 73' lang='lat' dir='ltr'>exaudimus,</span> <span class='ocrx_word' id='word_1_391' title='bbox 1628 1780 1663 1802; x_wconf 90' lang='lat' dir='ltr'>ac</span> <span class='ocrx_word' id='word_1_392' title='bbox 1689 1769 1767 1802; x_wconf 76' lang='lat' dir='ltr'>alias</span> 
     </span>
     <span class='ocr_line' id='line_1_82' title="bbox 1025 1824 1766 1867; baseline 0.001 -13"><span class='ocrx_word' id='word_1_393' title='bbox 1025 1824 1197 1867; x_wconf 81' lang='lat' dir='ltr'>pastoralis</span> <span class='ocrx_word' id='word_1_394' title='bbox 1225 1824 1322 1856; x_wconf 84' lang='lat' dir='ltr'>officii</span> <span class='ocrx_word' id='word_1_395' title='bbox 1349 1824 1453 1856; x_wconf 79' lang='lat' dir='ltr'>nostri</span> <span class='ocrx_word' id='word_1_396' title='bbox 1477 1829 1587 1866; x_wconf 83' lang='lat' dir='ltr'>partes</span> <span class='ocrx_word' id='word_1_397' title='bbox 1615 1829 1766 1866; x_wconf 83' lang='lat' dir='ltr'>opportu-</span> 
     </span>
     <span class='ocr_line' id='line_1_83' title="bbox 1025 1877 1766 1920; baseline 0.001 -11"><span class='ocrx_word' id='word_1_398' title='bbox 1025 1877 1075 1909; x_wconf 90' lang='lat' dir='ltr'>nis</span> <span class='ocrx_word' id='word_1_399' title='bbox 1102 1878 1294 1915; x_wconf 87' lang='lat' dir='ltr'>rationibus,</span> <span class='ocrx_word' id='word_1_400' title='bbox 1320 1877 1482 1910; x_wconf 87' lang='lat' dir='ltr'>interdum</span> <span class='ocrx_word' id='word_1_401' title='bbox 1509 1877 1604 1910; x_wconf 82' lang='lat' dir='ltr'>etiam</span> <span class='ocrx_word' id='word_1_402' title='bbox 1631 1888 1689 1920; x_wconf 86' lang='lat' dir='ltr'>per</span> <span class='ocrx_word' id='word_1_403' title='bbox 1710 1888 1766 1910; x_wconf 87' lang='lat' dir='ltr'>uo-</span> 
     </span>
     <span class='ocr_line' id='line_1_84' title="bbox 1024 1930 1767 1974; baseline 0.001 -12"><span class='ocrx_word' id='word_1_404' title='bbox 1024 1941 1136 1963; x_wconf 82' lang='lat' dir='ltr'>varum</span> <span class='ocrx_word' id='word_1_405' title='bbox 1154 1931 1445 1973; x_wconf 71' lang='lat' dir='ltr'>congregationum</span> <span class='ocrx_word' id='word_1_406' title='bbox 1462 1930 1696 1970; x_wconf 80' lang='lat' dir='ltr'>institutiones,</span> <span class='ocrx_word' id='word_1_407' title='bbox 1714 1943 1767 1974; x_wconf 82' lang='lat' dir='ltr'>pa-</span> 
     </span>
     <span class='ocr_line' id='line_1_85' title="bbox 1026 1983 1763 2027; baseline 0.001 -11"><span class='ocrx_word' id='word_1_408' title='bbox 1026 1986 1119 2017; x_wconf 77' lang='lat' dir='ltr'>terna</span> <span class='ocrx_word' id='word_1_409' title='bbox 1145 1985 1285 2027; x_wconf 87' lang='lat' dir='ltr'>desuper</span> <span class='ocrx_word' id='word_1_410' title='bbox 1311 1983 1467 2016; x_wconf 82' lang='lat' dir='ltr'>charitate</span> <span class='ocrx_word' id='word_1_411' title='bbox 1500 1983 1763 2027; x_wconf 81' lang='lat' dir='ltr'>interponimus,</span> 
     </span>
     <span class='ocr_line' id='line_1_86' title="bbox 1026 2037 1766 2077; baseline 0 -7"><span class='ocrx_word' id='word_1_412' title='bbox 1026 2037 1118 2077; x_wconf 87' lang='lat' dir='ltr'>sicut,</span> <span class='ocrx_word' id='word_1_413' title='bbox 1137 2037 1286 2070; x_wconf 77' lang='lat' dir='ltr'>omnibus</span> <span class='ocrx_word' id='word_1_414' title='bbox 1319 2042 1444 2070; x_wconf 84' lang='lat' dir='ltr'>mature</span> <span class='ocrx_word' id='word_1_415' title='bbox 1466 2037 1694 2077; x_wconf 85' lang='lat' dir='ltr'>consideratis,</span> <span class='ocrx_word' id='word_1_416' title='bbox 1727 2039 1766 2071; x_wconf 85' lang='lat' dir='ltr'>ad</span> 
     </span>
     <span class='ocr_line' id='line_1_87' title="bbox 1026 2089 1766 2133; baseline 0.001 -11"><span class='ocrx_word' id='word_1_417' title='bbox 1026 2090 1258 2133; x_wconf 87' lang='lat' dir='ltr'>omnipotentis</span> <span class='ocrx_word' id='word_1_418' title='bbox 1286 2090 1340 2122; x_wconf 86' lang='lat' dir='ltr'>Dei</span> <span class='ocrx_word' id='word_1_419' title='bbox 1368 2090 1518 2133; x_wconf 79' lang='lat' dir='ltr'>gloriam,</span> <span class='ocrx_word' id='word_1_420' title='bbox 1538 2091 1577 2123; x_wconf 85' lang='lat' dir='ltr'>ad</span> <span class='ocrx_word' id='word_1_421' title='bbox 1603 2089 1766 2124; x_wconf 82' lang='lat' dir='ltr'>Ecclesiae</span> 
     </span>
     <span class='ocr_line' id='line_1_88' title="bbox 1026 2143 1767 2187; baseline 0.003 -11"><span class='ocrx_word' id='word_1_422' title='bbox 1026 2143 1206 2177; x_wconf 84' lang='lat' dir='ltr'>catholicae</span> <span class='ocrx_word' id='word_1_423' title='bbox 1234 2143 1332 2176; x_wconf 82' lang='lat' dir='ltr'>decus</span> <span class='ocrx_word' id='word_1_424' title='bbox 1358 2149 1390 2176; x_wconf 84' lang='lat' dir='ltr'>et</span> <span class='ocrx_word' id='word_1_425' title='bbox 1414 2144 1625 2187; x_wconf 82' lang='lat' dir='ltr'>praesidium,</span> <span class='ocrx_word' id='word_1_426' title='bbox 1643 2144 1681 2177; x_wconf 88' lang='lat' dir='ltr'>ad</span> <span class='ocrx_word' id='word_1_427' title='bbox 1699 2156 1767 2178; x_wconf 92' lang='lat' dir='ltr'>mo-</span> 
     </span>
     <span class='ocr_line' id='line_1_89' title="bbox 1026 2198 1768 2242; baseline 0.003 -13"><span class='ocrx_word' id='word_1_428' title='bbox 1026 2198 1168 2230; x_wconf 86' lang='lat' dir='ltr'>nasticae</span> <span class='ocrx_word' id='word_1_429' title='bbox 1195 2198 1419 2241; x_wconf 74' lang='lat' dir='ltr'>regularisque</span> <span class='ocrx_word' id='word_1_430' title='bbox 1447 2198 1637 2242; x_wconf 84' lang='lat' dir='ltr'>disciplinae</span> <span class='ocrx_word' id='word_1_431' title='bbox 1664 2199 1768 2232; x_wconf 85' lang='lat' dir='ltr'>inere-</span> 
     </span>
     <span class='ocr_line' id='line_1_90' title="bbox 1026 2252 1767 2295; baseline 0.001 -12"><span class='ocrx_word' id='word_1_432' title='bbox 1026 2256 1168 2284; x_wconf 87' lang='lat' dir='ltr'>mentum</span> <span class='ocrx_word' id='word_1_433' title='bbox 1189 2256 1221 2284; x_wconf 88' lang='lat' dir='ltr'>et</span> <span class='ocrx_word' id='word_1_434' title='bbox 1239 2252 1363 2284; x_wconf 82' lang='lat' dir='ltr'>felicem</span> <span class='ocrx_word' id='word_1_435' title='bbox 1381 2261 1607 2295; x_wconf 79' lang='lat' dir='ltr'>progressum,</span> <span class='ocrx_word' id='word_1_436' title='bbox 1623 2252 1767 2295; x_wconf 81' lang='lat' dir='ltr'>spiritua·</span> 
     </span>
    </p>

    <p class='ocr_par' dir='ltr' id='par_1_23' title="bbox 1025 2321 1768 2579">
     <span class='ocr_line' id='line_1_91' title="bbox 1064 2321 1767 2357; baseline 0.001 -9"><span class='ocrx_word' id='word_1_437' title='bbox 1064 2323 1071 2348; x_wconf 87' lang='lat' dir='ltr'>l</span> <span class='ocrx_word' id='word_1_438' title='bbox 1096 2322 1135 2348; x_wconf 86' lang='lat' dir='ltr'>De</span> <span class='ocrx_word' id='word_1_439' title='bbox 1156 2322 1380 2357; x_wconf 65' lang='lat' dir='ltr'>Congregationis</span> <span class='ocrx_word' id='word_1_440' title='bbox 1410 2321 1746 2350; x_wconf 76' lang='lat' dir='ltr'>Ber·edictino-Bararirae</span> <span class='ocrx_word' id='word_1_441' title='bbox 1761 2344 1767 2354; x_wconf 85' lang='lat'>,</span> 
     </span>
     <span class='ocr_line' id='line_1_92' title="bbox 1025 2365 1767 2399; baseline 0.001 -7"><span class='ocrx_word' id='word_1_442' title='bbox 1025 2366 1171 2399; x_wconf 85' lang='lat' dir='ltr'>erectione,</span> <span class='ocrx_word' id='word_1_443' title='bbox 1184 2365 1245 2392; x_wconf 60' lang='lat' dir='ltr'>ride</span> <span class='ocrx_word' id='word_1_444' title='bbox 1258 2365 1407 2393; x_wconf 79' lang='lat' dir='ltr'>innocentii</span> <span class='ocrx_word' id='word_1_445' title='bbox 1418 2365 1450 2392; x_wconf 86' lang='lat' dir='ltr'>XI</span> <span class='ocrx_word' id='word_1_446' title='bbox 1462 2370 1533 2394; x_wconf 89' lang='lat' dir='ltr'>cont.</span> <span class='ocrx_word' id='word_1_447' title='bbox 1547 2366 1589 2393; x_wconf 89' lang='lat' dir='ltr'>ed.</span> <span class='ocrx_word' id='word_1_448' title='bbox 1605 2374 1767 2399; x_wconf 72' lang='lat' dir='ltr'>nncrxxxir,</span> 
     </span>
     <span class='ocr_line' id='line_1_93' title="bbox 1025 2409 1767 2445; baseline 0.003 -9"><span class='ocrx_word' id='word_1_449' title='bbox 1025 2409 1068 2436; x_wconf 85' lang='lat' dir='ltr'>die</span> <span class='ocrx_word' id='word_1_450' title='bbox 1087 2410 1122 2436; x_wconf 61' lang='lat' dir='ltr'>⁶2ss</span> <span class='ocrx_word' id='word_1_451' title='bbox 1141 2410 1265 2445; x_wconf 82' lang='lat' dir='ltr'>augusti,</span> <span class='ocrx_word' id='word_1_452' title='bbox 1287 2410 1383 2445; x_wconf 80' lang='lat' dir='ltr'>pontif.</span> <span class='ocrx_word' id='word_1_453' title='bbox 1414 2417 1474 2438; x_wconf 63' lang='lat' dir='ltr'>vni·-</span> <span class='ocrx_word' id='word_1_454' title='bbox 1504 2414 1530 2437; x_wconf 85' lang='lat' dir='ltr'>et</span> <span class='ocrx_word' id='word_1_455' title='bbox 1554 2410 1702 2438; x_wconf 81' lang='lat' dir='ltr'>innocentii</span> <span class='ocrx_word' id='word_1_456' title='bbox 1724 2410 1767 2438; x_wconf 80' lang='grc' dir='ltr'>ΧΠ</span> 
     </span>
     <span class='ocr_line' id='line_1_94' title="bbox 1025 2455 1766 2491; baseline 0.003 -10"><span class='ocrx_word' id='word_1_457' title='bbox 1025 2455 1132 2481; x_wconf 87' lang='lat' dir='ltr'>constit.</span> <span class='ocrx_word' id='word_1_458' title='bbox 1155 2455 1219 2481; x_wconf 83' lang='lat' dir='ltr'>edit.</span> <span class='ocrx_word' id='word_1_459' title='bbox 1241 2461 1358 2488; x_wconf 72' lang='lat' dir='ltr'>Mnexci,</span> <span class='ocrx_word' id='word_1_460' title='bbox 1380 2455 1423 2482; x_wconf 76' lang='lat' dir='ltr'>(lie</span> <span class='ocrx_word' id='word_1_461' title='bbox 1447 2457 1474 2482; x_wconf 80' lang='lat' dir='ltr'>it</span> <span class='ocrx_word' id='word_1_462' title='bbox 1499 2456 1616 2491; x_wconf 82' lang='lat' dir='ltr'>angusti,</span> <span class='ocrx_word' id='word_1_463' title='bbox 1638 2456 1732 2491; x_wconf 78' lang='lat' dir='ltr'>pontif.</span> <span class='ocrx_word' id='word_1_464' title='bbox 1748 2463 1766 2487; x_wconf 82' lang='grc' dir='ltr'>ι,</span> 
     </span>
     <span class='ocr_line' id='line_1_95' title="bbox 1025 2499 1768 2535; baseline 0.001 -10"><span class='ocrx_word' id='word_1_465' title='bbox 1025 2500 1058 2526; x_wconf 85' lang='lat' dir='ltr'>de</span> <span class='ocrx_word' id='word_1_466' title='bbox 1079 2499 1202 2526; x_wconf 85' lang='lat' dir='ltr'>eiusdem</span> <span class='ocrx_word' id='word_1_467' title='bbox 1222 2499 1383 2535; x_wconf 78' lang='lat' dir='ltr'>privilegiis.</span> <span class='ocrx_word' id='word_1_468' title='bbox 1399 2500 1431 2526; x_wconf 93' lang='lat' dir='ltr'>In</span> <span class='ocrx_word' id='word_1_469' title='bbox 1447 2500 1527 2527; x_wconf 83' lang='lat' dir='ltr'>liuius</span> <span class='ocrx_word' id='word_1_470' title='bbox 1548 2500 1685 2527; x_wconf 81' lang='lat' dir='ltr'>Pontilicis</span> <span class='ocrx_word' id='word_1_471' title='bbox 1702 2509 1768 2527; x_wconf 82' lang='lat' dir='ltr'>cou-</span> 
     </span>
     <span class='ocr_line' id='line_1_96' title="bbox 1025 2543 1765 2579; baseline 0.001 -9"><span class='ocrx_word' id='word_1_472' title='bbox 1025 2543 1080 2570; x_wconf 88' lang='lat' dir='ltr'>stit.</span> <span class='ocrx_word' id='word_1_473' title='bbox 1110 2543 1174 2571; x_wconf 88' lang='lat' dir='ltr'>edit.</span> <span class='ocrx_word' id='word_1_474' title='bbox 1205 2550 1296 2576; x_wconf 60' lang='lat' dir='ltr'>niueis,</span> <span class='ocrx_word' id='word_1_475' title='bbox 1326 2544 1369 2571; x_wconf 87' lang='lat' dir='ltr'>die</span> <span class='ocrx_word' id='word_1_476' title='bbox 1398 2547 1415 2571; x_wconf 82' lang='lat'>6</span> <span class='ocrx_word' id='word_1_477' title='bbox 1438 2545 1515 2578; x_wconf 87' lang='lat' dir='ltr'>iunii,</span> <span class='ocrx_word' id='word_1_478' title='bbox 1536 2545 1709 2579; x_wconf 82' lang='lat' dir='ltr'>pontificatus</span> <span class='ocrx_word' id='word_1_479' title='bbox 1730 2552 1765 2577; x_wconf 73' lang='lat' dir='ltr'>ix,</span> 
     </span>
    </p>
   </div>
   <div class='ocr_carea' id='block_1_20' title="bbox 1025 2588 1690 2667">
    <p class='ocr_par' dir='ltr' id='par_1_24' title="bbox 1025 2588 1690 2667">
     <span class='ocr_line' id='line_1_97' title="bbox 1025 2588 1690 2624; baseline -0.002 -9"><span class='ocrx_word' id='word_1_480' title='bbox 1025 2588 1183 2615; x_wconf 83' lang='lat' dir='ltr'>conceditur</span> <span class='ocrx_word' id='word_1_481' title='bbox 1202 2589 1371 2623; x_wconf 82' lang='lat' dir='ltr'>indulgentia</span> <span class='ocrx_word' id='word_1_482' title='bbox 1392 2589 1455 2616; x_wconf 84' lang='lat' dir='ltr'>huic</span> <span class='ocrx_word' id='word_1_483' title='bbox 1474 2589 1690 2624; x_wconf 82' lang='lat' dir='ltr'>Congregationi.</span> 
     </span>
     <span class='ocr_line' id='line_1_98' title="bbox 1060 2631 1588 2667; baseline -0.004 -7"><span class='ocrx_word' id='word_1_484' title='bbox 1060 2633 1074 2660; x_wconf 67' lang='grc'>1).</span> <span class='ocrx_word' id='word_1_485' title='bbox 1096 2631 1165 2659; x_wconf 74' lang='lat' dir='ltr'>Edit.</span> <span class='ocrx_word' id='word_1_486' title='bbox 1188 2632 1266 2659; x_wconf 76' lang='lat' dir='ltr'>Maia.</span> <span class='ocrx_word' id='word_1_487' title='bbox 1290 2633 1354 2667; x_wconf 67' lang='lat' dir='ltr'>tegit</span> <span class='ocrx_word' id='word_1_488' title='bbox 1375 2633 1462 2660; x_wconf 68' lang='lat' dir='ltr'>siculi</span> <span class='ocrx_word' id='word_1_489' title='bbox 1483 2633 1522 2667; x_wconf 80' lang='lat' dir='ltr'>(n.</span> <span class='ocrx_word' id='word_1_490' title='bbox 1540 2633 1588 2667; x_wconf 83' lang='lat' dir='ltr'>T.).</span> 
     </span>
    </p>
   </div>
  </div>
 </body>
</html>
