2269 3203
505 193 592 227 1002

461 256 537 290 XIV.
577 254 766 288 Conceditur
808 252 985 287 votantibus
1025 253 1204 295 signaturae

549 308 685 341 iustitiae
722 307 850 340 facultas
885 304 1091 338 transferendi
1121 316 1203 349 pen-

549 361 663 403 siones,
689 361 743 394 ⁶20.

463 414 522 447 XV.
549 413 768 448 Conceduntur
803 411 967 456 privilegia
999 410 1205 444 familiaribus

548 467 727 500 Sanc-litatis
753 467 844 505 Suae,
869 464 921 497 ⁹23.

556 520 768 553 Confirmatur
782 519 942 550 decretum
959 516 1126 549 cardinalis
1137 528 1205 560 pro-

550 572 678 606 tectoris
703 572 739 604 de
772 569 1033 614 procuratoribus
1063 575 1093 602 et
1121 570 1202 602 deli-

552 626 709 660 nitoribus
742 624 942 668 generalibus
971 623 1104 656 duarum
1136 633 1207 666 pro-

553 679 726 712 vinciarum
746 678 776 710 in
797 677 906 710 insulis
924 676 1111 720 Pliilippinis
1127 676 1205 709 Con-

551 731 746 775 gregationis
791 729 958 773 Hispaniae
1001 729 1204 762 cremitarum

554 785 823 818 Discalceatorum
842 783 966 816 Ordinis
983 784 1013 815 S.
1032 782 1205 825 Augustini,

552 838 605 872 23.

462 892 554 925 XVII.

550 945 740 989 protectoris
777 945 816 977 dc
841 943 1015 987 privilegiis
1051 941 1202 975 commis-

551 999 707 1031 sariorum
744 997 880 1029 duarum
914 995 1150 1039 provinciarum
1176 995 1207 1027 in

550 1051 660 1084 insulis
682 1049 869 1093 Pliilippinis
884 1049 1086 1081 cremitarum
1103 1048 1130 1082 S.
1151 1049 1207 1080 Au·

549 1104 664 1147 gustini
691 1103 956 1136 Discalceatorum
983 1102 1207 1145 Congrrgatio-

549 1159 597 1192 nis
618 1157 798 1201 Hispaniae,
824 1156 876 1189 QX».

465 1213 570 1245 XVIII.
599 1211 785 1245 Conceditur
808 1209 937 1242 facultas
959 1209 1139 1241 celebrandi
1162 1220 1207 1241 ca-

551 1266 648 1309 pitula
683 1262 889 1307 provincialia
921 1262 1053 1304 singulis
1080 1262 1207 1304 provin-

551 1317 607 1350 ciis
640 1314 900 1359 Congregationis
924 1314 1032 1346 ltaliae
1057 1315 1207 1347 eremita-

550 1382 621 1404 rum
663 1369 929 1403 Discalccatorum
964 1368 994 1401 S.
1034 1369 1208 1411 Augustini,

547 1425 600 1457 ⁶27.

462 1478 539 1510 xlx.
569 1476 702 1520 Eligitur
719 1474 988 1508 eminentissimus
1007 1475 1091 1506 card.
1116 1474 1148 1506 D.
1167 1475 1209 1507 lo-

550 1530 627 1573 seph
655 1530 789 1561 Renatus
817 1527 992 1570 imperialis
1024 1527 1054 1558 in
1087 1528 1208 1569 praefe-

554 1589 638 1615 ctum
663 1581 922 1625 Congrcgationis
940 1580 1015 1613 boni
1035 1580 1208 1623 rsgiminis,

555 1636 609 1668 ⁹29.

462 1690 524 1722 XX.
564 1689 702 1732 Erigitur
735 1687 904 1731 collegium
942 1686 1117 1719 studiorum
1151 1686 1208 1719 sub

551 1742 750 1774 invocatione
775 1740 917 1774 Nominis
950 1740 1018 1772 lesu
1043 1739 1073 1771 in
1099 1749 1208 1771 coeno-

550 1795 603 1828 bio
645 1793 843 1828 Urbinatensi
883 1792 1008 1827 Ordinis
1051 1793 1207 1825 Minorum

552 1847 826 1882 Conventualium.
864 1846 943 1879 Huic
968 1845 1102 1887 collegio
1127 1856 1204 1878 con-

555 1901 711 1934 ceduntur
743 1900 907 1944 privilegia
933 1909 1083 1932 concessa
1107 1898 1204 1931 colle-

551 1955 602 1998 gio
626 1954 657 1987 S.
685 1954 922 1987 Bonavcnturae
947 1952 985 1985 dc
1011 1951 1104 1992 Urbe,
1129 1951 1182 1984 30.

583 2007 774 2042 Conceditur
816 2006 1018 2039 scholaribus
1061 2004 1207 2038 coenobii

551 2062 581 2094 S.
609 2060 775 2103 Augustini
802 2060 1008 2092 eremitarum
1035 2059 1065 2091 S.
1093 2059 1204 2101 Augu-

552 2113 625 2145 stini
651 2112 785 2146 civitatis
811 2113 956 2155 Lagunac
982 2112 1012 2144 in
1031 2111 1133 2143 insula
1156 2111 1209 2143 Tc-

552 2166 671 2198 narifae
709 2166 838 2198 facultas
874 2164 1065 2208 suscipiendi
1091 2163 1208 2207 gradus

553 2219 760 2252 scholasticos
785 2218 815 2250 in
840 2217 950 2251 eodem
969 2216 1134 2258 coenobio,
1152 2216 1205 2249 32.

467 2273 558 2306 XXII.
585 2272 806 2305 Conceduntur
837 2270 1080 2314 Congregationi
1105 2269 1208 2303 Chari-

556 2325 626 2357 tatis
651 2325 681 2357 S.
710 2324 868 2367 Hippolyti
894 2324 926 2356 in
952 2323 1047 2355 lndiis
1062 2322 1209 2355 Occiden-

556 2378 670 2410 talibus
709 2377 872 2421 privilegia
907 2376 1060 2409 Ordinurn
1093 2374 1208 2408 Mendi-

555 2430 692 2463 cantium
714 2435 740 2462 et
756 2430 949 2463 Clericorum
967 2428 1207 2462 illinistrantium

555 2483 706 2523 Infirmus,
731 2482 786 2515 34.

467 2537 572 2570 XXIII.
600 2536 787 2570 Conceditur
811 2535 963 2569 fratribus
988 2535 1209 2578 Congregatio-

554 2589 602 2623 nis
628 2589 793 2624 Cliaritatis
818 2589 848 2622 S.
877 2589 1035 2633 Hippolyti
1062 2589 1092 2621 in
1115 2588 1208 2622 Indiis

461 520 537 554 xvt.

463 2008 540 2041 XXI.

593 891 804 926 Confirmatur
840 891 1002 923 decretum
1037 889 1205 922 cardinalis
1236 888 1238 891 ’

1054 200 1150 224 BULLA
1156 200 1231 225 muli
1257 200 1408 225 ROMAM'M

1345 252 1599 285 occidentalibus
1638 252 1769 286 facultas
1809 251 1999 295 suscipiendi

1345 305 1472 338 ordines
1493 315 1601 338 omnes
1619 309 1705 339 extra
1719 311 1873 348 tempora,
1892 310 1920 337 et
1936 314 1999 337 non

1347 359 1477 391 servatis
1503 359 1688 398 interstitiis,
1713 358 1766 391 36.

1258 413 1360 444 XXIV.
1389 412 1581 445 Conceditur
1608 412 1782 445 volantibus
1817 411 1998 454 signaturac

1346 465 1480 498 iustitiae
1505 465 1597 497 etiam
1623 469 1692 507 post
1717 464 1930 497 dimissionem
1955 464 1999 497 os-

1346 517 1408 549 fi‹:ii
1449 518 1579 550 facultas
1620 516 1828 549 transferendi
1866 516 1995 560 pensio-

1346 569 1458 611 siones,
1484 570 1536 602 38.

1259 623 1346 654 XXV.
1375 621 1565 655 Conceditur
1592 622 1786 656 visitantibus
1811 623 1840 655 S.
1865 623 1998 655 Domum

1346 675 1552 707 Lauretanam
1569 675 1764 718 indulgentia
1778 674 1919 718 plenaria
1933 685 2001 718 per-

1346 733 1439 770 petua
1474 728 1568 760 etiam
1607 739 1662 771 per
1695 728 1822 761 modum
1860 727 2001 771 suffragii

1346 792 1403 824 pro
1428 782 1592 822 defunctis⁷
1618 782 1672 814 40.

1260 835 1361 867 XXXI.
1389 834 1568 868 Consulitur
1594 835 1797 868 celebrationi
1831 836 1999 868 missarum

1346 898 1408 921 non
1433 888 1535 921 adbuc
1561 888 1792 921 celebratarum
1818 894 1847 921 et
1867 888 2001 921 aliarum

1348 942 1378 974 in
1406 947 1567 985 posterum
1603 941 1863 974 celebrandarum
1890 942 1921 973 in
1946 952 1999 974 ca-

1348 995 1430 1038 pella
1455 999 1485 1028 ct
1520 995 1651 1028 ccclesia
1678 997 1707 1028 S.
1751 996 1864 1028 ltonms
1886 996 2001 1028 Laure-

1350 1055 1450 1087 tanae‚
1478 1048 1531 1080 lil.

1260 1102 1377 1134 XXX'H.
1405 1101 1611 1134 Confirmatur
1639 1101 1801 1134 decretum
1827 1102 2002 1146 Congreget-

1353 1154 1446 1187 tionis
1471 1154 1692 1198 episcoporum
1710 1161 1740 1187 et
1756 1155 1948 1198 regularium
1964 1156 2002 1188 de

1349 1207 1562 1241 celebratione
1587 1207 1797 1251 capitolorum
1821 1213 1851 1241 et
1875 1219 2004 1252 congre—

1351 1261 1470 1294 tionum
1503 1261 1737 1304 provinciarum
1770 1261 1945 1295 Lusitaniae
1974 1266 2004 1296 et

1351 1314 1571 1358 Algarbiorum
1610 1315 1741 1347 fratrum
1777 1315 1932 1347 Minorum
1966 1316 2004 1348 de

1350 1367 1555 1400 (Vlbserrantia
1573 1372 1602 1399 et
1613 1367 1707 1399 Tertii
1723 1367 1846 1399 Ordinis
1861 1368 1891 1400 S.
1909 1368 2004 1400 Fran-

1350 1420 1435 1461 cisci7
1461 1419 1514 1452 473.

1262 1475 1390 1507 xxxin.
1425 1474 1635 1506 Confirmatur
1671 1472 1831 1505 decretum
1865 1474 2006 1517 magistri

1349 1526 1505 1570 generalis
1523 1526 1648 1559 Ordinis
1664 1526 1919 1559 l‘raedicatorum
1935 1537 2006 1560 con-

1351 1580 1480 1611 firmans
1515 1578 1746 1611 abdicationem
1786 1578 1940 1621 graduum
1976 1586 2005 1613 et

1352 1632 1591 1675 privilegiorum
1617 1632 1831 1675 personalium
1851 1633 1961 1666 factam
1987 1645 2004 1666 a

1350 1685 1602 1729 Congregatione
1628 1685 1811 1718 Observanti
1839 1686 1870 1718 B.
1899 1686 2004 1720 lacobi

1355 1740 1566 1779 Venetiarum,
1592 1739 1645 1771 44.

1264 1793 1368 1826 XXIX.
1404 1793 1627 1825 Conceduntur
1660 1792 1766 1835 plures
1791 1792 2005 1836 indulgentiae

1349 1851 1522 1888 perpetuae
1554 1845 1797 1888 Congregationi
1833 1846 2004 1889 Xlissionis,

1351 1898 1404 1930 lio.

1264 1952 1354 1984 XXX.
1374 1951 1587 1985 Confirmatur
1601 1951 1783 1984 constitutio
1799 1952 1913 1984 [Ji-bani
1939 1952 2005 1986 vlll

1352 2015 1446 2047 super
1474 2004 1654 2048 indigentiis
1674 2005 1816 2038 locorum
1842 2016 2005 2039 sacrorum

1351 2058 1606 2098 Terracsanctae,
1631 2058 1683 2090 47.

1263 2112 1365 2145 XXXI.
1405 2111 1595 2145 Conceditur
1631 2111 1826 2155 indulgentia
1862 2112 2001 2155 plenaria

1351 2170 1504 2208 perpetua
1536 2165 1809 2208 peregrinantilms
1840 2166 1877 2197 ad
1903 2167 2003 2199 ecele-

1350 2219 1425 2251 siam
1453 2219 1637 2251 monasterii
1655 2219 1734 2252 sacri
1751 2219 1870 2262 Specus
1894 2218 2004 2251 Subla-

1351 2272 1452 2304 ccnsis
1465 2272 1692 2305 monachorum
1702 2271 2003 2314 Cassinensiuiu,48.

1263 2324 1382 2357 XXXII.
1410 2324 1622 2358 Confirniatur
1646 2324 1807 2357 decretum
1837 2325 2004 2358 cardinalis

1350 2377 1551 2419 protectoris,
1582 2387 1643 2420 quo
1668 2376 1862 2420 permittitur
1894 2378 2004 2421 publi-

1350 2429 1431 2462 catio
1456 2430 1658 2463 decretorum
1684 2430 1911 2471 innovantium‚
1937 2441 2004 2464 mo-

1349 2483 1527 2515 derantium
1553 2487 1583 2515 et
1607 2482 1836 2515 declarantium
1855 2484 2003 2517 constitu-

1349 2537 1449 2569 tiones
1474 2535 1599 2569 Ordinis
1624 2536 1657 2568 Β.
1679 2535 1794 2569 Mariae
1808 2535 1846 2569 de
1860 2537 2002 2570 Mercede

1349 2588 1576 2632 redemptionis
1601 2589 1809 2633 captivorum7
1836 2588 1891 2622 48.
