2269 3203
264 174 309 201 An.
331 173 360 202 C.
379 173 446 201 1704

309 1304 340 1325 De
356 1304 454 1324 solemnl·

269 1331 309 1351 hus
342 1331 454 1350 oblationi—

270 1358 310 1377 bus
354 1357 453 1378 Conuicto

270 1384 342 1411 peragi
357 1384 432 1405 solitis.

492 163 556 197 ⁶210

455 228 612 256 vocentur
638 222 734 264 Micio,
762 233 827 267 quo
853 221 1010 255 vocabulo
1035 221 1196 255 idolorum

458 278 580 320 templa
606 277 830 320 designantur,
850 282 882 309 et
906 288 923 309 a
947 275 1114 309 nonnullis
1140 285 1196 307 au-

458 330 602 364 ctoribus
635 332 731 364 aedes
765 331 948 374 praedictae
983 330 1104 372 templa
1138 339 1195 361 seu

458 384 531 417 fana
558 385 717 417 dicantur.
741 384 847 416 Videri
873 387 1011 426 possunt
1036 383 1085 425 (F)

497 447 541 485 (r)
570 449 751 475 Fmonrms
774 450 803 475 et
824 448 956 482 Riccms,
985 445 1029 474 De
1048 445 1197 474 christian.

458 497 642 533 expeditione,
658 497 707 524 lib.
724 506 741 531 1,
758 505 826 533 pag.
845 496 899 523 118
915 506 921 532 3
937 493 1064 529 Summo,
1085 497 1162 532 part.
1178 504 1197 531 1,

459 554 521 583 cap.
537 555 568 581 x,
590 554 657 582 pag.
674 547 727 579 633
750 544 901 579 Kineimiz,
926 542 1016 572 China
1037 543 1198 579 illustrata,

459 596 535 632 part.
560 604 601 630 111,
625 603 688 630 cap.
711 602 729 630 1,
752 602 820 630 pag.
845 592 911 629 132,
932 592 987 620 col.
1013 593 1037 619 1.

504 651 538 684 In
565 651 683 694 quibus
706 650 839 683 aedibus
864 653 950 682 extat
974 647 1096 691 effigies
1117 647 1199 682 Con-

462 705 545 744 fucii‚
572 705 620 737 vel
647 705 761 736 saltem
781 703 899 736 tabella
917 713 988 735 cum
1006 702 1069 735 hac
1089 702 1201 735 inseri-

461 758 594 802 ptione:
630 757 725 790 Sedes
756 757 895 801 spiritus
926 755 1128 789 sanctissimi
1152 755 1201 788 vel

461 811 697 854 sapientissimi
737 810 986 854 protomayislri
1023 809 1172 852 Confucii
1188 837 1197 850 ‚

463 876 545 908 quae
570 865 677 897 verbis
703 863 811 896 sinicis
829 869 878 896 est
902 863 1114 896 huiusmodi:
1141 862 1202 896 Cui

461 919 550 962 Χίης]
576 919 653 952 Sz'en
677 918 723 951 Sc
747 918 844 951 Kunc
863 918 925 950 ehu
948 917 1017 950 Xz'n
1044 916 1139 959 Goey,
1168 921 1204 948 ut

464 977 598 1005 testatur
616 977 708 1015 pater
726 983 743 1004 a
761 971 925 1010 Leonissa,
946 970 999 1013 qui
1021 971 1137 1002 asserit
1160 969 1203 1002 di-

464 1026 604 1059 ctionem
636 1025 769 1057 sinicam
794 1024 884 1067 Χίης
918 1034 984 1056 non
1020 1023 1203 1065 significare

464 1078 690 1111 tantummodo
729 1084 901 1115 sanctum,
934 1077 988 1110 sed
1027 1077 1202 1119 aliquando

464 1132 558 1164 etiam
586 1131 777 1174 sapientem.
806 1131 866 1164 Alii
894 1132 1071 1173 praefatam
1090 1130 1204 1163 inscri-

463 1185 608 1228 ptionem
635 1185 680 1217 sic
705 1184 803 1217 latine
828 1188 972 1217 vertunt:
998 1183 1205 1216 sanctissimi

465 1244 493 1273 el
516 1238 890 1282 superexcellentissimi.

508 1291 689 1325 Mandarini
714 1301 770 1323 seu
798 1291 1042 1333 gubernatores,
1078 1300 1114 1323 ac
1138 1300 1205 1322 ma-

466 1347 620 1390 gistratus
645 1345 783 1383 urbium,
805 1346 868 1376 una
894 1354 965 1376 cum
990 1343 1204 1377 litteratorum

466 1400 652 1445 pi‘aefectiS,
671 1409 799 1432 necnon
821 1398 985 1441 graduatis
1010 1408 1064 1431 seu
1092 1398 1205 1431 docto-

466 1454 556 1487 ribus
574 1452 738 1491 litteratis,
756 1451 804 1484 bis
822 1452 854 1484 in
874 1462 969 1491 anno,
988 1462 1104 1495 nempe
1120 1451 1206 1484 circa

467 1506 706 1550 aequinoctium
736 1505 818 1537 veris
844 1510 875 1537 et
900 1504 1055 1542 autumni,
1082 1505 1204 1537 ibidem

466 1562 647 1593 solemnem
683 1558 882 1591 oblationem
920 1568 974 1590 seu
1012 1557 1204 1590 sacrificium

467 1618 639 1656 peragunt,
659 1612 691 1643 in
710 1621 772 1654 quo
791 1622 808 1644 a
825 1611 974 1644 ministro
1000 1617 1031 1643 et
1056 1612 1206 1644 assisten-

468 1667 552 1699 tibus
577 1676 649 1697 cuin
675 1665 769 1697 variis
794 1664 1078 1707 genuflexionibus
1105 1670 1136 1697 et
1161 1665 1207 1696 in-

467 1719 715 1757 clinationibus,
742 1718 902 1759 dirigente
929 1717 1206 1750 caeremoniarum

467 1772 634 1813 magistro,
663 1776 735 1803 ante
761 1771 912 1803 tabellam
937 1769 1083 1803 Confueii
1109 1780 1207 1813 supra

467 1836 610 1858 mensam
638 1835 696 1857 seu
722 1825 823 1856 altare
850 1824 1037 1867 expositam,
1063 1824 1208 1856 candelis

468 1878 622 1918 accensis,
650 1888 720 1910 cum
748 1877 884 1909 odorum
912 1877 1028 1917 suffitu,
1051 1877 1207 1911 immolati

467 1942 524 1964 seu
552 1930 741 1963 immolandi
767 1929 916 1962 animalis
941 1930 1071 1972 sanguis
1099 1941 1133 1962 ac
1150 1929 1207 1973 pili

469 1984 657 2024 offeruntur,
676 1994 710 2016 nc
729 1983 847 2016 deiude
867 1988 972 2016 terrae
993 1983 1207 2023 infodiuntur,

468 2037 611 2080 itemque
637 2036 735 2079 pauni
763 2036 875 2075 serici,
902 2036 955 2079 qui
981 2041 1094 2079 postea
1120 2042 1210 2069 extra

469 2091 626 2132 templum
652 2099 708 2121 seu
735 2090 847 2122 aedem
873 2089 904 2121 in
932 2088 1079 2132 proximo
1114 2089 1207 2130 atrio,

470 2153 606 2175 accenso
633 2142 715 2184 igue,
735 2143 979 2176 comburuntur.
1002 2143 1081 2176 Item
1099 2143 1209 2175 vinum

470 2195 600 2234 libatur,
622 2195 801 2227 occisorum
821 2195 1017 2234 animalium,
1037 2196 1102 2228 suis
1121 2196 1209 2229 vide-

470 2248 554 2287 licet,
572 2258 702 2290 caprae,
722 2258 777 2280 scu
796 2249 892 2288 cervi,
913 2255 944 2281 ct
959 2248 1125 2289 similium,
1143 2260 1212 2282 car-

471 2312 528 2333 nes
553 2301 772 2340 immolantur,
807 2312 886 2344 quae
912 2302 996 2333 inter
1021 2302 1210 2335 assistentes

472 2360 504 2386 et
527 2353 619 2392 alios,
637 2356 764 2395 peracta
782 2354 948 2387 oblatione
967 2365 1021 2387 scu
1041 2355 1210 2395 sacrificio,

472 2406 720 2446 distribuuntur,
739 2412 769 2437 et
785 2407 823 2438 ab
842 2408 992 2440 omnibus
1009 2408 1115 2451 magni
1133 2408 1211 2441 fiunt

472 2465 502 2492 et
526 2459 754 2491 comeduntur.
774 2460 855 2491 Ante
882 2461 989 2493 onmia
1014 2466 1122 2494 autem
1146 2461 1210 2494 iam

473 2524 490 2545 a
520 2512 681 2556 principio
713 2512 855 2546 Confucii
886 2514 1018 2557 spiritus
1049 2515 1209 2556 invitatur,

473 2572 508 2600 ut
526 2567 620 2608 adsit,
646 2566 887 2610 immolatisque
910 2567 1041 2609 truatur,
1061 2569 1212 2602 veniens-

1033 171 1213 196 BULLARIUM
1237 170 1393 196 ROMANUM

1239 231 1302 265 que
1328 222 1367 255 ad
1401 220 1601 255 oblationem
1639 219 1734 253 certis
1764 216 1980 252 caeremoniis

1239 276 1408 319 recipitur,
1436 276 1544 319 eique,
1578 273 1738 319 quidquid
1764 273 1796 306 in
1821 271 1980 306 sacrificio

1240 329 1371 372 geritur,
1398 335 1562 373 tamquam
1596 327 1758 371 praesenti
1792 326 1825 359 in
1861 326 1981 359 tabella

1240 376 1451 426 significatur.
1480 381 1634 415 Ministris
1654 381 1888 414 nonnullorum
1906 384 1981 412 ante

1240 434 1432 468 sacrificium
1469 435 1596 468 dierum
1632 433 1754 466 ieiunia
1787 438 1818 466 et
1842 443 1859 465 a
1884 432 1981 465 thoro

1241 488 1402 530 coniugali
1429 488 1626 521 abstinentia
1652 486 1785 530 publico
1802 485 1865 518 ritu
1889 495 1982 529 prae-

1241 541 1359 584 scripta
1384 546 1470 574 sunt.
1497 540 1625 574 Hostias
1650 539 1883 580 immolandas,
1909 538 1982 572 suso

1241 594 1274 627 in
1300 605 1410 627 earum
1437 594 1588 627 auriculis
1619 592 1781 637 probandi
1819 594 1914 625 causa
1945 592 1984 625 li-

1243 658 1342 690 quore
1361 647 1513 691 quodam,
1530 657 1585 680 seu
1603 647 1677 679 vino
1696 645 1811 686 calido,
1826 644 1982 688 seligunt.

1243 700 1368 734 Oblatio
1388 700 1501 744 incipit
1526 706 1602 744 post
1627 700 1765 744 primum
1791 704 1844 731 aut
1869 708 1986 732 secun-

1244 753 1321 786 dum
1341 754 1417 797 galli
1443 760 1584 794 cantum,
1605 759 1636 787 et
1654 763 1781 786 summo
1806 763 1901 786 mane
1927 757 1986 786 ter-

1245 807 1397 840 minatur.
1424 807 1580 850 Spiritum
1606 806 1763 846 Confucii‚
1781 805 1871 839 finita
1896 806 1986 840 obla-

1245 860 1345 901 tione,
1371 862 1556 901 abeuntem,
1574 866 1666 903 grato
1692 860 1811 901 animo,
1833 871 1870 894 ac
1888 859 1985 893 certis

1245 915 1419 947 verborum
1434 915 1591 953 formulis,
1609 919 1863 957 prosequuntur,
1883 918 1915 946 et
1931 913 1986 946 ad·

1246 969 1405 1002 stantibus
1432 968 1594 1007 omnibns,
1620 973 1794 1009 antequam
1822 966 1987 1000 dimittan-

1249 1027 1306 1061 tur,
1333 1022 1374 1054 ob
1401 1020 1595 1054 sacrificium
1627 1021 1713 1053 bene
1746 1024 1915 1062 peractum
1941 1020 1988 1053 fe-

1247 1074 1385 1107 licitates
1421 1073 1581 1116 plurimae
1617 1072 1863 1115 promittuntur,
1890 1078 1989 1115 prout

1248 1127 1279 1159 in
1304 1126 1412 1159 rituali
1435 1126 1480 1158 Ta
1497 1126 1590 1168 Minq
1608 1125 1697 1168 Hoey
1720 1125 1810 1165 Tien,
1832 1130 1917 1159 tomo
1932 1136 1989 1159 seu

1247 1185 1382 1212 tractatu
1408 1189 1468 1218 xci,
1502 1179 1534 1211 in
1564 1178 1785 1222 descriptione
1811 1178 1988 1212 oblationis

1248 1233 1416 1266 faciendae
1435 1232 1600 1273 Confucio,
1620 1233 1706 1276 apud
1725 1237 1852 1275 patrem
1877 1243 1894 1264 a
1914 1232 1990 1265 Leo-

1247 1288 1347 1320 nissa.
1375 1286 1482 1319 Videri
1510 1290 1650 1330 possunt
1672 1285 1851 1329 respective
1878 1284 1942 1328 (ὣς

1288 1352 1328 1388 (o)
1357 1352 1498 1387 BARTOLI,
1530 1350 1578 1378 La
1612 1348 1695 1386 Cina,
1730 1351 1806 1387 part.
1828 1358 1877 1386 111,
1898 1348 1947 1377 lib.
1969 1358 1990 1386 1,

1248 1409 1313 1438 pag.
1325 1401 1356 1428 71
1369 1410 1375 1436 ;
1390 1399 1536 1433 Kinennss,
1552 1399 1582 1426 in
1597 1397 1687 1428 Clzz'na
1698 1398 1934 1435 illustratafflart.
1947 1406 1990 1431 111¹

1248 1458 1312 1487 cap.
1332 1458 1359 1485 x,
1374 1459 1400 1487 p.
1419 1450 1473 1477 132
1489 1457 1495 1484 3
1518 1448 1560 1476 LE
1576 1448 1718 1484 Tnmumz,
1735 1448 1804 1475 tom.
1825 1456 1855 1483 11,
1879 1455 1906 1483 p.
1924 1447 1991 1484 274,

1249 1500 1263 1535 ἓ
1293 1498 1370 1527 Voles
1392 1498 1490 1534 ctirae3
1513 1497 1621 1533 Lorcz,
1645 1505 1708 1533 cap.
1732 1505 1750 1522 v
1772 1496 1816 1525 De
1842 1493 1990 1533 Confucio,

1248 1556 1328 1575 num.
1352 1556 1399 1583 Lx,
1422 1545 1500 1573 cirea
1522 1545 1601 1573 med.
1625 1554 1695 1582 pag.
1719 1545 1767 1573 64.

1308 1603 1440 1636 Praeter
1473 1601 1657 1644 praedictas
1693 1600 1786 1634 binas
1823 1601 1989 1634 solemnes

1250 1655 1440 1694 oblationes,
1460 1654 1541 1687 aliae
1567 1653 1673 1686 minus
1691 1654 1855 1686 solemnes
1874 1654 1991 1687 eodem

1250 1710 1282 1742 in
1308 1711 1391 1746 loco,
1417 1719 1473 1741 seu
1501 1708 1633 1751 quidam
1653 1707 1708 1740 alii
1734 1707 1812 1739 ritus
1830 1712 1862 1740 et
1885 1718 1993 1740 caere-

1250 1762 1377 1795 moniae
1395 1761 1426 1793 in
1445 1761 1588 1794 eiusdem
1600 1759 1746 1793 Confucii
1762 1760 1920 1793 honorem
1934 1765 1994 1793 sta-

1252 1816 1327 1849 tutis
1351 1814 1556 1858 temporibus
1577 1818 1789 1856 peraguntur,
1808 1818 1873 1845 tum
1898 1823 1915 1845 a
1932 1823 1993 1846 ma-

1250 1869 1438 1913 gistratibus
1467 1878 1524 1901 seu
1548 1865 1824 1910 gubernatoribus
1851 1866 1993 1906 urbium,

1253 1930 1318 1957 tum
1345 1934 1361 1956 a
1386 1921 1521 1966 reliquis
1545 1920 1708 1961 litteratis,
1733 1920 1773 1953 de
1799 1920 1915 1963 quibus
1932 1920 1992 1954 etsi

1252 1977 1419 2021 speciatim
1454 1986 1471 2008 a
1502 1974 1625 2007 vicario
1651 1973 1830 2017 apostolico
1857 1973 1994 2018 Maigrot

1252 2030 1374 2063 mentio
1413 2030 1493 2062 facta
1525 2038 1591 2061 non
1628 2027 1742 2066 suerit,
1768 2027 1991 2067 nihilominus,

1253 2084 1328 2128 quia
1354 2083 1384 2116 in
1412 2081 1567 2126 quaesitis
1592 2081 1692 2124 patris
1721 2080 1862 2114 Martinii
1886 2079 1993 2114 Socie-

1254 2138 1325 2171 tatis
1340 2137 1410 2170 lesu
1433 2135 1540 2179 aliqua
1556 2136 1669 2168 saltem
1689 2134 1835 2177 exposita
1848 2134 1992 2173 fuerunt,

1252 2191 1304 2224 hic
1329 2190 1416 2223 aliud
1435 2189 1620 2232 quaesitum
1638 2187 1676 2220 ad
1694 2197 1763 2220 rem
1787 2186 1905 2220 clarius
1925 2187 1994 2220 elu-

1254 2243 1424 2277 cidandam
1449 2241 1646 2275 instituitur:

1296 2311 1332 2334 11.
1358 2300 1459 2343 Igitur
1484 2299 1663 2342 quaeritur,
1689 2308 1729 2330 nn
1755 2296 1994 2336 caeremoniae,

1253 2355 1333 2388 ritus
1347 2359 1377 2386 et
1392 2352 1575 2386 oblationes
1589 2351 1694 2383 minus
1709 2351 1884 2390 solemnes,
1912 2360 1993 2394 quae

1254 2407 1332 2440 fiunt
1363 2406 1395 2439 in
1429 2406 1589 2438 honorem
1622 2403 1767 2436 eiusdem
1794 2402 1949 2443 Confucii‚
1975 2413 1993 2435 a

1254 2458 1439 2494 christianis
1465 2458 1551 2491 licite
1577 2456 1722 2490 exerceri
1744 2461 1774 2489 et
1795 2455 1905 2500 peragi
1924 2466 1995 2499 pos-

1255 2514 1319 2547 sint
1343 2513 1375 2545 in
1398 2513 1469 2545 loco
1494 2511 1650 2555 praefato.

1298 2566 1391 2600 Ratio
1411 2564 1731 2609 dubitandi,praeter
1748 2563 1832 2599 dicta
1850 2563 1882 2596 in
1899 2572 1993 2608 prae-

1981 169 2031 197 Au.
2052 171 2081 198 C.
2103 169 2173 199 ¹704

2029 1615 2081 1636 nom
2092 1615 2118 1637 de
2128 1615 2186 1637 obla-

2003 1642 2094 1662 tionibus
2117 1643 2187 1663 minu·

2002 1669 2129 1690 solemnibus
2140 1685 2146 1694 ,
2160 1674 2187 1690 88

2002 1695 2085 1716 ritibus.
