<?xml version="1.0" encoding="UTF-8"?>
<!DOCTYPE html PUBLIC "-//W3C//DTD XHTML 1.0 Transitional//EN"
    "http://www.w3.org/TR/xhtml1/DTD/xhtml1-transitional.dtd">
<html xmlns="http://www.w3.org/1999/xhtml" xml:lang="en" lang="en">
 <head>
  <title>
</title>
<meta http-equiv="Content-Type" content="text/html;charset=utf-8" />
  <meta name='ocr-system' content='tesseract 3.04.00' />
  <meta name='ocr-capabilities' content='ocr_page ocr_carea ocr_par ocr_line ocrx_word'/>
</head>
<body>
  <div class='ocr_page' id='page_1' title='image "./bullarumdiplomat21cath_0334.png"; bbox 0 0 2269 3203; ppageno 0'>
   <div class='ocr_carea' id='block_1_1' title="bbox 246 184 543 223">
    <p class='ocr_par' dir='ltr' id='par_1_1' title="bbox 246 184 543 223">
     <span class='ocr_line' id='line_1_1' title="bbox 246 184 543 223; baseline -0.007 -3"><span class='ocrx_word' id='word_1_1' title='bbox 246 193 295 223; x_wconf 65' lang='lat' dir='ltr'>An.</span> <span class='ocrx_word' id='word_1_2' title='bbox 316 193 343 219; x_wconf 84' lang='lat' dir='ltr'>c.</span> <span class='ocrx_word' id='word_1_3' title='bbox 369 193 433 221; x_wconf 72' lang='lat'><strong>¹707</strong></span> <span class='ocrx_word' id='word_1_4' title='bbox 478 184 543 218; x_wconf 62' lang='lat' dir='ltr'>927ss</span> 
     </span>
    </p>
   </div>
   <div class='ocr_carea' id='block_1_2' title="bbox 434 243 1204 2635">
    <p class='ocr_par' dir='ltr' id='par_1_2' title="bbox 434 243 1203 2366">
     <span class='ocr_line' id='line_1_2' title="bbox 437 243 1178 287; baseline 0.007 -12"><span class='ocrx_word' id='word_1_5' title='bbox 437 243 555 284; x_wconf 86' lang='lat' dir='ltr'>ctabat,</span> <span class='ocrx_word' id='word_1_6' title='bbox 582 243 713 287; x_wconf 85' lang='lat' dir='ltr'>publico</span> <span class='ocrx_word' id='word_1_7' title='bbox 738 243 844 279; x_wconf 86' lang='lat' dir='ltr'>edicto</span> <span class='ocrx_word' id='word_1_8' title='bbox 870 245 921 279; x_wconf 88' lang='lat' dir='ltr'>die</span> <span class='ocrx_word' id='word_1_9' title='bbox 947 256 1019 280; x_wconf 87' lang='lat' dir='ltr'>xxv1</span> <span class='ocrx_word' id='word_1_10' title='bbox 1048 256 1178 280; x_wconf 89' lang='lat' dir='ltr'>novem-</span> 
     </span>
     <span class='ocr_line' id='line_1_3' title="bbox 436 295 1177 333; baseline 0.007 -5"><span class='ocrx_word' id='word_1_11' title='bbox 436 295 503 329; x_wconf 83' lang='lat' dir='ltr'><strong>bris</strong></span> <span class='ocrx_word' id='word_1_12' title='bbox 542 307 695 332; x_wconf 81' lang='lat' dir='ltr'>Mncxcvn</span> <span class='ocrx_word' id='word_1_13' title='bbox 741 299 830 332; x_wconf 87' lang='lat' dir='ltr'>edito</span> <span class='ocrx_word' id='word_1_14' title='bbox 882 300 983 332; x_wconf 87' lang='lat' dir='ltr'>vetuit</span> <span class='ocrx_word' id='word_1_15' title='bbox 1027 300 1177 333; x_wconf 88' lang='lat' dir='ltr'>omnibus</span> 
     </span>
     <span class='ocr_line' id='line_1_4' title="bbox 437 350 1200 397; baseline 0.007 -16"><span class='ocrx_word' id='word_1_16' title='bbox 437 350 585 391; x_wconf 87' lang='lat' dir='ltr'>subditis,</span> <span class='ocrx_word' id='word_1_17' title='bbox 612 362 653 384; x_wconf 91' lang='lat' dir='ltr'>ne</span> <span class='ocrx_word' id='word_1_18' title='bbox 679 362 737 395; x_wconf 90' lang='lat' dir='ltr'>pro</span> <span class='ocrx_word' id='word_1_19' title='bbox 756 353 821 385; x_wconf 76' lang='lat' dir='ltr'>ulla</span> <span class='ocrx_word' id='word_1_20' title='bbox 837 355 934 386; x_wconf 80' lang='lat' dir='ltr'>causa</span> <span class='ocrx_word' id='word_1_21' title='bbox 952 358 1177 397; x_wconf 74' lang='lat' dir='ltr'>comparerent</span> <span class='ocrx_word' id='word_1_22' title='bbox 1199 360 1200 372; x_wconf 67' lang='lat'>¹</span> 
     </span>
     <span class='ocr_line' id='line_1_5' title="bbox 437 402 1176 448; baseline 0.007 -14"><span class='ocrx_word' id='word_1_23' title='bbox 437 402 469 435; x_wconf 91' lang='lat' dir='ltr'>in</span> <span class='ocrx_word' id='word_1_24' title='bbox 497 403 648 437; x_wconf 85' lang='lat' dir='ltr'>tribunali</span> <span class='ocrx_word' id='word_1_25' title='bbox 675 405 818 448; x_wconf 80' lang='lat' dir='ltr'>episcopi</span> <span class='ocrx_word' id='word_1_26' title='bbox 839 405 1102 447; x_wconf 82' lang='lat' dir='ltr'>Ventimiliensis,</span> <span class='ocrx_word' id='word_1_27' title='bbox 1119 408 1176 439; x_wconf 88' lang='lat' dir='ltr'>sub</span> 
     </span>
     <span class='ocr_line' id='line_1_6' title="bbox 436 457 1178 502; baseline 0.005 -14"><span class='ocrx_word' id='word_1_28' title='bbox 436 459 544 498; x_wconf 74' lang='lat' dir='ltr'>poena</span> <span class='ocrx_word' id='word_1_29' title='bbox 561 457 749 500; x_wconf 79' lang='lat' dir='ltr'>privationis</span> <span class='ocrx_word' id='word_1_30' title='bbox 766 458 885 501; x_wconf 77' lang='lat' dir='ltr'>gratiae</span> <span class='ocrx_word' id='word_1_31' title='bbox 903 458 1071 502; x_wconf 86' lang='lat' dir='ltr'>principis,</span> <span class='ocrx_word' id='word_1_32' title='bbox 1092 470 1178 492; x_wconf 90' lang='lat' dir='ltr'>eum-</span> 
     </span>
     <span class='ocr_line' id='line_1_7' title="bbox 437 509 1178 553; baseline 0.005 -12"><span class='ocrx_word' id='word_1_33' title='bbox 437 509 576 552; x_wconf 83' lang='lat' dir='ltr'>demque</span> <span class='ocrx_word' id='word_1_34' title='bbox 619 510 809 553; x_wconf 87' lang='lat' dir='ltr'>episcopum</span> <span class='ocrx_word' id='word_1_35' title='bbox 851 512 979 544; x_wconf 90' lang='lat' dir='ltr'>monuit</span> <span class='ocrx_word' id='word_1_36' title='bbox 1021 517 1055 545; x_wconf 91' lang='lat' dir='ltr'>ut</span> <span class='ocrx_word' id='word_1_37' title='bbox 1094 513 1178 545; x_wconf 86' lang='lat' dir='ltr'>intra</span> 
     </span>
     <span class='ocr_line' id='line_1_8' title="bbox 438 563 1178 608; baseline 0.005 -14"><span class='ocrx_word' id='word_1_38' title='bbox 438 563 612 595; x_wconf 89' lang='lat' dir='ltr'>terminum</span> <span class='ocrx_word' id='word_1_39' title='bbox 638 563 750 606; x_wconf 80' lang='lat' dir='ltr'>viginti</span> <span class='ocrx_word' id='word_1_40' title='bbox 777 564 903 597; x_wconf 88' lang='lat' dir='ltr'>dierum</span> <span class='ocrx_word' id='word_1_41' title='bbox 930 566 1103 608; x_wconf 85' lang='lat' dir='ltr'>deputaret</span> <span class='ocrx_word' id='word_1_42' title='bbox 1135 567 1178 598; x_wconf 85' lang='lat' dir='ltr'>vi-</span> 
     </span>
     <span class='ocr_line' id='line_1_9' title="bbox 437 616 1177 660; baseline 0.005 -12"><span class='ocrx_word' id='word_1_43' title='bbox 437 616 557 649; x_wconf 88' lang='lat' dir='ltr'>carium</span> <span class='ocrx_word' id='word_1_44' title='bbox 584 616 616 649; x_wconf 89' lang='lat' dir='ltr'>in</span> <span class='ocrx_word' id='word_1_45' title='bbox 642 623 732 660; x_wconf 86' lang='lat' dir='ltr'>parte</span> <span class='ocrx_word' id='word_1_46' title='bbox 759 627 837 650; x_wconf 90' lang='lat' dir='ltr'>suae</span> <span class='ocrx_word' id='word_1_47' title='bbox 859 618 1016 651; x_wconf 87' lang='lat' dir='ltr'>dioecesis</span> <span class='ocrx_word' id='word_1_48' title='bbox 1030 619 1177 652; x_wconf 88' lang='lat' dir='ltr'>subditae</span> 
     </span>
     <span class='ocr_line' id='line_1_10' title="bbox 435 669 1179 714; baseline 0.005 -12"><span class='ocrx_word' id='word_1_49' title='bbox 435 669 469 702; x_wconf 89' lang='lat' dir='ltr'>in</span> <span class='ocrx_word' id='word_1_50' title='bbox 497 671 731 714; x_wconf 70' lang='lat' dir='ltr'>temporalibus</span> <span class='ocrx_word' id='word_1_51' title='bbox 750 671 865 704; x_wconf 88' lang='lat' dir='ltr'>ditioni</span> <span class='ocrx_word' id='word_1_52' title='bbox 883 671 1022 705; x_wconf 80' lang='lat' dir='ltr'>Niciensi</span> <span class='ocrx_word' id='word_1_53' title='bbox 1042 684 1115 706; x_wconf 91' lang='lat' dir='ltr'>cum</span> <span class='ocrx_word' id='word_1_54' title='bbox 1135 674 1179 706; x_wconf 85' lang='lat' dir='ltr'>fa-</span> 
     </span>
     <span class='ocr_line' id='line_1_11' title="bbox 436 724 1177 759; baseline 0.005 -4"><span class='ocrx_word' id='word_1_55' title='bbox 436 724 556 756; x_wconf 85' lang='lat' dir='ltr'>cultate</span> <span class='ocrx_word' id='word_1_56' title='bbox 572 724 745 757; x_wconf 88' lang='lat' dir='ltr'>decidendi</span> <span class='ocrx_word' id='word_1_57' title='bbox 763 734 875 758; x_wconf 87' lang='lat' dir='ltr'>omnes</span> <span class='ocrx_word' id='word_1_58' title='bbox 892 735 1003 758; x_wconf 81' lang='lat' dir='ltr'>causas</span> <span class='ocrx_word' id='word_1_59' title='bbox 1024 731 1085 758; x_wconf 91' lang='lat' dir='ltr'>tam</span> <span class='ocrx_word' id='word_1_60' title='bbox 1106 737 1177 759; x_wconf 91' lang='lat' dir='ltr'>con-</span> 
     </span>
     <span class='ocr_line' id='line_1_12' title="bbox 436 776 1179 822; baseline 0.007 -14"><span class='ocrx_word' id='word_1_61' title='bbox 436 776 591 809; x_wconf 86' lang='lat' dir='ltr'>tentiosas</span> <span class='ocrx_word' id='word_1_62' title='bbox 618 788 712 820; x_wconf 88' lang='lat' dir='ltr'>quam</span> <span class='ocrx_word' id='word_1_63' title='bbox 733 778 903 821; x_wconf 81' lang='lat' dir='ltr'>gratiosas,</span> <span class='ocrx_word' id='word_1_64' title='bbox 926 779 985 811; x_wconf 87' lang='lat' dir='ltr'>sub</span> <span class='ocrx_word' id='word_1_65' title='bbox 1006 782 1112 822; x_wconf 81' lang='lat' dir='ltr'>poena</span> <span class='ocrx_word' id='word_1_66' title='bbox 1130 790 1179 813; x_wconf 89' lang='lat' dir='ltr'>re-</span> 
     </span>
     <span class='ocr_line' id='line_1_13' title="bbox 436 830 1177 877; baseline 0.005 -15"><span class='ocrx_word' id='word_1_67' title='bbox 436 830 596 863; x_wconf 87' lang='lat' dir='ltr'>ductionis</span> <span class='ocrx_word' id='word_1_68' title='bbox 620 830 783 864; x_wconf 88' lang='lat' dir='ltr'>bonorum</span> <span class='ocrx_word' id='word_1_69' title='bbox 808 843 825 864; x_wconf 89' lang='lat' dir='ltr'>a</span> <span class='ocrx_word' id='word_1_70' title='bbox 855 834 967 864; x_wconf 79' lang='lat' dir='ltr'>mensa</span> <span class='ocrx_word' id='word_1_71' title='bbox 998 833 1177 877; x_wconf 84' lang='lat' dir='ltr'>episcopali</span> 
     </span>
     <span class='ocr_line' id='line_1_14' title="bbox 435 885 1177 927; baseline 0.004 -12"><span class='ocrx_word' id='word_1_72' title='bbox 435 892 683 925; x_wconf 87' lang='lat' dir='ltr'>possessorum,</span> <span class='ocrx_word' id='word_1_73' title='bbox 708 894 847 927; x_wconf 87' lang='lat' dir='ltr'>quorum</span> <span class='ocrx_word' id='word_1_74' title='bbox 880 885 1034 918; x_wconf 76' lang='lat' dir='ltr'>fruitione</span> <span class='ocrx_word' id='word_1_75' title='bbox 1060 886 1177 918; x_wconf 88' lang='lat' dir='ltr'>deinde</span> 
     </span>
     <span class='ocr_line' id='line_1_15' title="bbox 435 934 1177 981; baseline 0.007 -15"><span class='ocrx_word' id='word_1_76' title='bbox 435 934 540 967; x_wconf 85' lang='lat' dir='ltr'>dictus</span> <span class='ocrx_word' id='word_1_77' title='bbox 566 935 741 979; x_wconf 87' lang='lat' dir='ltr'>episcopus</span> <span class='ocrx_word' id='word_1_78' title='bbox 767 938 807 970; x_wconf 86' lang='lat' dir='ltr'>ol)</span> <span class='ocrx_word' id='word_1_79' title='bbox 823 947 888 970; x_wconf 87' lang='lat' dir='ltr'>non</span> <span class='ocrx_word' id='word_1_80' title='bbox 907 938 1022 970; x_wconf 84' lang='lat' dir='ltr'>factam</span> <span class='ocrx_word' id='word_1_81' title='bbox 1042 938 1177 981; x_wconf 88' lang='lat' dir='ltr'>petitam</span> 
     </span>
     <span class='ocr_line' id='line_1_16' title="bbox 435 988 1179 1034; baseline 0.007 -15"><span class='ocrx_word' id='word_1_82' title='bbox 435 988 684 1030; x_wconf 80' lang='lat' dir='ltr'>deputationem</span> <span class='ocrx_word' id='word_1_83' title='bbox 710 990 770 1022; x_wconf 89' lang='lat' dir='ltr'>fuit</span> <span class='ocrx_word' id='word_1_84' title='bbox 795 1001 853 1033; x_wconf 90' lang='lat' dir='ltr'>per</span> <span class='ocrx_word' id='word_1_85' title='bbox 878 991 1016 1023; x_wconf 86' lang='lat' dir='ltr'>abusum</span> <span class='ocrx_word' id='word_1_86' title='bbox 1035 996 1179 1034; x_wconf 88' lang='lat' dir='ltr'>potesta-</span> 
     </span>
     <span class='ocr_line' id='line_1_17' title="bbox 435 1041 1178 1088; baseline 0.007 -16"><span class='ocrx_word' id='word_1_87' title='bbox 435 1041 475 1073; x_wconf 92' lang='lat' dir='ltr'>tis</span> <span class='ocrx_word' id='word_1_88' title='bbox 501 1041 624 1074; x_wconf 89' lang='lat' dir='ltr'>laicalis</span> <span class='ocrx_word' id='word_1_89' title='bbox 645 1042 806 1075; x_wconf 88' lang='lat' dir='ltr'>violenter</span> <span class='ocrx_word' id='word_1_90' title='bbox 841 1044 985 1087; x_wconf 86' lang='lat' dir='ltr'>privatus</span> <span class='ocrx_word' id='word_1_91' title='bbox 1008 1055 1014 1076; x_wconf 89' lang='lat'>:</span> <span class='ocrx_word' id='word_1_92' title='bbox 1049 1048 1178 1088; x_wconf 88' lang='lat' dir='ltr'>praete-</span> 
     </span>
     <span class='ocr_line' id='line_1_18' title="bbox 434 1094 1178 1131; baseline 0.005 -5"><span class='ocrx_word' id='word_1_93' title='bbox 434 1103 490 1126; x_wconf 84' lang='lat' dir='ltr'>rea</span> <span class='ocrx_word' id='word_1_94' title='bbox 516 1094 628 1127; x_wconf 89' lang='lat' dir='ltr'>eodem</span> <span class='ocrx_word' id='word_1_95' title='bbox 654 1105 740 1127; x_wconf 89' lang='lat' dir='ltr'>anno</span> <span class='ocrx_word' id='word_1_96' title='bbox 766 1105 919 1129; x_wconf 76' lang='lat' dir='ltr'>mncxcvll</span> <span class='ocrx_word' id='word_1_97' title='bbox 937 1097 1023 1129; x_wconf 91' lang='lat' dir='ltr'>idem</span> <span class='ocrx_word' id='word_1_98' title='bbox 1046 1103 1178 1131; x_wconf 86' lang='lat' dir='ltr'>senatus</span> 
     </span>
     <span class='ocr_line' id='line_1_19' title="bbox 434 1146 1177 1184; baseline 0.008 -6"><span class='ocrx_word' id='word_1_99' title='bbox 434 1146 595 1180; x_wconf 87' lang='lat' dir='ltr'>Niciensis</span> <span class='ocrx_word' id='word_1_100' title='bbox 621 1148 788 1181; x_wconf 87' lang='lat' dir='ltr'>mandavit</span> <span class='ocrx_word' id='word_1_101' title='bbox 813 1154 888 1182; x_wconf 89' lang='lat' dir='ltr'>tunc</span> <span class='ocrx_word' id='word_1_102' title='bbox 914 1150 1065 1183; x_wconf 83' lang='lat' dir='ltr'>existenti</span> <span class='ocrx_word' id='word_1_103' title='bbox 1092 1151 1177 1184; x_wconf 88' lang='lat' dir='ltr'>vica-</span> 
     </span>
     <span class='ocr_line' id='line_1_20' title="bbox 434 1201 1176 1247; baseline 0.007 -14"><span class='ocrx_word' id='word_1_104' title='bbox 434 1201 483 1233; x_wconf 87' lang='lat' dir='ltr'>rio</span> <span class='ocrx_word' id='word_1_105' title='bbox 518 1201 654 1235; x_wconf 86' lang='lat' dir='ltr'>foraneo</span> <span class='ocrx_word' id='word_1_106' title='bbox 686 1203 749 1235; x_wconf 90' lang='lat' dir='ltr'>loci</span> <span class='ocrx_word' id='word_1_107' title='bbox 783 1202 949 1247; x_wconf 89' lang='lat' dir='ltr'>Sospelli,</span> <span class='ocrx_word' id='word_1_108' title='bbox 985 1210 1020 1237; x_wconf 88' lang='lat' dir='ltr'>ut</span> <span class='ocrx_word' id='word_1_109' title='bbox 1053 1215 1176 1247; x_wconf 76' lang='lat' dir='ltr'>cogno-</span> 
     </span>
     <span class='ocr_line' id='line_1_21' title="bbox 435 1256 1176 1301; baseline 0.007 -15"><span class='ocrx_word' id='word_1_110' title='bbox 435 1259 541 1287; x_wconf 88' lang='lat' dir='ltr'>sceret</span> <span class='ocrx_word' id='word_1_111' title='bbox 561 1265 675 1288; x_wconf 89' lang='lat' dir='ltr'>omnes</span> <span class='ocrx_word' id='word_1_112' title='bbox 695 1265 815 1296; x_wconf 80' lang='lat' dir='ltr'>causas,</span> <span class='ocrx_word' id='word_1_113' title='bbox 831 1261 863 1289; x_wconf 89' lang='lat' dir='ltr'>et</span> <span class='ocrx_word' id='word_1_114' title='bbox 881 1256 961 1297; x_wconf 85' lang='lat' dir='ltr'>illas,</span> <span class='ocrx_word' id='word_1_115' title='bbox 981 1268 1041 1300; x_wconf 90' lang='lat' dir='ltr'>pro</span> <span class='ocrx_word' id='word_1_116' title='bbox 1060 1257 1176 1301; x_wconf 87' lang='lat' dir='ltr'>quibus</span> 
     </span>
     <span class='ocr_line' id='line_1_22' title="bbox 435 1307 1177 1349; baseline 0.007 -10"><span class='ocrx_word' id='word_1_117' title='bbox 435 1307 463 1340; x_wconf 90' lang='lat' dir='ltr'>ei</span> <span class='ocrx_word' id='word_1_118' title='bbox 490 1307 665 1341; x_wconf 77' lang='lat' dir='ltr'>defecisset</span> <span class='ocrx_word' id='word_1_119' title='bbox 688 1308 874 1349; x_wconf 79' lang='lat' dir='ltr'>auctoritas,</span> <span class='ocrx_word' id='word_1_120' title='bbox 901 1311 1066 1343; x_wconf 79' lang='lat' dir='ltr'>concessis</span> <span class='ocrx_word' id='word_1_121' title='bbox 1091 1313 1177 1344; x_wconf 86' lang='lat' dir='ltr'>testi-</span> 
     </span>
     <span class='ocr_line' id='line_1_23' title="bbox 434 1359 1176 1405; baseline 0.007 -13"><span class='ocrx_word' id='word_1_122' title='bbox 434 1359 642 1401; x_wconf 75' lang='lat' dir='ltr'>monialibus,</span> <span class='ocrx_word' id='word_1_123' title='bbox 670 1361 709 1394; x_wconf 88' lang='lat' dir='ltr'>ad</span> <span class='ocrx_word' id='word_1_124' title='bbox 736 1367 810 1394; x_wconf 88' lang='lat' dir='ltr'>tunc</span> <span class='ocrx_word' id='word_1_125' title='bbox 835 1363 958 1405; x_wconf 86' lang='lat' dir='ltr'>pariter</span> <span class='ocrx_word' id='word_1_126' title='bbox 984 1363 1176 1397; x_wconf 74' lang='lat' dir='ltr'>existentem</span> 
     </span>
     <span class='ocr_line' id='line_1_24' title="bbox 434 1414 1178 1456; baseline 0.007 -10"><span class='ocrx_word' id='word_1_127' title='bbox 434 1414 589 1447; x_wconf 87' lang='lat' dir='ltr'>nuncium</span> <span class='ocrx_word' id='word_1_128' title='bbox 615 1414 850 1449; x_wconf 88' lang='lat' dir='ltr'>Taurinensem</span> <span class='ocrx_word' id='word_1_129' title='bbox 876 1416 1069 1450; x_wconf 88' lang='lat' dir='ltr'>remitteret.</span> <span class='ocrx_word' id='word_1_130' title='bbox 1097 1417 1178 1456; x_wconf 84' lang='lat' dir='ltr'>Quo-</span> 
     </span>
     <span class='ocr_line' id='line_1_25' title="bbox 435 1467 1177 1514; baseline 0.007 -15"><span class='ocrx_word' id='word_1_131' title='bbox 435 1467 520 1499; x_wconf 83' lang='lat' dir='ltr'>circa</span> <span class='ocrx_word' id='word_1_132' title='bbox 538 1467 643 1500; x_wconf 88' lang='lat' dir='ltr'>dictus</span> <span class='ocrx_word' id='word_1_133' title='bbox 661 1468 845 1512; x_wconf 83' lang='lat' dir='ltr'>episcopus,</span> <span class='ocrx_word' id='word_1_134' title='bbox 869 1475 1041 1512; x_wconf 81' lang='lat' dir='ltr'>postquam</span> <span class='ocrx_word' id='word_1_135' title='bbox 1056 1471 1177 1514; x_wconf 84' lang='lat' dir='ltr'>spatio-</span> 
     </span>
     <span class='ocr_line' id='line_1_26' title="bbox 436 1521 1177 1565; baseline 0.005 -12"><span class='ocrx_word' id='word_1_136' title='bbox 436 1521 533 1553; x_wconf 85' lang='lat' dir='ltr'>trium</span> <span class='ocrx_word' id='word_1_137' title='bbox 558 1531 718 1555; x_wconf 85' lang='lat' dir='ltr'>annorum</span> <span class='ocrx_word' id='word_1_138' title='bbox 742 1523 854 1565; x_wconf 87' lang='lat' dir='ltr'>plures</span> <span class='ocrx_word' id='word_1_139' title='bbox 880 1529 911 1555; x_wconf 90' lang='lat' dir='ltr'>et</span> <span class='ocrx_word' id='word_1_140' title='bbox 936 1533 1013 1556; x_wconf 91' lang='lat' dir='ltr'>sane</span> <span class='ocrx_word' id='word_1_141' title='bbox 1051 1524 1177 1557; x_wconf 84' lang='lat' dir='ltr'>ferven-</span> 
     </span>
     <span class='ocr_line' id='line_1_27' title="bbox 436 1574 1174 1619; baseline 0.005 -13"><span class='ocrx_word' id='word_1_142' title='bbox 436 1574 576 1608; x_wconf 90' lang='lat' dir='ltr'>tissimas</span> <span class='ocrx_word' id='word_1_143' title='bbox 601 1575 792 1616; x_wconf 86' lang='lat' dir='ltr'>instantias,</span> <span class='ocrx_word' id='word_1_144' title='bbox 819 1576 964 1619; x_wconf 88' lang='lat' dir='ltr'>quamvis</span> <span class='ocrx_word' id='word_1_145' title='bbox 990 1576 1174 1619; x_wconf 84' lang='lat' dir='ltr'>inutiliter,</span> 
     </span>
     <span class='ocr_line' id='line_1_28' title="bbox 436 1629 1176 1672; baseline 0.004 -11"><span class='ocrx_word' id='word_1_146' title='bbox 436 1629 558 1661; x_wconf 79' lang='lat' dir='ltr'>fecerat</span> <span class='ocrx_word' id='word_1_147' title='bbox 582 1640 641 1672; x_wconf 88' lang='lat' dir='ltr'>pro</span> <span class='ocrx_word' id='word_1_148' title='bbox 667 1630 923 1672; x_wconf 75' lang='lat' dir='ltr'>reintegratione</span> <span class='ocrx_word' id='word_1_149' title='bbox 942 1641 1018 1663; x_wconf 84' lang='lat' dir='ltr'>suae</span> <span class='ocrx_word' id='word_1_150' title='bbox 1034 1642 1176 1671; x_wconf 79' lang='lat' dir='ltr'>mensae,</span> 
     </span>
     <span class='ocr_line' id='line_1_29' title="bbox 436 1682 1180 1727; baseline 0.004 -13"><span class='ocrx_word' id='word_1_151' title='bbox 436 1682 485 1714; x_wconf 90' lang='lat' dir='ltr'>sui</span> <span class='ocrx_word' id='word_1_152' title='bbox 513 1683 643 1716; x_wconf 90' lang='lat' dir='ltr'>tandem</span> <span class='ocrx_word' id='word_1_153' title='bbox 668 1684 812 1717; x_wconf 88' lang='lat' dir='ltr'>muneris</span> <span class='ocrx_word' id='word_1_154' title='bbox 850 1690 959 1727; x_wconf 88' lang='lat' dir='ltr'>partes</span> <span class='ocrx_word' id='word_1_155' title='bbox 996 1695 1068 1718; x_wconf 85' lang='lat' dir='ltr'>esse</span> <span class='ocrx_word' id='word_1_156' title='bbox 1106 1696 1180 1717; x_wconf 87' lang='lat' dir='ltr'>cen-</span> 
     </span>
     <span class='ocr_line' id='line_1_30' title="bbox 436 1735 1178 1779; baseline 0.007 -12"><span class='ocrx_word' id='word_1_157' title='bbox 436 1735 526 1776; x_wconf 83' lang='lat' dir='ltr'>suit,</span> <span class='ocrx_word' id='word_1_158' title='bbox 551 1737 698 1779; x_wconf 84' lang='lat' dir='ltr'>parendo</span> <span class='ocrx_word' id='word_1_159' title='bbox 724 1737 820 1770; x_wconf 84' lang='lat' dir='ltr'>etiam</span> <span class='ocrx_word' id='word_1_160' title='bbox 857 1738 1017 1770; x_wconf 89' lang='lat' dir='ltr'>mandatis</span> <span class='ocrx_word' id='word_1_161' title='bbox 1056 1749 1178 1772; x_wconf 89' lang='lat' dir='ltr'>memo—</span> 
     </span>
     <span class='ocr_line' id='line_1_31' title="bbox 435 1789 1179 1835; baseline 0.004 -14"><span class='ocrx_word' id='word_1_162' title='bbox 435 1793 524 1822; x_wconf 84' lang='lat' dir='ltr'>ratae</span> <span class='ocrx_word' id='word_1_163' title='bbox 551 1789 820 1833; x_wconf 77' lang='lat' dir='ltr'>Congregationis</span> <span class='ocrx_word' id='word_1_164' title='bbox 847 1791 1070 1832; x_wconf 81' lang='lat' dir='ltr'>cardinalium,</span> <span class='ocrx_word' id='word_1_165' title='bbox 1088 1803 1179 1835; x_wconf 84' lang='lat' dir='ltr'>quos-</span> 
     </span>
     <span class='ocr_line' id='line_1_32' title="bbox 437 1819 1203 1878; baseline 0.005 -4"><span class='ocrx_word' id='word_1_166' title='bbox 437 1842 510 1875; x_wconf 83' lang='lat' dir='ltr'>dam</span> <span class='ocrx_word' id='word_1_167' title='bbox 536 1842 701 1876; x_wconf 90' lang='lat' dir='ltr'>ministros</span> <span class='ocrx_word' id='word_1_168' title='bbox 719 1844 819 1877; x_wconf 82' lang='lat' dir='ltr'>laicos</span> <span class='ocrx_word' id='word_1_169' title='bbox 837 1845 986 1878; x_wconf 83' lang='lat' dir='ltr'>censuris</span> <span class='ocrx_word' id='word_1_170' title='bbox 1002 1845 1177 1878; x_wconf 87' lang='lat' dir='ltr'>innodatos</span> <span class='ocrx_word' id='word_1_171' title='bbox 1200 1819 1203 1868; x_wconf 67' lang='grc'>1</span> 
     </span>
     <span class='ocr_line' id='line_1_33' title="bbox 436 1896 1178 1940; baseline 0.004 -11"><span class='ocrx_word' id='word_1_172' title='bbox 436 1896 624 1937; x_wconf 82' lang='lat' dir='ltr'>declarare3</span> <span class='ocrx_word' id='word_1_173' title='bbox 652 1898 721 1940; x_wconf 87' lang='lat' dir='ltr'>ipse</span> <span class='ocrx_word' id='word_1_174' title='bbox 748 1908 824 1931; x_wconf 85' lang='lat' dir='ltr'>vero</span> <span class='ocrx_word' id='word_1_175' title='bbox 850 1903 981 1931; x_wconf 87' lang='lat' dir='ltr'>senatus</span> <span class='ocrx_word' id='word_1_176' title='bbox 1018 1898 1178 1932; x_wconf 85' lang='lat' dir='ltr'>Nicicnsis</span> 
     </span>
     <span class='ocr_line' id='line_1_34' title="bbox 436 1948 1178 1994; baseline 0.007 -13"><span class='ocrx_word' id='word_1_177' title='bbox 436 1948 468 1981; x_wconf 91' lang='lat' dir='ltr'>in</span> <span class='ocrx_word' id='word_1_178' title='bbox 492 1960 561 1982; x_wconf 85' lang='lat' dir='ltr'>eam</span> <span class='ocrx_word' id='word_1_179' title='bbox 583 1952 734 1994; x_wconf 83' lang='lat' dir='ltr'>prorupit</span> <span class='ocrx_word' id='word_1_180' title='bbox 754 1951 933 1992; x_wconf 84' lang='lat' dir='ltr'>audaciam,</span> <span class='ocrx_word' id='word_1_181' title='bbox 954 1958 988 1985; x_wconf 89' lang='lat' dir='ltr'>ut</span> <span class='ocrx_word' id='word_1_182' title='bbox 1006 1953 1042 1985; x_wconf 84' lang='lat' dir='ltr'>ad</span> <span class='ocrx_word' id='word_1_183' title='bbox 1063 1953 1178 1986; x_wconf 76' lang='lat' dir='ltr'>Arcam</span> 
     </span>
     <span class='ocr_line' id='line_1_35' title="bbox 437 2002 1179 2048; baseline 0.007 -14"><span class='ocrx_word' id='word_1_184' title='bbox 437 2002 564 2035; x_wconf 89' lang='lat' dir='ltr'>Domini</span> <span class='ocrx_word' id='word_1_185' title='bbox 590 2014 655 2036; x_wconf 89' lang='lat' dir='ltr'>non</span> <span class='ocrx_word' id='word_1_186' title='bbox 683 2004 813 2047; x_wconf 88' lang='lat' dir='ltr'>quidem</span> <span class='ocrx_word' id='word_1_187' title='bbox 839 2005 1029 2048; x_wconf 80' lang='lat' dir='ltr'>erigendam</span> <span class='ocrx_word' id='word_1_188' title='bbox 1062 2007 1179 2039; x_wconf 88' lang='lat' dir='ltr'>substi-</span> 
     </span>
     <span class='ocr_line' id='line_1_36' title="bbox 437 2056 1179 2102; baseline 0.007 -14"><span class='ocrx_word' id='word_1_189' title='bbox 437 2056 662 2099; x_wconf 86' lang='lat' dir='ltr'>nendamque,</span> <span class='ocrx_word' id='word_1_190' title='bbox 687 2058 774 2100; x_wconf 88' lang='lat' dir='ltr'>quod</span> <span class='ocrx_word' id='word_1_191' title='bbox 800 2058 908 2092; x_wconf 84' lang='lat' dir='ltr'>adhuc</span> <span class='ocrx_word' id='word_1_192' title='bbox 933 2061 1046 2092; x_wconf 76' lang='lat' dir='ltr'>severa</span> <span class='ocrx_word' id='word_1_193' title='bbox 1071 2060 1179 2102; x_wconf 78' lang='lat' dir='ltr'>ingen-</span> 
     </span>
     <span class='ocr_line' id='line_1_37' title="bbox 438 2108 1179 2156; baseline 0.008 -16"><span class='ocrx_word' id='word_1_194' title='bbox 438 2108 528 2152; x_wconf 88' lang='lat' dir='ltr'>tique</span> <span class='ocrx_word' id='word_1_195' title='bbox 555 2110 635 2142; x_wconf 86' lang='lat' dir='ltr'>adeo</span> <span class='ocrx_word' id='word_1_196' title='bbox 654 2111 778 2144; x_wconf 84' lang='lat' dir='ltr'>ultione</span> <span class='ocrx_word' id='word_1_197' title='bbox 796 2111 892 2144; x_wconf 88' lang='lat' dir='ltr'>fuisse</span> <span class='ocrx_word' id='word_1_198' title='bbox 912 2122 927 2144; x_wconf 90' lang='lat' dir='ltr'>a</span> <span class='ocrx_word' id='word_1_199' title='bbox 946 2112 1011 2145; x_wconf 89' lang='lat' dir='ltr'>Deo</span> <span class='ocrx_word' id='word_1_200' title='bbox 1030 2114 1179 2156; x_wconf 86' lang='lat' dir='ltr'>punitum</span> 
     </span>
     <span class='ocr_line' id='line_1_38' title="bbox 437 2161 1178 2207; baseline 0.009 -14"><span class='ocrx_word' id='word_1_201' title='bbox 437 2161 470 2194; x_wconf 87' lang='lat' dir='ltr'>in</span> <span class='ocrx_word' id='word_1_202' title='bbox 496 2162 594 2195; x_wconf 87' lang='lat' dir='ltr'>sacris</span> <span class='ocrx_word' id='word_1_203' title='bbox 620 2164 747 2206; x_wconf 69' lang='lat' dir='ltr'>paginis</span> <span class='ocrx_word' id='word_1_204' title='bbox 773 2165 922 2207; x_wconf 79' lang='lat' dir='ltr'>legimus,</span> <span class='ocrx_word' id='word_1_205' title='bbox 950 2167 1006 2200; x_wconf 86' lang='lat' dir='ltr'>sed</span> <span class='ocrx_word' id='word_1_206' title='bbox 1025 2167 1063 2200; x_wconf 85' lang='lat' dir='ltr'>ad</span> <span class='ocrx_word' id='word_1_207' title='bbox 1091 2168 1178 2201; x_wconf 87' lang='lat' dir='ltr'>illam</span> 
     </span>
     <span class='ocr_line' id='line_1_39' title="bbox 438 2215 1179 2262; baseline 0.011 -16"><span class='ocrx_word' id='word_1_208' title='bbox 438 2215 677 2248; x_wconf 83' lang='lat' dir='ltr'>deturbandam</span> <span class='ocrx_word' id='word_1_209' title='bbox 711 2219 1048 2262; x_wconf 81' lang='lat' dir='ltr'>prosternendamque</span> <span class='ocrx_word' id='word_1_210' title='bbox 1081 2221 1179 2253; x_wconf 85' lang='lat' dir='ltr'>sacri·</span> 
     </span>
     <span class='ocr_line' id='line_1_40' title="bbox 437 2268 1177 2314; baseline 0.009 -14"><span class='ocrx_word' id='word_1_211' title='bbox 437 2268 527 2311; x_wconf 84' lang='lat' dir='ltr'>legas</span> <span class='ocrx_word' id='word_1_212' title='bbox 552 2279 666 2302; x_wconf 88' lang='lat' dir='ltr'>manus</span> <span class='ocrx_word' id='word_1_213' title='bbox 692 2271 846 2304; x_wconf 81' lang='lat' dir='ltr'>extollere</span> <span class='ocrx_word' id='word_1_214' title='bbox 881 2282 946 2304; x_wconf 88' lang='lat' dir='ltr'>non</span> <span class='ocrx_word' id='word_1_215' title='bbox 983 2274 1177 2314; x_wconf 83' lang='lat' dir='ltr'>erubuerit,</span> 
     </span>
     <span class='ocr_line' id='line_1_41' title="bbox 438 2321 1180 2366; baseline 0.009 -13"><span class='ocrx_word' id='word_1_216' title='bbox 438 2332 484 2361; x_wconf 88' lang='lat' dir='ltr'>ae,</span> <span class='ocrx_word' id='word_1_217' title='bbox 504 2321 646 2355; x_wconf 85' lang='lat' dir='ltr'>inaudito</span> <span class='ocrx_word' id='word_1_218' title='bbox 672 2322 778 2356; x_wconf 87' lang='lat' dir='ltr'>forsan</span> <span class='ocrx_word' id='word_1_219' title='bbox 804 2324 958 2357; x_wconf 83' lang='lat' dir='ltr'>hactenus</span> <span class='ocrx_word' id='word_1_220' title='bbox 985 2337 1082 2366; x_wconf 84' lang='lat' dir='ltr'>ausu,</span> <span class='ocrx_word' id='word_1_221' title='bbox 1107 2338 1180 2360; x_wconf 89' lang='lat' dir='ltr'>san-</span> 
     </span>
    </p>

    <p class='ocr_par' dir='ltr' id='par_1_3' title="bbox 438 2344 1204 2470">
     <span class='ocr_line' id='line_1_42' title="bbox 438 2344 1204 2422; baseline 0.007 -15"><span class='ocrx_word' id='word_1_222' title='bbox 438 2373 580 2407; x_wconf 85' lang='lat' dir='ltr'>ctissima</span> <span class='ocrx_word' id='word_1_223' title='bbox 605 2374 771 2408; x_wconf 83' lang='lat' dir='ltr'>Ecclesiae</span> <span class='ocrx_word' id='word_1_224' title='bbox 795 2376 941 2409; x_wconf 86' lang='lat' dir='ltr'>instituta</span> <span class='ocrx_word' id='word_1_225' title='bbox 967 2383 1062 2420; x_wconf 88' lang='lat' dir='ltr'>atque</span> <span class='ocrx_word' id='word_1_226' title='bbox 1092 2379 1180 2422; x_wconf 84' lang='lat' dir='ltr'>prae·</span> <span class='ocrx_word' id='word_1_227' title='bbox 1201 2344 1204 2406; x_wconf 81' lang='grc' dir='ltr'>Ι</span> 
     </span>
     <span class='ocr_line' id='line_1_43' title="bbox 438 2427 1178 2470; baseline 0.008 -11"><span class='ocrx_word' id='word_1_228' title='bbox 438 2432 533 2470; x_wconf 88' lang='lat' dir='ltr'>cepta</span> <span class='ocrx_word' id='word_1_229' title='bbox 558 2427 772 2460; x_wconf 83' lang='lat' dir='ltr'>intervertere</span> <span class='ocrx_word' id='word_1_230' title='bbox 799 2430 983 2462; x_wconf 78' lang='lat' dir='ltr'>tentaverit.</span> <span class='ocrx_word' id='word_1_231' title='bbox 1000 2430 1076 2464; x_wconf 88' lang='lat' dir='ltr'>Cum</span> <span class='ocrx_word' id='word_1_232' title='bbox 1093 2432 1178 2465; x_wconf 85' lang='lat' dir='ltr'>enim</span> 
     </span>
    </p>

    <p class='ocr_par' dir='ltr' id='par_1_4' title="bbox 438 2480 1180 2525">
     <span class='ocr_line' id='line_1_44' title="bbox 438 2480 1180 2525; baseline 0.008 -13"><span class='ocrx_word' id='word_1_233' title='bbox 438 2490 504 2513; x_wconf 89' lang='lat' dir='ltr'>non</span> <span class='ocrx_word' id='word_1_234' title='bbox 529 2480 636 2514; x_wconf 88' lang='lat' dir='ltr'>minus</span> <span class='ocrx_word' id='word_1_235' title='bbox 662 2482 795 2524; x_wconf 79' lang='lat' dir='ltr'>provide</span> <span class='ocrx_word' id='word_1_236' title='bbox 821 2492 915 2525; x_wconf 81' lang='lat' dir='ltr'>quam</span> <span class='ocrx_word' id='word_1_237' title='bbox 930 2484 1105 2517; x_wconf 85' lang='lat' dir='ltr'>salubriter</span> <span class='ocrx_word' id='word_1_238' title='bbox 1123 2486 1180 2519; x_wconf 90' lang='lat' dir='ltr'>Ec-</span> 
     </span>
    </p>

    <p class='ocr_par' dir='ltr' id='par_1_5' title="bbox 437 2533 1180 2578">
     <span class='ocr_line' id='line_1_45' title="bbox 437 2533 1180 2578; baseline 0.008 -13"><span class='ocrx_word' id='word_1_239' title='bbox 437 2533 536 2567; x_wconf 87' lang='lat' dir='ltr'>clesia</span> <span class='ocrx_word' id='word_1_240' title='bbox 575 2534 687 2567; x_wconf 85' lang='lat' dir='ltr'>iubeat</span> <span class='ocrx_word' id='word_1_241' title='bbox 725 2536 1054 2578; x_wconf 82' lang='lat' dir='ltr'>excommunicatos,</span> <span class='ocrx_word' id='word_1_242' title='bbox 1092 2540 1180 2571; x_wconf 85' lang='lat' dir='ltr'>vclut</span> 
     </span>
    </p>

    <p class='ocr_par' dir='ltr' id='par_1_6' title="bbox 436 2586 1177 2635">
     <span class='ocr_line' id='line_1_46' title="bbox 436 2586 1177 2635; baseline 0.008 -16"><span class='ocrx_word' id='word_1_243' title='bbox 436 2586 511 2630; x_wconf 78' lang='lat' dir='ltr'>igne</span> <span class='ocrx_word' id='word_1_244' title='bbox 538 2592 568 2620; x_wconf 88' lang='lat' dir='ltr'>et</span> <span class='ocrx_word' id='word_1_245' title='bbox 592 2590 675 2631; x_wconf 79' lang='lat' dir='ltr'>aqua</span> <span class='ocrx_word' id='word_1_246' title='bbox 700 2587 891 2623; x_wconf 88' lang='lat' dir='ltr'>interdictos</span> <span class='ocrx_word' id='word_1_247' title='bbox 911 2617 918 2631; x_wconf 95' lang='lat'>,</span> <span class='ocrx_word' id='word_1_248' title='bbox 947 2596 976 2623; x_wconf 83' lang='lat' dir='ltr'>et</span> <span class='ocrx_word' id='word_1_249' title='bbox 1015 2596 1177 2635; x_wconf 86' lang='lat' dir='ltr'>tamquam</span> 
     </span>
    </p>
   </div>
   <div class='ocr_carea' id='block_1_3' title="bbox 1197 250 1200 355">
    <p class='ocr_par' dir='ltr' id='par_1_7' title="bbox 1197 250 1200 355">
     <span class='ocr_line' id='line_1_47' title="bbox 1197 250 1200 355; baseline 0 0"><span class='ocrx_word' id='word_1_250' title='bbox 1197 250 1200 355; x_wconf 95' lang='lat' dir='ltr'> </span> 
     </span>
    </p>
   </div>
   <div class='ocr_carea' id='block_1_4' title="bbox 1198 373 1201 486">
    <p class='ocr_par' dir='ltr' id='par_1_8' title="bbox 1198 373 1201 486">
     <span class='ocr_line' id='line_1_48' title="bbox 1198 373 1201 486; baseline 0 2717"><span class='ocrx_word' id='word_1_251' title='bbox 1198 373 1201 486; x_wconf 95' lang='lat' dir='ltr'> </span> 
     </span>
    </p>
   </div>
   <div class='ocr_carea' id='block_1_5' title="bbox 1198 488 1201 527">
    <p class='ocr_par' dir='ltr' id='par_1_9' title="bbox 1198 488 1201 527">
     <span class='ocr_line' id='line_1_49' title="bbox 1198 488 1201 527; baseline 0 0"><span class='ocrx_word' id='word_1_252' title='bbox 1198 488 1201 527; x_wconf 89' lang='lat' dir='ltr'>l</span> 
     </span>
    </p>
   </div>
   <div class='ocr_carea' id='block_1_6' title="bbox 1200 948 1204 2140">
    <p class='ocr_par' dir='ltr' id='par_1_10' title="bbox 1200 948 1204 2140">
     <span class='ocr_line' id='line_1_50' title="bbox 1200 948 1204 2140; baseline 0 0"><span class='ocrx_word' id='word_1_253' title='bbox 1200 948 1204 2140; x_wconf 95' lang='lat' dir='ltr'> </span> 
     </span>
    </p>
   </div>
   <div class='ocr_carea' id='block_1_7' title="bbox 1026 195 1385 221">
    <p class='ocr_par' dir='ltr' id='par_1_11' title="bbox 1026 195 1385 221">
     <span class='ocr_line' id='line_1_51' title="bbox 1026 195 1385 221; baseline 0.003 -1"><span class='ocrx_word' id='word_1_254' title='bbox 1026 195 1206 221; x_wconf 66' lang='lat' dir='ltr'>DULLARIUM</span> <span class='ocrx_word' id='word_1_255' title='bbox 1230 197 1385 221; x_wconf 73' lang='lat' dir='ltr'><strong>ROMANUM</strong></span> 
     </span>
    </p>
   </div>
   <div class='ocr_carea' id='block_1_8' title="bbox 1219 245 1968 2636">
    <p class='ocr_par' dir='ltr' id='par_1_12' title="bbox 1219 245 1968 1998">
     <span class='ocr_line' id='line_1_52' title="bbox 1219 245 1961 290; baseline 0.003 -11"><span class='ocrx_word' id='word_1_256' title='bbox 1219 246 1347 290; x_wconf 86' lang='lat' dir='ltr'>putrida</span> <span class='ocrx_word' id='word_1_257' title='bbox 1378 245 1523 280; x_wconf 84' lang='lat' dir='ltr'>membra</span> <span class='ocrx_word' id='word_1_258' title='bbox 1561 246 1739 280; x_wconf 83' lang='lat' dir='ltr'>canonicae</span> <span class='ocrx_word' id='word_1_259' title='bbox 1777 247 1961 281; x_wconf 85' lang='lat' dir='ltr'>severitatis</span> 
     </span>
     <span class='ocr_line' id='line_1_53' title="bbox 1220 300 1964 344; baseline 0.003 -12"><span class='ocrx_word' id='word_1_260' title='bbox 1220 310 1375 333; x_wconf 87' lang='lat' dir='ltr'>mucrone</span> <span class='ocrx_word' id='word_1_261' title='bbox 1401 300 1541 333; x_wconf 81' lang='lat' dir='ltr'>abscissa</span> <span class='ocrx_word' id='word_1_262' title='bbox 1568 310 1607 333; x_wconf 91' lang='lat' dir='ltr'>ne</span> <span class='ocrx_word' id='word_1_263' title='bbox 1635 305 1738 333; x_wconf 89' lang='lat' dir='ltr'>totum</span> <span class='ocrx_word' id='word_1_264' title='bbox 1764 310 1883 344; x_wconf 86' lang='lat' dir='ltr'>corpus</span> <span class='ocrx_word' id='word_1_265' title='bbox 1918 301 1964 334; x_wconf 91' lang='lat' dir='ltr'>in-</span> 
     </span>
     <span class='ocr_line' id='line_1_54' title="bbox 1221 353 1962 394; baseline 0.004 -9"><span class='ocrx_word' id='word_1_266' title='bbox 1221 353 1341 394; x_wconf 74' lang='lat' dir='ltr'>liciant,</span> <span class='ocrx_word' id='word_1_267' title='bbox 1369 353 1409 386; x_wconf 90' lang='lat' dir='ltr'>ab</span> <span class='ocrx_word' id='word_1_268' title='bbox 1427 353 1578 386; x_wconf 87' lang='lat' dir='ltr'>omnibus</span> <span class='ocrx_word' id='word_1_269' title='bbox 1601 353 1872 388; x_wconf 78' lang='lat' dir='ltr'>christifidelibus</span> <span class='ocrx_word' id='word_1_270' title='bbox 1895 365 1962 388; x_wconf 85' lang='lat' dir='ltr'>esse</span> 
     </span>
     <span class='ocr_line' id='line_1_55' title="bbox 1220 407 1963 452; baseline 0.003 -13"><span class='ocrx_word' id='word_1_271' title='bbox 1220 407 1380 447; x_wconf 84' lang='lat' dir='ltr'>vitandos,</span> <span class='ocrx_word' id='word_1_272' title='bbox 1407 407 1477 450; x_wconf 81' lang='lat' dir='ltr'>ipse</span> <span class='ocrx_word' id='word_1_273' title='bbox 1505 412 1637 440; x_wconf 88' lang='lat' dir='ltr'>senatus</span> <span class='ocrx_word' id='word_1_274' title='bbox 1664 407 1795 450; x_wconf 87' lang='lat' dir='ltr'>publico</span> <span class='ocrx_word' id='word_1_275' title='bbox 1814 409 1963 452; x_wconf 79' lang='lat' dir='ltr'>typisque</span> 
     </span>
     <span class='ocr_line' id='line_1_56' title="bbox 1222 460 1964 495; baseline 0.003 -3"><span class='ocrx_word' id='word_1_276' title='bbox 1222 460 1340 493; x_wconf 85' lang='lat' dir='ltr'>tradito</span> <span class='ocrx_word' id='word_1_277' title='bbox 1366 461 1472 493; x_wconf 84' lang='lat' dir='ltr'>edicto</span> <span class='ocrx_word' id='word_1_278' title='bbox 1499 461 1605 493; x_wconf 84' lang='lat' dir='ltr'>laicali</span> <span class='ocrx_word' id='word_1_279' title='bbox 1636 460 1850 495; x_wconf 86' lang='lat' dir='ltr'>iurisdictioni</span> <span class='ocrx_word' id='word_1_280' title='bbox 1888 463 1964 494; x_wconf 89' lang='lat' dir='ltr'>sub-</span> 
     </span>
     <span class='ocr_line' id='line_1_57' title="bbox 1222 514 1966 558; baseline 0.004 -13"><span class='ocrx_word' id='word_1_281' title='bbox 1222 514 1313 554; x_wconf 83' lang='lat' dir='ltr'>ditis,</span> <span class='ocrx_word' id='word_1_282' title='bbox 1339 514 1451 547; x_wconf 88' lang='lat' dir='ltr'>mortis</span> <span class='ocrx_word' id='word_1_283' title='bbox 1476 514 1633 547; x_wconf 85' lang='lat' dir='ltr'>naturalis</span> <span class='ocrx_word' id='word_1_284' title='bbox 1658 516 1767 558; x_wconf 77' lang='lat' dir='ltr'>poena</span> <span class='ocrx_word' id='word_1_285' title='bbox 1799 520 1966 549; x_wconf 82' lang='lat' dir='ltr'>contrave-</span> 
     </span>
     <span class='ocr_line' id='line_1_58' title="bbox 1221 566 1965 612; baseline 0.004 -14"><span class='ocrx_word' id='word_1_286' title='bbox 1221 566 1388 600; x_wconf 85' lang='lat' dir='ltr'>nientil)us</span> <span class='ocrx_word' id='word_1_287' title='bbox 1413 567 1586 610; x_wconf 73' lang='lat' dir='ltr'>imposita,</span> <span class='ocrx_word' id='word_1_288' title='bbox 1614 569 1806 612; x_wconf 84' lang='lat' dir='ltr'>praecepit,</span> <span class='ocrx_word' id='word_1_289' title='bbox 1834 574 1868 601; x_wconf 89' lang='lat' dir='ltr'>ut</span> <span class='ocrx_word' id='word_1_290' title='bbox 1893 579 1965 602; x_wconf 85' lang='lat' dir='ltr'>cum</span> 
     </span>
     <span class='ocr_line' id='line_1_59' title="bbox 1222 619 1966 665; baseline 0.003 -13"><span class='ocrx_word' id='word_1_291' title='bbox 1222 619 1286 652; x_wconf 90' lang='lat' dir='ltr'>illis</span> <span class='ocrx_word' id='word_1_292' title='bbox 1309 621 1539 653; x_wconf 83' lang='lat' dir='ltr'>commercium</span> <span class='ocrx_word' id='word_1_293' title='bbox 1556 621 1735 663; x_wconf 77' lang='lat' dir='ltr'>haberent3</span> <span class='ocrx_word' id='word_1_294' title='bbox 1756 632 1800 662; x_wconf 75' lang='lat' dir='ltr'>ac,</span> <span class='ocrx_word' id='word_1_295' title='bbox 1820 632 1890 654; x_wconf 90' lang='lat' dir='ltr'>cum</span> <span class='ocrx_word' id='word_1_296' title='bbox 1910 632 1966 665; x_wconf 83' lang='lat' dir='ltr'>pa-</span> 
     </span>
     <span class='ocr_line' id='line_1_60' title="bbox 1221 672 1967 718; baseline 0.004 -14"><span class='ocrx_word' id='word_1_297' title='bbox 1221 672 1302 705; x_wconf 84' lang='lat' dir='ltr'>riter</span> <span class='ocrx_word' id='word_1_298' title='bbox 1315 672 1478 706; x_wconf 83' lang='lat' dir='ltr'>Ecclesiae</span> <span class='ocrx_word' id='word_1_299' title='bbox 1501 679 1680 718; x_wconf 84' lang='lat' dir='ltr'>praecepto</span> <span class='ocrx_word' id='word_1_300' title='bbox 1701 678 1857 708; x_wconf 86' lang='lat' dir='ltr'>statutum</span> <span class='ocrx_word' id='word_1_301' title='bbox 1875 674 1917 707; x_wconf 89' lang='lat' dir='ltr'>sit</span> <span class='ocrx_word' id='word_1_302' title='bbox 1933 679 1967 707; x_wconf 90' lang='lat' dir='ltr'>ut</span> 
     </span>
     <span class='ocr_line' id='line_1_61' title="bbox 1222 726 1965 761; baseline 0.003 -3"><span class='ocrx_word' id='word_1_303' title='bbox 1222 726 1365 759; x_wconf 80' lang='lat' dir='ltr'>censuris</span> <span class='ocrx_word' id='word_1_304' title='bbox 1392 727 1510 760; x_wconf 88' lang='lat' dir='ltr'>irretiti</span> <span class='ocrx_word' id='word_1_305' title='bbox 1536 739 1552 760; x_wconf 90' lang='lat' dir='ltr'>a</span> <span class='ocrx_word' id='word_1_306' title='bbox 1570 728 1800 761; x_wconf 88' lang='lat' dir='ltr'>communione</span> <span class='ocrx_word' id='word_1_307' title='bbox 1818 727 1965 761; x_wconf 78' lang='lat' dir='ltr'>fidelium</span> 
     </span>
     <span class='ocr_line' id='line_1_62' title="bbox 1222 779 1965 825; baseline 0.004 -14"><span class='ocrx_word' id='word_1_308' title='bbox 1222 790 1258 812; x_wconf 89' lang='lat' dir='ltr'>ac</span> <span class='ocrx_word' id='word_1_309' title='bbox 1283 779 1467 814; x_wconf 84' lang='lat' dir='ltr'>divinorum</span> <span class='ocrx_word' id='word_1_310' title='bbox 1492 781 1745 825; x_wconf 86' lang='lat' dir='ltr'>participatione</span> <span class='ocrx_word' id='word_1_311' title='bbox 1772 786 1965 821; x_wconf 86' lang='lat' dir='ltr'>arceantur,</span> 
     </span>
     <span class='ocr_line' id='line_1_63' title="bbox 1222 834 1966 879; baseline 0.001 -14"><span class='ocrx_word' id='word_1_312' title='bbox 1222 834 1378 876; x_wconf 86' lang='lat' dir='ltr'>peculiari</span> <span class='ocrx_word' id='word_1_313' title='bbox 1405 835 1500 868; x_wconf 85' lang='lat' dir='ltr'>etiam</span> <span class='ocrx_word' id='word_1_314' title='bbox 1532 835 1681 879; x_wconf 78' lang='lat' dir='ltr'>imposita</span> <span class='ocrx_word' id='word_1_315' title='bbox 1712 838 1817 879; x_wconf 75' lang='lat' dir='ltr'>poena</span> <span class='ocrx_word' id='word_1_316' title='bbox 1842 835 1881 868; x_wconf 88' lang='lat' dir='ltr'>iis</span> <span class='ocrx_word' id='word_1_317' title='bbox 1913 834 1966 878; x_wconf 86' lang='lat' dir='ltr'>qui</span> 
     </span>
     <span class='ocr_line' id='line_1_64' title="bbox 1222 886 1966 930; baseline 0.004 -12"><span class='ocrx_word' id='word_1_318' title='bbox 1222 886 1297 918; x_wconf 92' lang='lat' dir='ltr'>illos</span> <span class='ocrx_word' id='word_1_319' title='bbox 1324 887 1363 919; x_wconf 87' lang='lat' dir='ltr'>ad</span> <span class='ocrx_word' id='word_1_320' title='bbox 1389 888 1558 930; x_wconf 87' lang='lat' dir='ltr'>spirituale</span> <span class='ocrx_word' id='word_1_321' title='bbox 1585 889 1786 922; x_wconf 88' lang='lat' dir='ltr'>consortium</span> <span class='ocrx_word' id='word_1_322' title='bbox 1818 888 1966 921; x_wconf 86' lang='lat' dir='ltr'>admitte-</span> 
     </span>
     <span class='ocr_line' id='line_1_65' title="bbox 1223 941 1967 985; baseline 0.004 -14"><span class='ocrx_word' id='word_1_323' title='bbox 1223 945 1320 977; x_wconf 84' lang='lat' dir='ltr'>rent,</span> <span class='ocrx_word' id='word_1_324' title='bbox 1347 946 1477 973; x_wconf 86' lang='lat' dir='ltr'>senatus</span> <span class='ocrx_word' id='word_1_325' title='bbox 1504 941 1617 974; x_wconf 86' lang='lat' dir='ltr'>itidem</span> <span class='ocrx_word' id='word_1_326' title='bbox 1644 942 1810 985; x_wconf 86' lang='lat' dir='ltr'>praefatus</span> <span class='ocrx_word' id='word_1_327' title='bbox 1830 969 1838 983; x_wconf 91' lang='lat'>,</span> <span class='ocrx_word' id='word_1_328' title='bbox 1870 952 1967 985; x_wconf 85' lang='lat' dir='ltr'>quem</span> 
     </span>
     <span class='ocr_line' id='line_1_66' title="bbox 1224 993 1968 1038; baseline 0.004 -13"><span class='ocrx_word' id='word_1_329' title='bbox 1224 993 1284 1025; x_wconf 88' lang='lat' dir='ltr'>hac</span> <span class='ocrx_word' id='word_1_330' title='bbox 1309 993 1340 1026; x_wconf 91' lang='lat' dir='ltr'>in</span> <span class='ocrx_word' id='word_1_331' title='bbox 1367 1004 1401 1027; x_wconf 91' lang='lat' dir='ltr'>re</span> <span class='ocrx_word' id='word_1_332' title='bbox 1428 994 1632 1038; x_wconf 83' lang='lat' dir='ltr'>obsequendi</span> <span class='ocrx_word' id='word_1_333' title='bbox 1669 995 1777 1038; x_wconf 84' lang='lat' dir='ltr'>polius</span> <span class='ocrx_word' id='word_1_334' title='bbox 1815 995 1968 1028; x_wconf 87' lang='lat' dir='ltr'>manebat</span> 
     </span>
     <span class='ocr_line' id='line_1_67' title="bbox 1223 1046 1966 1092; baseline 0.004 -15"><span class='ocrx_word' id='word_1_335' title='bbox 1223 1046 1398 1079; x_wconf 84' lang='lat' dir='ltr'>necessitas</span> <span class='ocrx_word' id='word_1_336' title='bbox 1438 1058 1532 1091; x_wconf 87' lang='lat' dir='ltr'>quam</span> <span class='ocrx_word' id='word_1_337' title='bbox 1559 1048 1736 1082; x_wconf 82' lang='lat' dir='ltr'>auctoritas</span> <span class='ocrx_word' id='word_1_338' title='bbox 1762 1048 1966 1092; x_wconf 88' lang='lat' dir='ltr'>imperandi,</span> 
     </span>
     <span class='ocr_line' id='line_1_68' title="bbox 1223 1099 1968 1145; baseline 0.005 -14"><span class='ocrx_word' id='word_1_339' title='bbox 1223 1099 1417 1132; x_wconf 87' lang='lat' dir='ltr'>solemniter</span> <span class='ocrx_word' id='word_1_340' title='bbox 1442 1100 1564 1140; x_wconf 82' lang='lat' dir='ltr'>edixit,</span> <span class='ocrx_word' id='word_1_341' title='bbox 1604 1107 1700 1145; x_wconf 90' lang='lat' dir='ltr'>atque</span> <span class='ocrx_word' id='word_1_342' title='bbox 1727 1112 1840 1135; x_wconf 89' lang='lat' dir='ltr'>omnes</span> <span class='ocrx_word' id='word_1_343' title='bbox 1866 1102 1968 1135; x_wconf 89' lang='lat' dir='ltr'>eccle-</span> 
     </span>
     <span class='ocr_line' id='line_1_69' title="bbox 1223 1152 1967 1194; baseline 0.003 -10"><span class='ocrx_word' id='word_1_344' title='bbox 1223 1152 1372 1185; x_wconf 82' lang='lat' dir='ltr'>siasticos</span> <span class='ocrx_word' id='word_1_345' title='bbox 1397 1153 1539 1194; x_wconf 89' lang='lat' dir='ltr'>monuit,</span> <span class='ocrx_word' id='word_1_346' title='bbox 1564 1160 1598 1187; x_wconf 90' lang='lat' dir='ltr'>ut</span> <span class='ocrx_word' id='word_1_347' title='bbox 1623 1155 1756 1188; x_wconf 87' lang='lat' dir='ltr'>eosdem</span> <span class='ocrx_word' id='word_1_348' title='bbox 1782 1165 1967 1188; x_wconf 85' lang='lat' dir='ltr'>excommu-</span> 
     </span>
     <span class='ocr_line' id='line_1_70' title="bbox 1222 1205 1968 1242; baseline 0.005 -5"><span class='ocrx_word' id='word_1_349' title='bbox 1222 1205 1349 1238; x_wconf 88' lang='lat' dir='ltr'>nicatos</span> <span class='ocrx_word' id='word_1_350' title='bbox 1377 1207 1413 1239; x_wconf 92' lang='lat' dir='ltr'>ad</span> <span class='ocrx_word' id='word_1_351' title='bbox 1442 1208 1709 1241; x_wconf 87' lang='lat' dir='ltr'>communionem</span> <span class='ocrx_word' id='word_1_352' title='bbox 1734 1208 1766 1240; x_wconf 92' lang='lat' dir='ltr'>in</span> <span class='ocrx_word' id='word_1_353' title='bbox 1785 1208 1902 1242; x_wconf 88' lang='lat' dir='ltr'>divinis</span> <span class='ocrx_word' id='word_1_354' title='bbox 1921 1218 1968 1241; x_wconf 87' lang='lat' dir='ltr'>re-</span> 
     </span>
     <span class='ocr_line' id='line_1_71' title="bbox 1223 1259 1963 1306; baseline 0.004 -15"><span class='ocrx_word' id='word_1_355' title='bbox 1223 1259 1389 1302; x_wconf 87' lang='lat' dir='ltr'>ciperent,</span> <span class='ocrx_word' id='word_1_356' title='bbox 1417 1266 1448 1293; x_wconf 89' lang='lat' dir='ltr'>et</span> <span class='ocrx_word' id='word_1_357' title='bbox 1473 1268 1755 1295; x_wconf 85' lang='lat' dir='ltr'>sacramentorum</span> <span class='ocrx_word' id='word_1_358' title='bbox 1786 1262 1963 1306; x_wconf 85' lang='lat' dir='ltr'>participes</span> 
     </span>
     <span class='ocr_line' id='line_1_72' title="bbox 1222 1313 1965 1358; baseline 0.004 -14"><span class='ocrx_word' id='word_1_359' title='bbox 1222 1313 1415 1353; x_wconf 87' lang='lat' dir='ltr'>redderent,</span> <span class='ocrx_word' id='word_1_360' title='bbox 1442 1325 1515 1347; x_wconf 88' lang='lat' dir='ltr'>cum</span> <span class='ocrx_word' id='word_1_361' title='bbox 1541 1315 1798 1348; x_wconf 85' lang='lat' dir='ltr'>comminatione</span> <span class='ocrx_word' id='word_1_362' title='bbox 1820 1315 1965 1358; x_wconf 84' lang='lat' dir='ltr'>gravium</span> 
     </span>
     <span class='ocr_line' id='line_1_73' title="bbox 1223 1366 1967 1413; baseline 0.004 -16"><span class='ocrx_word' id='word_1_363' title='bbox 1223 1375 1402 1408; x_wconf 87' lang='lat' dir='ltr'>poenarum</span> <span class='ocrx_word' id='word_1_364' title='bbox 1425 1366 1456 1399; x_wconf 89' lang='lat' dir='ltr'>in</span> <span class='ocrx_word' id='word_1_365' title='bbox 1476 1378 1550 1400; x_wconf 87' lang='lat' dir='ltr'>casu</span> <span class='ocrx_word' id='word_1_366' title='bbox 1568 1368 1858 1413; x_wconf 73' lang='lat' dir='ltr'>contraventionis.</span> <span class='ocrx_word' id='word_1_367' title='bbox 1878 1368 1967 1401; x_wconf 89' lang='lat' dir='ltr'>Licet</span> 
     </span>
     <span class='ocr_line' id='line_1_74' title="bbox 1223 1420 1968 1462; baseline 0.001 -11"><span class='ocrx_word' id='word_1_368' title='bbox 1223 1424 1330 1452; x_wconf 83' lang='lat' dir='ltr'>autem</span> <span class='ocrx_word' id='word_1_369' title='bbox 1357 1420 1497 1453; x_wconf 86' lang='lat' dir='ltr'>edictum</span> <span class='ocrx_word' id='word_1_370' title='bbox 1526 1421 1725 1462; x_wconf 87' lang='lat' dir='ltr'>huiusmodi,</span> <span class='ocrx_word' id='word_1_371' title='bbox 1743 1422 1775 1454; x_wconf 95' lang='lat' dir='ltr'>in</span> <span class='ocrx_word' id='word_1_372' title='bbox 1802 1422 1862 1454; x_wconf 85' lang='lat' dir='ltr'>hac</span> <span class='ocrx_word' id='word_1_373' title='bbox 1880 1421 1968 1453; x_wconf 85' lang='lat' dir='ltr'>durn-</span> 
     </span>
     <span class='ocr_line' id='line_1_75' title="bbox 1224 1474 1968 1518; baseline 0.005 -14"><span class='ocrx_word' id='word_1_374' title='bbox 1224 1477 1308 1505; x_wconf 81' lang='lat' dir='ltr'>taxat</span> <span class='ocrx_word' id='word_1_375' title='bbox 1332 1474 1506 1516; x_wconf 88' lang='lat' dir='ltr'>posteriori</span> <span class='ocrx_word' id='word_1_376' title='bbox 1531 1480 1631 1518; x_wconf 88' lang='lat' dir='ltr'>partc,</span> <span class='ocrx_word' id='word_1_377' title='bbox 1651 1486 1709 1508; x_wconf 90' lang='lat' dir='ltr'>seu</span> <span class='ocrx_word' id='word_1_378' title='bbox 1735 1476 1888 1515; x_wconf 74' lang='lat' dir='ltr'>clausula,</span> <span class='ocrx_word' id='word_1_379' title='bbox 1915 1485 1968 1508; x_wconf 84' lang='lat' dir='ltr'>ec-</span> 
     </span>
     <span class='ocr_line' id='line_1_76' title="bbox 1223 1525 1967 1571; baseline 0.004 -14"><span class='ocrx_word' id='word_1_380' title='bbox 1223 1525 1447 1567; x_wconf 83' lang='lat' dir='ltr'>clesiasticos,</span> <span class='ocrx_word' id='word_1_381' title='bbox 1481 1533 1515 1560; x_wconf 89' lang='lat' dir='ltr'>ut</span> <span class='ocrx_word' id='word_1_382' title='bbox 1548 1528 1752 1571; x_wconf 88' lang='lat' dir='ltr'>praefertur,</span> <span class='ocrx_word' id='word_1_383' title='bbox 1788 1532 1967 1570; x_wconf 82' lang='lat' dir='ltr'>tangente,</span> 
     </span>
     <span class='ocr_line' id='line_1_77' title="bbox 1223 1580 1967 1625; baseline 0.004 -14"><span class='ocrx_word' id='word_1_384' title='bbox 1223 1590 1260 1611; x_wconf 84' lang='lat' dir='ltr'>ex</span> <span class='ocrx_word' id='word_1_385' title='bbox 1286 1580 1421 1623; x_wconf 82' lang='lat' dir='ltr'>speciali</span> <span class='ocrx_word' id='word_1_386' title='bbox 1448 1581 1536 1613; x_wconf 87' lang='lat' dir='ltr'>iussu</span> <span class='ocrx_word' id='word_1_387' title='bbox 1561 1581 1740 1625; x_wconf 87' lang='lat' dir='ltr'>supradicti</span> <span class='ocrx_word' id='word_1_388' title='bbox 1767 1580 1898 1614; x_wconf 80' lang='lat' dir='ltr'>Victorii</span> <span class='ocrx_word' id='word_1_389' title='bbox 1929 1583 1967 1614; x_wconf 88' lang='lat' dir='ltr'>A·</span> 
     </span>
     <span class='ocr_line' id='line_1_78' title="bbox 1222 1633 1967 1675; baseline 0.004 -10"><span class='ocrx_word' id='word_1_390' title='bbox 1222 1633 1329 1666; x_wconf 89' lang='lat' dir='ltr'>medei</span> <span class='ocrx_word' id='word_1_391' title='bbox 1356 1634 1446 1666; x_wconf 86' lang='lat' dir='ltr'>ducis</span> <span class='ocrx_word' id='word_1_392' title='bbox 1474 1640 1662 1667; x_wconf 84' lang='lat' dir='ltr'>revocatum</span> <span class='ocrx_word' id='word_1_393' title='bbox 1690 1635 1787 1668; x_wconf 90' lang='lat' dir='ltr'>fuerit</span> <span class='ocrx_word' id='word_1_394' title='bbox 1810 1662 1816 1675; x_wconf 91' lang='lat'>,</span> <span class='ocrx_word' id='word_1_395' title='bbox 1845 1634 1967 1669; x_wconf 90' lang='lat' dir='ltr'>nihilo-</span> 
     </span>
     <span class='ocr_line' id='line_1_79' title="bbox 1223 1686 1968 1732; baseline 0.005 -14"><span class='ocrx_word' id='word_1_396' title='bbox 1223 1686 1341 1727; x_wconf 86' lang='lat' dir='ltr'>minus,</span> <span class='ocrx_word' id='word_1_397' title='bbox 1369 1698 1441 1720; x_wconf 86' lang='lat' dir='ltr'>cum</span> <span class='ocrx_word' id='word_1_398' title='bbox 1468 1688 1499 1720; x_wconf 91' lang='lat' dir='ltr'>in</span> <span class='ocrx_word' id='word_1_399' title='bbox 1525 1688 1597 1720; x_wconf 87' lang='lat' dir='ltr'>aliis</span> <span class='ocrx_word' id='word_1_400' title='bbox 1623 1688 1775 1721; x_wconf 89' lang='lat' dir='ltr'>omnibus</span> <span class='ocrx_word' id='word_1_401' title='bbox 1801 1689 1870 1722; x_wconf 92' lang='lat' dir='ltr'>eius</span> <span class='ocrx_word' id='word_1_402' title='bbox 1895 1699 1968 1732; x_wconf 88' lang='lat' dir='ltr'>par-</span> 
     </span>
     <span class='ocr_line' id='line_1_80' title="bbox 1223 1739 1966 1785; baseline 0.007 -15"><span class='ocrx_word' id='word_1_403' title='bbox 1223 1739 1309 1772; x_wconf 84' lang='lat' dir='ltr'>tibus</span> <span class='ocrx_word' id='word_1_404' title='bbox 1345 1751 1497 1784; x_wconf 76' lang='lat' dir='ltr'>expresse</span> <span class='ocrx_word' id='word_1_405' title='bbox 1537 1748 1776 1784; x_wconf 78' lang='lat' dir='ltr'>praeservatum</span> <span class='ocrx_word' id='word_1_406' title='bbox 1821 1743 1966 1785; x_wconf 88' lang='lat' dir='ltr'>adeoque</span> 
     </span>
     <span class='ocr_line' id='line_1_81' title="bbox 1223 1793 1968 1838; baseline 0.004 -13"><span class='ocrx_word' id='word_1_407' title='bbox 1223 1793 1451 1826; x_wconf 78' lang='lat' dir='ltr'>confirmatum</span> <span class='ocrx_word' id='word_1_408' title='bbox 1479 1794 1585 1834; x_wconf 88' lang='lat' dir='ltr'>fuerit,</span> <span class='ocrx_word' id='word_1_409' title='bbox 1613 1806 1694 1828; x_wconf 87' lang='lat' dir='ltr'>nova</span> <span class='ocrx_word' id='word_1_410' title='bbox 1719 1795 1828 1838; x_wconf 88' lang='lat' dir='ltr'>potius</span> <span class='ocrx_word' id='word_1_411' title='bbox 1847 1795 1968 1838; x_wconf 88' lang='lat' dir='ltr'>perin-</span> 
     </span>
     <span class='ocr_line' id='line_1_82' title="bbox 1224 1846 1966 1891; baseline 0.004 -14"><span class='ocrx_word' id='word_1_412' title='bbox 1224 1846 1438 1880; x_wconf 85' lang='lat' dir='ltr'>sufficientem</span> <span class='ocrx_word' id='word_1_413' title='bbox 1472 1859 1508 1880; x_wconf 87' lang='lat' dir='ltr'>ac</span> <span class='ocrx_word' id='word_1_414' title='bbox 1544 1847 1770 1891; x_wconf 83' lang='lat' dir='ltr'>imperfectam</span> <span class='ocrx_word' id='word_1_415' title='bbox 1807 1848 1966 1882; x_wconf 82' lang='lat' dir='ltr'>eiusmodi</span> 
     </span>
     <span class='ocr_line' id='line_1_83' title="bbox 1224 1901 1962 1944; baseline 0.005 -13"><span class='ocrx_word' id='word_1_416' title='bbox 1224 1901 1464 1934; x_wconf 85' lang='lat' dir='ltr'>revocationem</span> <span class='ocrx_word' id='word_1_417' title='bbox 1481 1901 1643 1935; x_wconf 86' lang='lat' dir='ltr'>Ecclesiae</span> <span class='ocrx_word' id='word_1_418' title='bbox 1663 1902 1765 1935; x_wconf 87' lang='lat' dir='ltr'>laesio</span> <span class='ocrx_word' id='word_1_419' title='bbox 1783 1902 1872 1935; x_wconf 88' lang='lat' dir='ltr'>illata</span> <span class='ocrx_word' id='word_1_420' title='bbox 1893 1902 1962 1944; x_wconf 90' lang='lat' dir='ltr'>fuit,</span> 
     </span>
     <span class='ocr_line' id='line_1_84' title="bbox 1225 1955 1618 1998; baseline 0.008 -14"><span class='ocrx_word' id='word_1_421' title='bbox 1225 1964 1318 1996; x_wconf 85' lang='lat' dir='ltr'>quam</span> <span class='ocrx_word' id='word_1_422' title='bbox 1346 1955 1433 1998; x_wconf 87' lang='lat' dir='ltr'>prior</span> <span class='ocrx_word' id='word_1_423' title='bbox 1459 1960 1618 1998; x_wconf 84' lang='lat' dir='ltr'>reparata.</span> 
     </span>
    </p>

    <p class='ocr_par' dir='ltr' id='par_1_13' title="bbox 1223 2007 1967 2636">
     <span class='ocr_line' id='line_1_85' title="bbox 1269 2007 1966 2052; baseline 0.004 -13"><span class='ocrx_word' id='word_1_424' title='bbox 1269 2008 1283 2050; x_wconf 64' lang='grc' dir='ltr'>ξ</span> <span class='ocrx_word' id='word_1_425' title='bbox 1309 2007 1339 2039; x_wconf 76' lang='grc'>4.</span> <span class='ocrx_word' id='word_1_426' title='bbox 1368 2008 1454 2041; x_wconf 86' lang='lat' dir='ltr'>Ilaec</span> <span class='ocrx_word' id='word_1_427' title='bbox 1479 2019 1555 2041; x_wconf 86' lang='lat' dir='ltr'>sane</span> <span class='ocrx_word' id='word_1_428' title='bbox 1582 2008 1700 2049; x_wconf 88' lang='lat' dir='ltr'>omnia,</span> <span class='ocrx_word' id='word_1_429' title='bbox 1728 2019 1821 2052; x_wconf 85' lang='lat' dir='ltr'>quae,</span> <span class='ocrx_word' id='word_1_430' title='bbox 1840 2009 1966 2042; x_wconf 82' lang='lat' dir='ltr'>durnin</span> 
     </span>
     <span class='ocr_line' id='line_1_86' title="bbox 1225 2059 1965 2104; baseline 0.007 -13"><span class='ocrx_word' id='word_1_431' title='bbox 1225 2059 1376 2093; x_wconf 86' lang='lat' dir='ltr'>humanis</span> <span class='ocrx_word' id='word_1_432' title='bbox 1403 2067 1513 2104; x_wconf 77' lang='lat' dir='ltr'>ageret</span> <span class='ocrx_word' id='word_1_433' title='bbox 1539 2067 1737 2094; x_wconf 89' lang='lat' dir='ltr'>memoratus</span> <span class='ocrx_word' id='word_1_434' title='bbox 1758 2062 1965 2096; x_wconf 83' lang='lat' dir='ltr'>Innocentius</span> 
     </span>
     <span class='ocr_line' id='line_1_87' title="bbox 1224 2115 1965 2158; baseline 0.004 -12"><span class='ocrx_word' id='word_1_435' title='bbox 1224 2115 1462 2157; x_wconf 86' lang='lat' dir='ltr'>praedecessor</span> <span class='ocrx_word' id='word_1_436' title='bbox 1481 2142 1488 2154; x_wconf 94' lang='lat'>,</span> <span class='ocrx_word' id='word_1_437' title='bbox 1514 2115 1745 2158; x_wconf 78' lang='lat' dir='ltr'>contigerunt,</span> <span class='ocrx_word' id='word_1_438' title='bbox 1772 2126 1808 2148; x_wconf 89' lang='lat' dir='ltr'>ac</span> <span class='ocrx_word' id='word_1_439' title='bbox 1842 2116 1936 2149; x_wconf 87' lang='lat' dir='ltr'>nobis</span> <span class='ocrx_word' id='word_1_440' title='bbox 1958 2143 1965 2156; x_wconf 94' lang='lat'>,</span> 
     </span>
     <span class='ocr_line' id='line_1_88' title="bbox 1225 2167 1966 2212; baseline 0.004 -13"><span class='ocrx_word' id='word_1_441' title='bbox 1225 2167 1289 2211; x_wconf 85' lang='lat' dir='ltr'>qui,</span> <span class='ocrx_word' id='word_1_442' title='bbox 1306 2168 1381 2200; x_wconf 89' lang='lat' dir='ltr'>dum</span> <span class='ocrx_word' id='word_1_443' title='bbox 1407 2168 1626 2202; x_wconf 82' lang='lat' dir='ltr'>cardinalatus</span> <span class='ocrx_word' id='word_1_444' title='bbox 1654 2169 1781 2202; x_wconf 89' lang='lat' dir='ltr'>honore</span> <span class='ocrx_word' id='word_1_445' title='bbox 1809 2169 1966 2212; x_wconf 85' lang='lat' dir='ltr'>fungeba-</span> 
     </span>
     <span class='ocr_line' id='line_1_89' title="bbox 1226 2221 1962 2264; baseline 0.005 -12"><span class='ocrx_word' id='word_1_446' title='bbox 1226 2230 1321 2260; x_wconf 90' lang='lat' dir='ltr'>mur,</span> <span class='ocrx_word' id='word_1_447' title='bbox 1347 2221 1682 2264; x_wconf 77' lang='lat' dir='ltr'>congregationilms,</span> <span class='ocrx_word' id='word_1_448' title='bbox 1709 2222 1741 2254; x_wconf 92' lang='lat' dir='ltr'>in</span> <span class='ocrx_word' id='word_1_449' title='bbox 1768 2222 1888 2264; x_wconf 89' lang='lat' dir='ltr'>quibus</span> <span class='ocrx_word' id='word_1_450' title='bbox 1923 2223 1962 2256; x_wconf 88' lang='lat' dir='ltr'>de</span> 
     </span>
     <span class='ocr_line' id='line_1_90' title="bbox 1224 2274 1962 2318; baseline 0.004 -12"><span class='ocrx_word' id='word_1_451' title='bbox 1224 2275 1323 2307; x_wconf 87' lang='lat' dir='ltr'>rebus</span> <span class='ocrx_word' id='word_1_452' title='bbox 1349 2274 1438 2307; x_wconf 85' lang='lat' dir='ltr'>hisce</span> <span class='ocrx_word' id='word_1_453' title='bbox 1465 2280 1570 2307; x_wconf 89' lang='lat' dir='ltr'>actum</span> <span class='ocrx_word' id='word_1_454' title='bbox 1597 2275 1675 2314; x_wconf 87' lang='lat' dir='ltr'>fuit,</span> <span class='ocrx_word' id='word_1_455' title='bbox 1702 2275 1824 2318; x_wconf 89' lang='lat' dir='ltr'>pluries</span> <span class='ocrx_word' id='word_1_456' title='bbox 1859 2275 1962 2309; x_wconf 85' lang='lat' dir='ltr'>inter—</span> 
     </span>
     <span class='ocr_line' id='line_1_91' title="bbox 1225 2327 1966 2370; baseline 0.007 -12"><span class='ocrx_word' id='word_1_457' title='bbox 1225 2327 1362 2366; x_wconf 86' lang='lat' dir='ltr'>fuimus,</span> <span class='ocrx_word' id='word_1_458' title='bbox 1388 2328 1535 2370; x_wconf 88' lang='lat' dir='ltr'>apprime</span> <span class='ocrx_word' id='word_1_459' title='bbox 1562 2328 1782 2369; x_wconf 88' lang='lat' dir='ltr'>innotuerant,</span> <span class='ocrx_word' id='word_1_460' title='bbox 1808 2331 1871 2362; x_wconf 78' lang='lat' dir='ltr'>una</span> <span class='ocrx_word' id='word_1_461' title='bbox 1892 2340 1966 2363; x_wconf 89' lang='lat' dir='ltr'>cum</span> 
     </span>
     <span class='ocr_line' id='line_1_92' title="bbox 1225 2380 1965 2426; baseline 0.007 -15"><span class='ocrx_word' id='word_1_462' title='bbox 1225 2380 1294 2412; x_wconf 82' lang='lat' dir='ltr'>aliis</span> <span class='ocrx_word' id='word_1_463' title='bbox 1316 2381 1537 2422; x_wconf 89' lang='lat' dir='ltr'>praesentium</span> <span class='ocrx_word' id='word_1_464' title='bbox 1564 2386 1748 2424; x_wconf 85' lang='lat' dir='ltr'>temporum</span> <span class='ocrx_word' id='word_1_465' title='bbox 1767 2382 1859 2416; x_wconf 84' lang='lat' dir='ltr'>facile</span> <span class='ocrx_word' id='word_1_466' title='bbox 1873 2393 1965 2426; x_wconf 84' lang='lat' dir='ltr'>prae-</span> 
     </span>
     <span class='ocr_line' id='line_1_93' title="bbox 1224 2432 1967 2473; baseline 0.007 -8"><span class='ocrx_word' id='word_1_467' title='bbox 1224 2432 1300 2466; x_wconf 91' lang='lat' dir='ltr'>visis</span> <span class='ocrx_word' id='word_1_468' title='bbox 1327 2434 1575 2473; x_wconf 76' lang='lat' dir='ltr'>calamitatibus,</span> <span class='ocrx_word' id='word_1_469' title='bbox 1602 2434 1720 2467; x_wconf 85' lang='lat' dir='ltr'>mentis</span> <span class='ocrx_word' id='word_1_470' title='bbox 1740 2441 1871 2469; x_wconf 86' lang='lat' dir='ltr'>nostrae</span> <span class='ocrx_word' id='word_1_471' title='bbox 1889 2447 1967 2469; x_wconf 91' lang='lat' dir='ltr'>ocu-</span> 
     </span>
     <span class='ocr_line' id='line_1_94' title="bbox 1223 2485 1967 2530; baseline 0.005 -12"><span class='ocrx_word' id='word_1_472' title='bbox 1223 2486 1263 2519; x_wconf 93' lang='lat' dir='ltr'>lis</span> <span class='ocrx_word' id='word_1_473' title='bbox 1290 2485 1457 2520; x_wconf 86' lang='lat' dir='ltr'>obversata</span> <span class='ocrx_word' id='word_1_474' title='bbox 1483 2485 1669 2528; x_wconf 74' lang='lat' dir='ltr'>effecerunt,</span> <span class='ocrx_word' id='word_1_475' title='bbox 1697 2493 1730 2520; x_wconf 88' lang='lat' dir='ltr'>ut</span> <span class='ocrx_word' id='word_1_476' title='bbox 1755 2499 1823 2530; x_wconf 89' lang='lat' dir='ltr'>nos,</span> <span class='ocrx_word' id='word_1_477' title='bbox 1850 2489 1889 2522; x_wconf 92' lang='lat' dir='ltr'>ad</span> <span class='ocrx_word' id='word_1_478' title='bbox 1915 2499 1967 2522; x_wconf 91' lang='lat' dir='ltr'>su-</span> 
     </span>
     <span class='ocr_line' id='line_1_95' title="bbox 1223 2539 1961 2583; baseline 0.005 -12"><span class='ocrx_word' id='word_1_479' title='bbox 1223 2539 1328 2581; x_wconf 86' lang='lat' dir='ltr'>premi</span> <span class='ocrx_word' id='word_1_480' title='bbox 1353 2541 1551 2583; x_wconf 85' lang='lat' dir='ltr'>apostolatus</span> <span class='ocrx_word' id='word_1_481' title='bbox 1589 2541 1715 2583; x_wconf 86' lang='lat' dir='ltr'>apicem</span> <span class='ocrx_word' id='word_1_482' title='bbox 1752 2552 1818 2574; x_wconf 92' lang='lat' dir='ltr'>non</span> <span class='ocrx_word' id='word_1_483' title='bbox 1854 2542 1961 2575; x_wconf 86' lang='lat' dir='ltr'>minus</span> 
     </span>
     <span class='ocr_line' id='line_1_96' title="bbox 1223 2593 1964 2636; baseline 0.005 -12"><span class='ocrx_word' id='word_1_484' title='bbox 1223 2593 1313 2627; x_wconf 83' lang='lat' dir='ltr'>inviti</span> <span class='ocrx_word' id='word_1_485' title='bbox 1353 2603 1449 2636; x_wconf 87' lang='lat' dir='ltr'>quam</span> <span class='ocrx_word' id='word_1_486' title='bbox 1486 2593 1696 2628; x_wconf 85' lang='lat' dir='ltr'>immerentes</span> <span class='ocrx_word' id='word_1_487' title='bbox 1735 2595 1861 2635; x_wconf 86' lang='lat' dir='ltr'>vocati,</span> <span class='ocrx_word' id='word_1_488' title='bbox 1899 2596 1964 2629; x_wconf 70' lang='lat' dir='ltr'>tota</span> 
     </span>
    </p>
   </div>
   <div class='ocr_carea' id='block_1_9' title="bbox 1968 200 2153 228">
    <p class='ocr_par' dir='ltr' id='par_1_14' title="bbox 1968 200 2153 228">
     <span class='ocr_line' id='line_1_97' title="bbox 1968 200 2153 228; baseline 0.005 -1"><span class='ocrx_word' id='word_1_489' title='bbox 1968 200 2018 227; x_wconf 77' lang='lat' dir='ltr'>An.</span> <span class='ocrx_word' id='word_1_490' title='bbox 2035 200 2065 228; x_wconf 87' lang='lat' dir='ltr'>C.</span> <span class='ocrx_word' id='word_1_491' title='bbox 2086 200 2153 228; x_wconf 77' lang='lat'>¹707</span> 
     </span>
    </p>
   </div>
   <div class='ocr_carea' id='block_1_10' title="bbox 1977 2018 2161 2092">
    <p class='ocr_par' dir='ltr' id='par_1_15' title="bbox 1977 2018 2161 2092">
     <span class='ocr_line' id='line_1_98' title="bbox 2004 2018 2161 2044; baseline 0.006 -6"><span class='ocrx_word' id='word_1_492' title='bbox 2004 2018 2161 2044; x_wconf 74' lang='lat' dir='ltr'>Longantmttas</span> 
     </span>
     <span class='ocr_line' id='line_1_99' title="bbox 1977 2045 2161 2075; baseline 0.005 -10"><span class='ocrx_word' id='word_1_493' title='bbox 1977 2045 2056 2075; x_wconf 77' lang='lat' dir='ltr'>Summi</span> <span class='ocrx_word' id='word_1_494' title='bbox 2076 2046 2161 2066; x_wconf 75' lang='lat' dir='ltr'>Pontin-</span> 
     </span>
     <span class='ocr_line' id='line_1_100' title="bbox 1977 2078 2015 2092; baseline 0 0"><span class='ocrx_word' id='word_1_495' title='bbox 1977 2078 2015 2092; x_wconf 68' lang='lat' dir='ltr'>cis.</span> 
     </span>
    </p>
   </div>
  </div>
 </body>
</html>
