2269 3203
108 239 160 270 An.
179 240 211 270 C.
228 241 296 269 1715

119 1796 231 1817 Decretum
241 1801 304 1821 prae—

119 1823 198 1842 dictum
226 1827 305 1842 απελτ

120 1850 206 1870 editum.

923 234 1063 260 CLmffiNs
1087 234 1120 258 XI
1142 235 1192 259 Pr.

303 300 602 334 quorumcumque,
630 299 666 322 ac
701 285 893 332 praesertim
925 284 1036 318 reddi—

304 350 392 377 tuum
418 343 632 387 quorumdam
659 340 837 374 officiorum
868 338 900 371 in
927 338 1038 371 eadem

303 397 433 430 civitate
458 397 534 430 olim
561 400 745 429 erectorum
780 390 860 437 quae
892 401 952 425 nos
985 402 1041 434 pe-

303 450 416 483 culiari
448 455 560 483 nostro
585 447 808 491 chirographo
844 446 895 478 die
920 455 970 478 xri
999 444 1042 476 se-

302 503 427 536 bruarii
452 502 596 546 proxime
616 501 793 545 praeterito
811 499 964 543 expedito
983 498 1042 530 sub

304 553 400 589 certis
432 556 531 588 modo
565 560 596 587 et
621 554 723 587 forma
762 558 839 585 tunc
876 550 1042 594 expressis

303 609 513 650 abolevimus,
529 607 722 641 extinximus
742 612 772 640 et.
788 605 1040 649 suppressimus,

305 672 484 706 corumque
523 661 741 694 emolumenta
778 665 840 691 tam
881 658 1044 691 ordinaria

305 727 400 760 quam
425 714 701 754 extraordinaria,
728 719 759 746 et
784 713 846 746 alia
872 721 1045 756 quaecum-

304 780 366 813 que
392 768 540 812 regimini
567 779 622 802 seu
657 766 860 809 magistratui
897 765 1043 798 eiusdem

304 821 439 855 civitatis
463 826 625 866 perpetuo
652 819 889 864 applicavimus
915 823 946 851 et
971 817 1046 850 assi-

305 875 481 918 gnavimus,
508 877 544 908 ea
569 874 702 918 speciali
722 873 846 906 adiecta
864 873 936 915 lege
955 877 990 904 ut
1014 871 1044 903 in

306 940 417 970 usum,
439 928 642 962 commodum
665 933 697 961 et
725 927 897 960 utilitatem
919 925 1047 969 praedi-

305 988 375 1016 ctae
389 982 595 1022 Academiae,
612 987 644 1014 et
657 981 737 1014 alios
752 990 844 1020 usus,
862 990 897 1013 ex
920 979 1047 1021 integro

305 1036 474 1079 perpetuis
493 1035 608 1068 suturis
631 1035 831 1078 temporibus
854 1032 980 1076 erogari
997 1033 1050 1065 de-

306 1089 427 1129 beant,
459 1094 567 1122 rectae
599 1088 820 1131 providaeque
846 1085 1050 1120 administra-

308 1141 387 1174 tioni
413 1147 541 1185 praeest
559 1146 590 1174 et
608 1141 784 1184 diligenter
801 1139 968 1172 incumbit.
987 1137 1050 1171 No-

307 1194 438 1227 vissime
458 1205 534 1227 vero
557 1194 714 1238 praedicti
740 1193 987 1231 reformatores,
1015 1196 1050 1223 ut

309 1247 423 1280 eadem
457 1248 632 1281 Academia
662 1246 786 1280 felicius
821 1246 853 1278 in
881 1250 1049 1292 posterum

309 1299 519 1342 gubernetur,
546 1305 577 1333 et
601 1300 723 1333 maiora
749 1299 781 1332 in
807 1299 897 1339 dies,
918 1297 1051 1330 benedi-

309 1357 401 1385 cente
415 1352 566 1393 Domino,
579 1352 734 1396 suscipiat
747 1352 958 1390 incrementa,
974 1359 1052 1382 non-

309 1405 416 1438 nullas
441 1405 692 1438 constitutiones
720 1415 774 1438 seu
804 1408 923 1437 statuta
953 1401 1049 1435 condi

310 1469 345 1491 ac
375 1458 407 1491 in
435 1469 535 1491 unum
561 1459 715 1492 volumen
747 1457 851 1500 redigi
884 1456 1049 1493 fecerunt,

311 1522 425 1555 eaque,
450 1513 576 1545 matura
593 1511 788 1555 praehabita
804 1508 1050 1546 deliberatione,

311 1565 450 1598 subinde
476 1565 702 1608 approbarunt
725 1562 882 1607 peculiari
907 1562 1051 1600 decreto,

312 1618 403 1650 euius
427 1627 554 1651 necnon
572 1617 758 1650 earumdem
785 1614 1051 1649 constitutionum

313 1681 370 1704 seu
395 1675 592 1704 statutorum
619 1676 711 1703 tenor
737 1675 784 1703 est
810 1669 862 1713 qui
893 1666 1051 1711 sequitur,

311 1723 476 1757 videlicet:

354 1795 406 1825 Die
427 1804 498 1825 xxm
519 1796 615 1824 martii
636 1802 771 1830 ninccxv,
793 1793 962 1831 congregatis
988 1791 1055 1820 illu-

315 1846 458 1874 strissimis
480 1846 598 1874 dominis
618 1843 845 1884 reformatoribus
866 1842 959 1872 Status
975 1841 1054 1871 liber-

314 1895 378 1923 tatis
400 1895 521 1924 cit-itatis
544 1894 685 1924 Bononiae
707 1894 736 1922 in
763 1895 871 1922 camerti
897 1892 1055 1920 eminentis-

313 1944 377 1973 simi
398 1948 423 1972 et
446 1942 668 1972 reverendissimi
683 1942 787 1970 donzini
809 1940 959 1979 cardinalis
974 1940 1055 1979 legati

313 1992 478 2021 innumero
507 1991 709 2029 triyintaunius
738 1991 768 2019 in
795 1990 854 2018 eius
877 1989 1052 2027 praesentiri,

314 2049 346 2069 ac
366 2041 398 2069 de
420 2041 508 2079 ipsius
530 2048 661 2069 consensu
681 2043 705 2067 et
726 2038 873 2073 uoluntate,
890 2037 962 2065 inter
984 2037 1055 2076 ipsos

315 2089 528 2127 infrascriptum
557 2088 694 2127 partitum
727 2087 844 2125 positum
878 2089 903 2115 et
937 2084 1056 2123 legitime

316 2137 450 2166 obtentum
478 2138 550 2176 fuit,
571 2136 711 2166 videlicet:
738 2145 751 2163 ‹<
776 2134 845 2164 Cum
869 2135 925 2163 iam
946 2135 1054 2172 pridem

316 2191 341 2215 et
362 2186 410 2215 sub
432 2187 475 2215 die
500 2194 538 2215 ΧΠ
566 2186 668 2215 mensis
689 2184 837 2215 decembris
859 2187 926 2214 armi
948 2191 1055 2213 Mocext

317 2245 351 2264 ex
371 2235 604 2264 senatusconsulto
631 2235 796 2274 approbatae
818 2235 925 2274 fuerint
956 2234 1056 2263 consti-

318 2285 432 2313 tutiones
460 2289 485 2313 et
513 2284 665 2313 sanctiones
687 2288 752 2312 tunc
773 2284 892 2312 indictae
918 2292 969 2321 pro
992 2291 1056 2311 novo

319 2333 495 2362 scientiarum
510 2332 639 2362 Instituto
654 2332 806 2369 diriyendo,
829 2331 897 2369 quod
919 2341 934 2359 a
955 2331 1057 2369 primis

320 2390 403 2418 usque
423 2382 481 2410 suis
501 2382 620 2410 exordiis
642 2381 808 2410 sanctissimi
840 2381 943 2410 domini
971 2380 1057 2408 nostri

320 2428 423 2457 domini
455 2427 601 2458 Clementis
629 2428 670 2458 XI
701 2439 753 2468 per
779 2428 864 2467 plura
896 2427 1057 2457 Sanctitatis

321 2475 393 2504 Suae
414 2475 563 2514 diplomata
578 2477 770 2507 liberalissime
788 2481 926 2514 ornatum,
949 2480 974 2506 et
996 2486 1057 2505 suc-

322 2524 420 2552 cessive
441 2524 475 2552 ad
506 2523 712 2554 luculentiorem
737 2526 781 2554 sui
810 2525 969 2564 felicitatem
1000 2534 1057 2553 ma-

323 2573 419 2610 iusque
450 2573 477 2600 iu
515 2577 653 2610 posterum
692 2574 889 2602 incrementum
924 2577 1058 2612 paternae

323 2621 441 2650 eiusdem
466 2620 666 2658 munificentiae
693 2625 719 2650 et
744 2623 845 2650 amoris
867 2622 950 2650 tutela
970 2623 1056 2652 novis-

1084 295 1134 324 que
1156 294 1262 323 semper
1284 283 1473 322 beneficentior
1496 283 1676 311 nwuununus
1699 282 1822 311 cuniula-

1085 335 1167 368 lum¹,
1184 334 1213 363 iu
1230 333 1279 362 hac
1294 334 1352 371 ipsd
1370 333 1480 362 eit-itate
1495 332 1546 361 lali
1559 332 1695 370 proposito
1707 335 1822 359 erectum

1084 384 1151 420 suit,
1178 386 1204 411 ut
1226 392 1260 411 eii:
1281 382 1381 411 maiori
1403 390 1508 420 semper
1536 380 1712 409 sidoniorum
1737 384 1761 407 et
1783 380 1825 407 d'-

1085 431 1265 470 sciplinarum
1286 430 1406 459 ubertate
1428 431 1455 458 in
1476 430 1567 458 rtirlvm
1585 434 1608 457 el
1623 429 1731 467 priseae
1745 438 1826 466 prar-

1085 480 1202 508 stantiae
1232 483 1426 518 pernuuwrent
1457 483 1481 507 et
1513 478 1627 506 niaioris
1659 486 1765 514 semper
1797 477 1824 504 iu

1086 538 1180 557 arrum
1212 531 1368 556 ornamento
1399 531 1472 556 tanto
1504 526 1615 561 auspice
1638 528 1825 562 augerentur,-

1086 587 1200 615 cumque
1220 586 1271 615 pro
1293 576 1434 614 e.rplorato
1458 575 1579 604 liabilum
1602 575 1687 613 fuerit
1710 583 1743 601 ea:
1769 572 1827 601 iltis

1089 625 1234 654 nonnullas
1253 624 1409 663 planiorem
1431 628 1455 652 et
1478 622 1676 652 ineluctabilem
1694 621 1827 659 sibiipsis

1088 675 1235 713 adepturus
1257 673 1468 710 observantiam,
1493 673 1516 701 si
1539 671 1579 701 rel
1602 671 1666 700 illae
1689 671 1717 699 in
1733 669 1827 708 aliqud

1086 727 1167 762 parte
1189 722 1320 751 clariores
1342 723 1441 759 fartae,
1460 721 1501 749 rel
1524 721 1625 759 aptiori
1652 719 1829 758 dispositione

1089 772 1227 810 suffectae,
1253 771 1278 799 in
1307 770 1446 809 aliquibus
1475 770 1616 805 adam-tm,
1635 769 1661 797 in
1691 766 1829 805 aliquibus

1089 823 1252 860 repurgata?
1273 821 1406 858 fuissent:
1428 823 1522 857 patres
1544 818 1690 855 cowcripti
1704 826 1755 855 per
1770 817 1830 853 suf-

1089 870 1183 907 fragia
1203 869 1293 898 omnia
1316 868 1486 907 affirmatira
1502 867 1706 896 constitutiones
1728 869 1752 893 et
1768 875 1831 893 san-

1090 919 1191 947 ctiones
1210 917 1366 956 praedictas
1388 926 1421 945 ea:
1443 915 1549 944 collatis
1571 915 1597 943 in
1627 915 1700 953 ipsas
1733 913 1831 942 studiis

1093 966 1137 995 ubi
1168 966 1325 995 earumdem
1353 966 1424 994 ratio
1451 965 1479 993 id
1509 973 1653 1003 erposrere
1686 964 1744 991 risa
1774 963 1829 1000 suit

1092 1015 1233 1043 nonnullis
1261 1015 1289 1044 in
1320 1014 1385 1043 locis
1417 1013 1601 1046 declarando,
1626 1013 1654 1041 in
1689 1010 1830 1039 nonnullis

1092 1064 1270 1099 immutando,
1285 1067 1310 1092 et
1325 1063 1379 1092 sire
1400 1062 1480 1091 etiam
1507 1063 1538 1090 in
1564 1061 1630 1090 altis
1652 1060 1828 1093 emendenda,

1093 1114 1120 1142 in
1154 1112 1277 1142 omnibus
1308 1116 1332 1141 et
1362 1121 1414 1150 per
1447 1111 1537 1140 omnia
1563 1111 1597 1139 ad
1619 1110 1830 1148 infrascriptam

1092 1162 1245 1191 methodum
1267 1162 1345 1190 iuxta
1361 1164 1493 1190 recentem
1509 1161 1629 1198 ipsarum
1647 1159 1829 1187 e.1:tensionem

1094 1211 1122 1240 in
1142 1210 1224 1249 pleno
1245 1214 1342 1240 senatu
1364 1209 1534 1238 reduxerunt
1556 1212 1580 1237 et
1596 1207 1785 1246 approbarunt
1804 1217 1830 1234 u.

1138 1259 1223 1288 Tenor
1244 1268 1304 1288 rero
1323 1259 1445 1297 ipsarum
1467 1257 1702 1292 constitutionum,
1726 1260 1763 1285 est
1786 1255 1833 1293 qui

1093 1309 1228 1347 sequitur,
1252 1307 1393 1337 videlicet.-

1162 1390 1187 1411 ιε
1204 1390 1361 1411 εοςτιτυιιοκι
1378 1389 1555 1411 ῡῑ11ἰςῑιτυτο
1573 1388 1642 1409 nat}
1659 1387 1764 1411 sciznzz,

1126 1441 1194 1466 eruto
1216 1437 1237 1466 in
1256 1435 1350 1475 Boloqna
1370 1441 1425 1465 sono
1447 1435 1460 1465 li
1484 1444 1521 1464 xu
1544 1435 1661 1467 decembre.
1678 1442 1796 1473 nineexi.

1135 1503 1172 1533 Da
1197 1500 1284 1542 tempi
1307 1501 1502 1532 antichissimi
1525 1501 1583 1531 sino
1602 1501 1656 1531 alla
1674 1505 1770 1530 nostra
1787 1501 1831 1529 eta

1094 1551 1205 1581 avendo
1228 1560 1342 1590 sempre
1358 1554 1444 1580 avuta
1462 1549 1562 1579 l'alma
1579 1549 1646 1579 eiua
1663 1549 1691 1578 di
1707 1549 1833 1587 Bologua

1095 1609 1163 1630 cura
1187 1600 1361 1639 particolare
1383 1599 1411 1629 di
1435 1599 1561 1629 allevare
1583 1598 1630 1628 nel
1647 1607 1698 1628 suo
1714 1597 1835 1636 grembo

1095 1649 1121 1679 le
1144 1649 1270 1685 scienze,
1294 1658 1309 1678 e
1331 1648 1360 1678 di
1376 1648 1533 1678 esercitare
1548 1657 1605 1677 una
1621 1647 1762 1685 diligente
1775 1647 1836 1676 cut-

1096 1703 1170 1736 tura,
1195 1698 1343 1728 conforme
1365 1697 1401 1727 ha
1418 1697 1488 1727 fatto
1504 1705 1663 1727 conoscere
1681 1695 1756 1725 nella
1774 1695 1836 1724 sono

1095 1747 1216 1777 dazione
1233 1756 1248 1776 e
1264 1746 1495 1776 mantenimento
1509 1745 1555 1776 del
1573 1744 1709 1785 pubblico
1725 1744 1834 1781 studio,

1096 1796 1181 1835 quale
1204 1795 1315 1825 avendo
1345 1795 1471 1834 prodotti
1495 1804 1508 1824 a
1533 1794 1674 1824 benesszio
1703 1793 1731 1822 di
1761 1797 1836 1822 tutto

1096 1844 1116 1874 il
1139 1844 1245 1874 mondo
1276 1843 1443 1874 moltissimi
1472 1843 1584 1873 uomini
1613 1841 1836 1872 celebratissimi

1097 1901 1149 1932 per
1170 1893 1197 1922 le
1220 1892 1308 1927 virtu,
1332 1901 1384 1931 per
1406 1892 1432 1921 le
1454 1891 1593 1927 dottrine,
1611 1900 1625 1920 e
1642 1900 1693 1930 per
1715 1889 1836 1929 qualun-

1097 1950 1153 1980 que
1175 1941 1298 1977 scienza,
1316 1941 1331 1970 e
1354 1943 1429 1969 stato
1451 1939 1544 1977 degne
1560 1939 1588 1968 di
1605 1948 1701 1968 essere
1724 1939 1837 1968 conser-

1097 1993 1174 2019 mato
1197 1998 1212 2018 e
1247 1988 1431 2028 privilegiato
1458 1988 1532 2017 dalle
1555 1987 1634 2017 Belle
1659 1987 1704 2016 dei
1727 1987 1835 2016 Semini

1098 2037 1237 2067 Pontessci
1267 2047 1282 2067 e
1304 2037 1352 2067 dai
1374 2037 1494 2076 diplomi
1526 2036 1602 2074 degli
1636 2035 1836 2073 augustissimi

1098 2087 1278 2126 imperatori,
1304 2095 1319 2115 e
1342 2085 1543 2116 conservando
1567 2085 1688 2115 tuttavia
1713 2086 1765 2124 p'er
1788 2094 1837 2114 na-

1098 2135 1192 2166 turale
1214 2135 1315 2165 istinto
1337 2144 1352 2164 e
1379 2134 1508 2164 benefica
1538 2134 1680 2163 intluenza
1707 2134 1753 2163 de'
1771 2134 1838 2163 cicli

1098 2184 1300 2224 quest'indole
1324 2192 1467 2221 generosa
1498 2183 1555 2220 agli
1578 2182 1655 2212 studi
1687 2182 1715 2211 in
1740 2183 1805 2211 tutti
1829 2183 1838 2211 i

1099 2234 1161 2264 suoi
1184 2233 1256 2271 agli,
1285 2242 1300 2261 e
1328 2232 1537 2271 specialmente
1570 2231 1617 2260 nel
1647 2240 1698 2260 suo
1727 2231 1838 2260 eccelso

1099 2286 1216 2317 senato,
1240 2280 1351 2310 andava
1385 2280 1481 2319 questi
1509 2289 1563 2309 con
1588 2284 1699 2309 matura
1724 2279 1836 2317 gravita

1099 2329 1289 2360 consultando
1321 2329 1445 2368 qualche
1476 2337 1564 2367 opera
1588 2327 1788 2363 memorabile,
1812 2327 1838 2356 la

1100 2380 1184 2419 quale
1207 2379 1408 2408 manifestasse
1431 2377 1457 2407 la
1480 2387 1532 2407 sua
1556 2377 1707 2415 magnifica
1732 2377 1838 2406 libera-

1100 2428 1150 2458 lita
1172 2438 1187 2457 e
1209 2427 1405 2457 benevolenza
1427 2426 1482 2456 alla
1506 2426 1639 2463 filosossa,
1671 2425 1726 2455 alle
1749 2430 1839 2454 mate-

1101 2476 1236 2513 matiche,
1261 2485 1275 2505 e
1298 2475 1583 2505 consecutivamente
1615 2474 1671 2504 alle
1704 2473 1758 2503 arti
1790 2473 1837 2511 piu

1099 2524 1236 2562 cospicue
1265 2523 1339 2553 della
1366 2523 1504 2552 moderna
1532 2521 1717 2551 meceaniea:

1139 2571 1260 2606 Quando
1291 2572 1309 2601 il
1333 2571 1470 2609 generale
1506 2575 1590 2599 conte
1626 2569 1706 2605 Luigi
1742 2568 1838 2597 Perdi-

1138 2627 1145 2651 1
1171 2625 1239 2652 Edit.
1261 2625 1341 2651 Maia.
1363 2624 1428 2659 legit
1448 2624 1627 2651 aemulatum
1648 2623 1688 2655 (n.
1709 2623 1757 2655 Τ.),

1725 223 1787 256 oss
1834 230 1929 258 Aac.
1947 229 2016 258 1715

1872 1510 2012 1531 Prooemium.

1885 2564 1975 2585 Donatio
1991 2570 2033 2584 am-

1849 2591 1929 2617 plarum
1941 2597 2009 2613 rerum
2023 2597 2034 2610 a
