2269 3203
462 204 524 237 986
1009 213 1039 235 nt
1051 214 1152 236 tinum
1166 214 1183 235 n
1212 214 1359 237 minimi

416 267 574 299 Nemours
601 275 704 298 comes
731 265 871 304 Iacobus,
896 265 966 297 victe
991 264 1120 297 lacobus
1144 275 1249 298 comes
1273 265 1438 299 Nemours.

414 319 580 364 Neophyti.
604 337 646 343 —
671 318 842 362 Neophytis
866 317 1048 352 constitutio
1075 317 1162 350 Pauli
1185 317 1237 358 Ill,
1264 318 1302 351 de
1324 318 1497 362 privilegiis
1522 318 1707 352 eorumdem
1738 319 1843 363 quoad
1869 319 1952 352 bona

502 372 708 416 temporalia,
731 382 801 405 curn
822 371 1009 415 quibusdam
1035 370 1285 404 ordinationibus
1310 371 1516 405 confirmatur
1541 377 1571 404 et
1595 372 1775 415 ampliatur,
1800 371 1863 406 108
1883 383 1904 406 α
1927 376 1958 406 et

501 436 580 469 seq.;
606 426 680 458 item
705 436 764 469 pro
790 423 948 457 desiderio
973 423 1188 456 conversionis
1213 423 1380 457 iudeorum
1406 424 1582 458 executioni
1607 424 1813 458 demandetur
1841 425 1957 458 consti-

504 479 582 513 tutio
607 478 750 521 Gregorii
770 477 838 510 XIII
862 476 966 521 quoad
983 476 1152 509 conciones
1172 476 1210 508 ad
1228 476 1382 510 hebraeos
1399 477 1561 510 habendas
1586 483 1616 511 et
1639 478 1878 512 concionatores
1901 478 1957 511 be-

503 531 599 574 nigne
616 536 719 574 agant,
740 530 805 563 ‘1110
821 540 860 569 (03
881 529 1086 563 ecclesiarum
1104 529 1261 572 praelatis,
1286 540 1322 562 ac
1339 531 1552 565 saecularibus
1573 531 1778 575 principibus,
1796 530 1956 565 omnibus-

501 595 563 629 que
587 583 855 624 christifidelibus,
881 583 1031 627 neophyti
1057 582 1328 624 commendantur,
1354 583 1418 617 1110
1442 585 1459 617 b
1483 590 1513 617 et
1536 596 1597 629 seq.

413 638 651 682 Neophytorum
677 642 707 670 et
731 637 1037 671 Cathecumenorum
1063 636 1101 669 de
1126 636 1209 669 Urbe
1234 636 1347 670 domus
1364 637 1571 681 locorumque
1596 638 1723 682 piorum
1749 637 1795 671 illi
1818 637 1955 672 adnexo-

500 701 571 723 rum
600 700 713 723 causae
738 699 847 722 omnes
871 689 1028 733 privative
1052 689 1258 732 vicesgerenti
1283 689 1377 723 Urbis
1403 690 1658 732 committuntur,
1678 690 1742 724 292
1764 702 1784 724 α
1808 696 1838 724 et
1861 702 1925 735 seq.

411 743 563 777 Niciensis
588 743 728 777 Senatus.
747 761 790 767 —-
807 742 959 776 Niciensis
983 742 1115 775 Senatus
1138 742 1320 775 mandatum
1346 753 1405 786 pro
1423 744 1598 777 remotione
1617 745 1782 778 cuiusdam
1799 744 1957 789 sequestri

502 797 624 830 nullum
649 796 847 836 declaratur,
871 794 936 828 4213
961 806 981 829 α
1006 801 1035 828 et
1059 806 1136 839 seqs,
1163 795 1317 829 Niciensis
1342 801 1469 829 senatus
1494 797 1645 830 officiales
1670 808 1686 830 a
1719 798 1838 831 vicario
1870 798 1956 841 capi-

501 849 595 882 tulari
627 849 768 882 eiusdem
800 848 952 882 ecclesiae
976 848 1148 889 Niciensis,
1174 854 1333 892 tamquam
1358 849 1568 882 immunitatis
1598 850 1830 884 ecclesiasticae
1859 850 1956 884 viola-

501 907 586 936 tores
619 902 658 935 ob
684 906 859 935 extractum
884 901 922 934 ab
955 901 1088 935 ecclesia
1121 902 1334 944 sacerdotem,
1368 902 1519 936 declarati
1552 903 1641 936 suere
1673 903 1957 944 excommunicati,

503 955 557 989 sed
589 955 628 989 ab
657 955 783 989 officiali
815 955 1032 999 metropolitae
1058 955 1290 988 Ebredunensis
1315 956 1419 1000 primo
1444 956 1483 989 ad
1509 956 1665 989 cautelam
1689 956 1824 989 absoluti
1848 957 1955 997 fuere,

505 1020 541 1042 ac
570 1014 680 1053 postea
710 1008 816 1041 nullae
845 1008 1022 1041 declaratae
1047 1018 1217 1049 censurae,
1245 1009 1289 1042 uti
1314 1010 1427 1051 refert,
1454 1008 1519 1043 825
1543 1021 1563 1042 a
1587 1015 1617 1042 et
1641 1020 1718 1053 seq.;
1754 1009 1829 1043 item
1854 1009 1956 1043 dictos

503 1061 665 1096 ministros
693 1067 855 1106 tamquam
887 1062 1186 1102 excommunicatos,
1212 1062 1312 1096 donee
1337 1073 1353 1096 a
1378 1064 1491 1096 Sancta
1525 1062 1604 1096 Sede
1634 1063 1726 1096 aliter
1760 1063 1955 1097 declaratum

501 1115 616 1156 fuerit,
641 1115 786 1148 vitandos
811 1125 879 1148 esse
904 1115 1088 1156 mandatur,
1114 1115 1177 1148 827
1202 1127 1221 1149 a
1246 1121 1276 1149 et
1300 1116 1336 1157 b3
1364 1117 1436 1150 vide
1459 1116 1663 1157 provocatio,
1688 1120 1715 1150 et
1745 1116 1902 1150 Sahaudia
1927 1122 1956 1150 ec

502 1169 659 1203 Censurae
685 1168 913 1202 ecclesiasticae
939 1174 965 1202 et
990 1169 1225 1202 Ebreduncnsis
1245 1169 1515 1214 archiepiscopus.

411 1222 563 1256 Niciensis
587 1222 752 1255 comitatus
781 1227 935 1266 potestate
963 1222 1125 1257 decretum
1158 1222 1276 1255 editum
1308 1228 1338 1256 et
1369 1223 1536 1257 eoncordia
1569 1223 1607 1256 ab
1635 1223 1856 1257 ecclesiasticis
1881 1234 1953 1258 cum

500 1275 638 1320 syndicis
663 1280 765 1308 terrae
790 1275 910 1308 Villarii
935 1275 1010 1308 inita
1037 1286 1132 1320 super
1156 1276 1312 1309 solutione
1337 1286 1470 1310 onerum
1494 1276 1668 1320 laicalium,
1691 1288 1761 1311 cum
1789 1277 1900 1322 poenis
1925 1277 1955 1311 in

500 1328 783 1369 contravenientes,
808 1329 894 1362 nulla
918 1329 1129 1370 declarantur,
1158 1329 1221 1362 539
1247 1341 1265 1363 α
1293 1335 1321 1363 et
1346 1341 1404 1374 seq.

410 1381 549 1416 Nuncius
573 1382 776 1425 apostolicus.
795 1400 838 1406 -
854 1382 966 1415 Nuneii
991 1383 1156 1426 apostolici
1177 1383 1390 1426 Portugalliae
1416 1388 1557 1427 patentes
1578 1384 1699 1417 litterae
1715 1383 1753 1417 de
1769 1384 1956 1417 alternative

499 1435 676 1469 officiorum
702 1435 733 1468 in
757 1435 919 1478 provincia
946 1436 1155 1478 Portugalliae
1181 1436 1306 1469 Ordinis
1331 1436 1542 1468 Eremitarum
1567 1437 1665 1469 sancti
1690 1437 1855 1480 Augustini
1874 1437 1952 1470 rela-

500 1494 549 1530 tae
575 1488 813 1528 confirmantur,
838 1488 902 1521 190
926 1489 942 1521 b
968 1495 998 1521 et
1022 1500 1105 1532 seq.;
1134 1489 1266 1521 rumeins
1291 1488 1483 1531 apostolicus
1508 1489 1539 1521 in
1560 1490 1771 1532 Portugalliae
1800 1495 1830 1522 et
1846 1490 1955 1532 Algar-

497 1541 623 1575 biorum
649 1542 755 1584 regnis
780 1542 838 1574 sub
860 1542 1017 1575 Clemente
1042 1542 1080 1574 XI
1106 1541 1205 1573 extitit
1226 1541 1490 1584 Mieliaelangelus
1523 1542 1561 1575 de
1590 1542 1764 1575 Comitibus
1792 1542 1952 1586 archiepi-

498 1605 611 1639 scopus
636 1595 809 1635 Tarsensis,
828 1599 862 1627 ut
887 1594 1057 1637 colligum,
1084 1595 1142 1627 lan
1161 1595 1194 1634 h;
1219 1595 1336 1627 nuncio
1360 1595 1534 1637 apostolico
1560 1595 1597 1627 ad
1623 1600 1758 1628 tractum
1783 1595 1894 1636 Rheni,
1919 1600 1954 1628 ut

498 1647 675 1680 declararet
699 1646 866 1679 canonicos
891 1647 1143 1690 Osnabrugensis
1168 1647 1319 1680 ecclesiae
1344 1647 1384 1680 ob
1410 1647 1653 1691 postulationem
1685 1648 1839 1692 principis
1863 1649 1956 1682 aeha-

499 1699 583 1733 tolici
613 1699 645 1731 in
673 1699 855 1743 episcopum
881 1699 1051 1731 incurrisse
1077 1709 1226 1732 censuras
1251 1705 1280 1731 et
1305 1711 1444 1744 poenas,
1468 1701 1655 1745 iniungitur,
1681 1702 1743 1735 747
1770 1713 1807 1742 α;
1832 1712 1955 1737 necnon

496 1752 627 1785 facultas
653 1752 691 1784 ab
716 1752 764 1785 his
788 1752 929 1786 solvendi
955 1758 984 1784 et
1008 1762 1102 1795 super
1127 1752 1360 1795 irregularitate
1384 1754 1585 1797 dispensandi
1611 1760 1641 1787 et
1665 1754 1705 1788 ad
1733 1755 1839 1788 omnia
1863 1755 1955 1788 reha-

496 1805 639 1838 bilitandi
666 1805 864 1846 conceditur,
890 1805 981 1844 ibat,
1007 1805 1123 1837 nuncio
1149 1805 1370 1848 Hispaniarum
1396 1807 1526 1840 facultas
1556 1807 1739 1840 absolvendi
1767 1818 1785 1840 a
1815 1808 1955 1841 censuris

497 1864 527 1891 et
550 1858 660 1902 poenis
679 1868 734 1891 eos
760 1858 813 1900 qui
834 1858 1021 1899 libertatem,
1041 1858 1272 1891 imn·1unitatcx·n
1298 1865 1328 1891 et
1353 1860 1604 1893 iurisdictionem
1627 1860 1870 1894 ecclesiasticam
1890 1861 1955 1895 vio-

495 1912 600 1944 larunt
624 1910 818 1950 conceditur,
845 1910 903 1943 751
933 1922 954 1944 α
979 1916 1008 1943 ct
1029 1922 1100 1955 seq.;
1121 1922 1136 1943 a
1158 1912 1271 1944 nuncio
1290 1912 1321 1945 in
1346 1914 1453 1955 regnis
1477 1914 1656 1947 Lusitaniae
1681 1919 1710 1947 et
1733 1914 1956 1956 Algarbiorum

495 1964 616 1996 indulta
641 1963 747 1996 omnia
769 1974 918 1996 concessa
944 1964 1102 2007 religiosis
1127 1966 1270 2008 personis
1291 1966 1330 1999 ob
1352 1967 1432 1999 mala
1456 1977 1492 1999 cx
1518 1977 1628 2000 eorum
1657 1967 1860 2000 concessione
1887 1973 1956 2001 orta

496 2022 687 2050 revocantur
707 2027 778 2050 cum
804 2017 1017 2060 prohibitione
1043 2017 1144 2052 eidem
1165 2018 1281 2052 nuncio
1299 2030 1336 2052 ne
1361 2020 1391 2052 in
1417 2025 1579 2063 posterum
1607 2020 1658 2052 illa
1678 2020 1840 2063 concedat,
1857 2019 1922 2054 8⁶20
1939 2021 1956 2053 b

495 2076 525 2103 et
548 2081 631 2114 seq,
668 2070 786 2104 nuncio
821 2071 994 2114 apostolico
1028 2072 1172 2115 Neapolis
1205 2073 1348 2106 executio
1377 2073 1610 2107 constitutionis
1640 2073 1808 2107 Clementis
1841 2074 1882 2107 XI
1915 2074 1954 2108 de

494 2124 647 2157 reunione
671 2124 898 2157 coenobiorum
924 2124 952 2157 S
979 2125 1091 2157 iniciare
1116 2125 1154 2158 de
1179 2126 1280 2159 Monte
1307 2138 1341 2159 ac
1367 2127 1405 2160 (le
1430 2128 1543 2161 Portici
1570 2127 1753 2171 provinciae
1773 2127 1955 2171 Neapoleta-

497 2187 555 2210 nae
580 2176 714 2210 fratrum
741 2178 779 2211 dc
805 2177 1008 2211 Observantia
1034 2178 1299 2212 Disralceatorum
1326 2180 1493 2224 Hispaniae
1520 2181 1743 2221 committitur,
1770 2180 1832 2215 915
1857 2191 1887 2215 α.

1174 2341 1197 2370 (l

406 2442 625 2476 Observantes.
645 2462 685 2468 -—
712 2444 787 2478 Vide
812 2444 946 2478 Minores
972 2445 1009 2477 dc
1035 2445 1249 2479 Observantia.

407 2496 516 2530 Officia
540 2497 739 2531 Sanctorum.
756 2517 798 2523 —
822 2498 923 2542 Super
947 2499 1126 2532 officiorum
1151 2500 1338 2533 Sanctorum
1365 2500 1571 2544 propriorum
1591 2500 1777 2534 recitatione
1798 2501 1883 2536 iuxta
1900 2502 1949 2536 ri-

494 2555 561 2583 tum
587 2551 738 2584 Breviarii
763 2552 895 2584 Romani
920 2552 1082 2585 decretum
1104 2551 1364 2595 Congregationis
1386 2553 1512 2586 Rituum
1527 2562 1584 2596 pro
1601 2553 1760 2587 canonicis
1778 2554 1948 2589 Praemon·

497 2604 704 2638 stratensibus
730 2604 990 2649 Congregationis
1015 2605 1184 2650 Hispaniae
1210 2605 1376 2640 confirmat
1402 2606 1604 2640 Innocentius
1623 2606 1706 2649 xm,
1728 2607 1792 2641 955
1808 2607 1824 2641 b
1841 2613 1947 2653 etseq.
