2269 3203
235 209 329 239 Ante.
352 208 419 237 1704
465 199 537 234 ²108ss

258 433 391 453 Prooemium
404 438 416 452 a

232 460 301 480 causi.-
317 464 417 485 praesen-

232 489 260 507 tis
283 486 416 507 constitutio-

232 515 264 534 nis
280 513 376 540 petitum.

620 258 757 286 Clemens
778 258 955 293 Episcopus,

622 310 729 330 servus
745 310 901 330 servorum
915 303 976 334 Dei,

545 349 582 374 ad
602 351 780 382 perpetuam
802 348 846 375 rei
868 347 1048 374 memoriam.

472 418 704 462 propagandae
726 429 785 461 per
803 418 990 450 universum
1011 421 1167 450 terrarum

428 471 542 504 orbem
557 471 761 504 Christianae
776 471 875 511 Fidei,
894 471 985 503 cuius
1006 470 1166 502 illibatum

429 536 465 558 ac
490 535 636 569 perenne
662 524 845 568 depositum
872 524 1015 556 Romana
1042 523 1074 555 in
1103 522 1168 565 pri-

428 579 488 612 mis
515 584 623 612 servat
653 578 805 617 Ecclesia,
838 588 894 620 pro
926 575 1090 609 commissi
1116 585 1167 608 no·

428 632 478 665 bis
515 631 684 675 apostolici
723 631 864 664 muneris
901 630 1010 663 debito
1048 629 1168 670 iugiter

427 686 646 725 intendentes,
674 685 747 717 dum
767 685 797 716 in
816 683 1052 717 remotissimas
1074 692 1168 724 quas-

429 750 491 782 que
511 744 620 783 partes
635 738 799 780 Evangelii
819 747 997 781 praecones
1015 735 1167 777 ablegare

430 794 615 837 satagimus,
634 793 665 825 in
681 803 751 825 eam
766 792 859 824 simul
871 801 979 823 curam
995 790 1169 832 diligenter

429 848 659 887 incumbimus,
687 852 721 879 ut
746 846 941 890 quicumque
961 843 1104 877 disiectis
1123 842 1169 875 in-

430 901 593 934 fidelitatis
628 900 772 934 tenebris
805 899 843 932 ad
876 909 986 932 verum
1025 896 1167 929 iustitiae

431 955 546 994 solem,
572 954 626 998 qui
653 954 801 987 Christus
827 958 882 992 est,
910 950 1167 994 agnoscendum,

432 1019 470 1042 eo
496 1008 684 1047 adiuvante,
719 1007 890 1045 festinant,
919 1005 1034 1045 nullis,
1061 1003 1167 1047 quoad

430 1061 499 1095 fleri
536 1066 650 1104 potest,
685 1061 898 1093 humanarum
925 1068 1033 1091 rerum
1054 1058 1166 1090 obsta-

432 1115 511 1147 culis
532 1114 770 1157 impediantur;
794 1113 905 1155 sicque
924 1112 962 1144 ad
988 1110 1169 1143 catholicae

431 1168 594 1201 Ecclesiae
630 1167 787 1210 gremium
822 1176 857 1198 ex*
896 1165 983 1197 omni
1015 1164 1167 1202 natione,

433 1234 514 1266 quae
539 1222 597 1255 sub
616 1224 703 1255 caelo
726 1227 784 1261 est,
808 1232 846 1253 eo
873 1220 1083 1263 frequentior,
1108 1228 1170 1260 quo

432 1276 574 1317 facilior,
609 1275 803 1318 expediatur
832 1284 991 1306 accessus.
1019 1271 1169 1310 Quamvis

434 1331 520 1363 enim
544 1340 611 1362 non
637 1328 868 1371 temporalium
894 1337 1003 1359 rerum
1030 1335 1171 1358 commo-

434 1384 495 1423 do,
530 1383 587 1415 sed
624 1388 777 1414 aeternae
813 1380 922 1423 potius
959 1378 1170 1411 haereditatis

433 1436 567 1475 intuitu,
599 1435 637 1468 ad
664 1433 904 1476 suscipiendam
930 1431 1047 1464 Christi
1073 1431 1171 1463 fidem

434 1488 582 1522 infideles
622 1487 709 1520 allici
749 1491 915 1529 oporteat,
957 1485 1034 1528 quin
1075 1484 1170 1517 etiam

436 1542 567 1576 edoceri
591 1541 801 1585 praecipuam
834 1539 1003 1572 christiani
1031 1537 1172 1571 hominis

436 1597 575 1639 gloriam
608 1595 640 1627 in
667 1605 705 1627 eo
737 1593 875 1626 maxime
900 1593 990 1625 sitam
1018 1602 1108 1632 esse,
1139 1597 1173 1623 ut

436 1656 569 1683 terrena
601 1647 775 1691 despiciat,
805 1646 1030 1689 existiuietque
1064 1645 1173 1678 omnia

437 1703 667 1736 detrimentum
700 1711 773 1733 esse
806 1705 943 1743 propter
974 1699 1172 1731 eminentem

437 1757 606 1790 scientiam
643 1756 712 1788 Iesu
746 1753 865 1787 Christi
898 1753 1021 1786 domini
1053 1753 1172 1785 nostri:

436 1809 651 1843 nihilominus
684 1808 800 1840 rationi
834 1817 1010 1850 congruum
1038 1812 1069 1839 et
1100 1806 1172 1849 piae

436 1864 547 1897 matris
565 1863 726 1896 Ecclesiae
745 1861 901 1894 institutis
920 1866 1173 1894 consentaneum

438 1918 635 1950 arbitramur
659 1916 703 1948 ita
730 1920 902 1959 paternam
928 1920 1072 1947 nostram
1100 1924 1175 1956 erga

439 1981 513 2011 eos,
547 1970 600 2014 qui
635 1969 740 2002 adhuc
776 1969 806 2000 in
841 1968 902 2000 side
934 1967 1059 2011 parvuli
1093 1968 1174 1999 lacte

438 2024 545 2069 potius
566 2034 661 2067 quam
683 2022 756 2055 cibo
774 2022 879 2055 solido
901 2021 1065 2054 nutriendi
1091 2025 1174 2061 sunt,

439 2077 677 2121 providentiam
704 2081 900 2119 temperare,
926 2080 960 2107 ut
981 2073 1175 2107 infirmiores

440 2131 558 2175 quique
583 2141 601 2163 a
626 2129 822 2162 christianae
855 2127 1025 2171 religionis
1058 2138 1173 2171 propo-

440 2185 522 2226 sito,
556 2183 807 2217 amittendarum
843 2182 1046 2222 facultatum,
1073 2181 1177 2214 incur-

440 2239 628 2281 rendaeque
669 2247 804 2281 prorsus
845 2236 981 2268 miserae
1024 2235 1178 2277 egestatis

440 2293 593 2332 horrore,
618 2302 683 2324 non
703 2291 934 2330 retrahantur3
963 2300 1034 2322 cum
1059 2289 1176 2332 potius,

441 2346 529 2378 iuxta
553 2344 725 2378 canonicas
751 2343 947 2382 sanctiones,
974 2352 1042 2382 eos,
1062 2341 1115 2384 qui
1139 2341 1178 2374 ad

441 2449 572 2474 MDLxxm,
584 2442 629 2470 die
642 2441 674 2469 13
689 2440 863 2477 septembris,
875 2439 970 2475 pontif.
983 2446 1014 2472 x,
1032 2442 1057 2465 et
1072 2439 1178 2465 constit.

442 2488 508 2515 edit.
529 2493 678 2520 iianxxw,
700 2486 743 2512 die
765 2487 775 2512 1
800 2484 980 2520 septembris,
1001 2483 1097 2519 pontif.
1119 2489 1178 2515 xm,

440 2533 507 2560 item
525 2531 675 2558 Innocentii
694 2530 727 2557 xl
747 2530 854 2557 constit.
878 2529 919 2556 ed.
942 2535 1086 2560 MDCLxxxl,
1104 2527 1145 2554 die
1166 2529 1180 2555 8

442 2577 565 2614 augusti,
592 2576 689 2613 pontif.
714 2582 741 2609 ν,
767 2579 793 2603 et
822 2575 902 2602 liuius
932 2574 1066 2609 pontificis
1094 2576 1179 2599 const.

443 2623 485 2652 ed.
507 2628 615 2656 Μνεῦιν,
637 2621 680 2650 die
699 2621 734 2648 ΞΟ
753 2619 919 2654 novembris,
942 2618 1037 2653 pontif.
1059 2624 1095 2645 iv.

997 208 1177 233 BULLARIUM
1202 208 1358 233 ROMANUM

1212 256 1308 290 fidem
1328 256 1470 296 veniunt,
1491 255 1634 288 melioris
1656 253 1854 288 conditionis
1879 263 1948 287 esse

1213 315 1362 353 oporteat
1392 314 1465 353 post
1488 308 1697 352 baptismum,
1726 318 1833 351 quam,
1862 312 1950 341 ante-

1212 374 1307 406 quam
1346 362 1440 395 tidem
1479 362 1698 405 susciperent,
1732 360 1950 402 haberentur,

1212 421 1244 447 et
1269 416 1299 448 in
1326 415 1390 448 illis
1416 416 1512 448 etiam
1538 414 1664 458 impleri
1688 414 1806 448 debeat
1831 413 1950 448 Christi

1212 474 1300 501 certa
1326 468 1514 512 promissio:
1542 467 1697 508 Quaerite
1723 468 1869 512 primum
1902 477 1951 500 re-

1211 531 1313 563 qnum
1346 522 1407 554 Dei
1437 525 1466 554 et
1498 521 1664 554 iustitiam
1691 522 1778 561 eius,
1813 525 1841 554 et
1875 520 1951 553 haec

1212 575 1323 607 omnia
1348 574 1550 607 adiicienlur
1573 574 1672 607 vobis.

1257 629 1270 671 ἐ
1296 628 1327 661 1.
1354 628 1452 667 Quam
1479 628 1613 672 quidem
1639 629 1680 661 ob
1706 639 1837 662 causam
1863 639 1951 662 com·
1989 640 2020 662 Ob
2039 645 2093 667 quas
2116 641 2147 662 ua

1962 668 1989 689 ab
2005 668 2052 689 aliis
2066 667 2147 688 noma-

1213 682 1324 724 plures
1351 682 1490 715 Romani
1515 681 1691 715 Pontifices
1716 682 2147 725 praedecesso-nisPontificibns.

1214 745 1264 767 res
1290 735 1400 776 nostri,
1420 745 1479 778 pro
1499 735 1617 768 tradita
1641 735 1701 768 sibi
1724 735 1890 776 divinitus,
1918 720 2148 768 in¹0¹5122¹²r³u¹32⁰2¹3¹

1214 788 1252 821 iis
1283 799 1364 832 quae
1398 789 1436 821 ad
1463 788 1611 822 eiusdem
1637 794 1767 828 sanctae
1792 788 1884 821 Fidei
1909 773 2149 826 sa-gg'ensconsum·

1213 852 1322 875 vorem
1338 848 1368 875 et
1386 841 1655 886 propagationem
1674 841 1851 886 pertinent,
1873 851 1953 885 apo-

1214 896 1328 928 stolica
1349 901 1520 939 potestate,
1539 897 1640 929 multa
1657 895 1689 928 in
1710 895 1952 939 neophytorum

1214 950 1417 982 commodum
1433 949 1604 992 privilegia
1619 953 1862 988 concesserunt,
1880 949 1952 981 aliis

1215 1013 1346 1046 quoque
1379 1002 1496 1035 additis
1529 1001 1801 1042 ordinationibus,
1836 1001 1953 1044 quibus

1215 1062 1247 1088 et
1273 1056 1478 1088 indemnitati
1515 1056 1657 1098 ipsorum
1693 1061 1725 1088 et
1759 1054 1955 1087 christianae

1215 1109 1383 1152 religionis
1409 1109 1559 1151 dignitati
1586 1115 1617 1141 et
1634 1107 1770 1141 faciliori
1792 1108 1888 1140 simul
1907 1107 1955 1139 in-

1216 1163 1358 1196 fidelium
1394 1162 1598 1196 conversioni
1621 1163 1813 1195 consultum
1851 1161 1952 1201 soret;

1215 1217 1390 1260 praecipue
1405 1227 1481 1249 vero
1501 1215 1604 1249 felicis
1624 1215 1861 1248 recordationis
1880 1214 1955 1247 Pan-

1216 1270 1265 1302 lus
1290 1269 1375 1312 Papa
1391 1269 1429 1302 Ill
1454 1269 1666 1312 apostolicam
1684 1267 1955 1301 constitutionem

1216 1323 1319 1355 edidit
1344 1323 1375 1355 in
1403 1323 1483 1356 haec
1508 1322 1624 1355 verba:

1259 1376 1389 1409 Paulus
1414 1376 1509 1419 Papa
1533 1375 1626 1408 XIII
1650 1375 1736 1418 quod
1765 1378 1957 1418 perpetuam

1216 1431 1264 1462 rei
1289 1430 1492 1462 memoriam.
1525 1441 1538 1459 α
1555 1428 1728 1472 Cupientes
1746 1428 1862 1461 Iudeos
1880 1426 1995 1461 ete.¹sis
2011 1438 2101 1460 rete-1110
2115 1438 2152 1460 bo-

1261 1496 1274 1514 »
1294 1483 1330 1516 Et
1348 1484 1425 1526 quia
1443 1483 1574 1516 difficile
1594 1481 1694 1515 soret⁹
1712 1486 1901 1525 praesentes
1918 1481 1959 1514 ad
1969 1471 2050 1487 ''⁰¹⁰⁰''

1217 1536 1343 1579 singula
1369 1546 1518 1580 quaeque
1548 1536 1619 1567 loca
1637 1534 1786 1575 deferre,
1808 1535 1957 1567 volumus

1219 1595 1250 1622 et
1275 1590 1369 1622 etiarn
1396 1589 1622 1629 declaramus,
1649 1588 1736 1631 quod
1770 1587 1959 1620 earumdem

1218 1643 1438 1686 praesentium
1465 1641 1687 1684 transumptis,
1706 1651 1762 1673 seu
1779 1640 1892 1684 copiis,
1912 1645 1959 1672 et-

1218 1697 1280 1729 iam
1307 1697 1484 1740 impressis,
1508 1701 1539 1729 et
1560 1706 1656 1728 manu
1681 1694 1817 1727 alicuius
1839 1693 1958 1727 notarii

1218 1750 1341 1794 publici
1367 1749 1582 1792 subscriptis,
1609 1759 1645 1781 ac
1676 1747 1784 1791 sigillo
1821 1747 1958 1780 alicuius

1219 1804 1354 1848 praelati
1381 1803 1514 1835 munitis
1535 1829 1542 1842 ,
1569 1802 1683 1835 eadem
1707 1811 1844 1844 prorsus
1879 1799 1958 1832 fides

1219 1857 1434 1897 adhibeatur,
1462 1866 1544 1899 quae
1570 1854 1801 1899 praesentibus
1827 1852 1960 1886 adhibe-

1219 1916 1330 1950 retur,
1355 1910 1551 1952 ubicumque
1578 1909 1689 1941 forent
1713 1907 1877 1940 exhibitae
1909 1905 1960 1938 vel

1221 1970 1367 1997 ostensae
1387 1976 1417 1996 ».

1994 1385 2038 1409 Qua
2049 1389 2152 1406 concessa

1255 2028 1351 2054 Datum
1379 2026 1487 2059 Rornae,
1506 2024 1577 2061 apud
1598 2025 1625 2052 S.
1648 2024 1767 2059 Petrum,
1789 2023 1840 2051 sub
1860 2023 1960 2050 annulo

1221 2071 1381 2105 Piscatoris,
1402 2070 1445 2098 die
1464 2078 1507 2097 xxr
1536 2070 1626 2097 martii
1653 2076 1760 2104 MDxLu,
1789 2068 1962 2104 pontificatus

1221 2117 1305 2143 nostri
1326 2124 1395 2143 anno
1416 2122 1473 2142 vm.

1265 2180 1279 2223 ξ
1304 2179 1335 2212 2.
1362 2179 1425 2212 Nos
1451 2178 1561 2221 igitur,
1589 2189 1628 2211 ne
1648 2183 1710 2210 tam
1728 2177 1869 2210 salubris
1890 2183 2157 2230 00¹¹·521131222222u33,

1222 2232 1397 2265 stitutionis
1423 2232 1579 2265 memoria
1611 2230 1767 2274 temporis
1802 2229 2158 2284 diuu¹¹⁸¹¹i’}{³,{}}¹,{{⁰v²⁶⁰¹²‘

1223 2291 1286 2318 tate
1312 2285 1465 2325 deficiat,
1504 2291 1535 2318 et
1570 2283 1777 2318 observantia
1809 2283 1962 2324 neglectu

1223 2339 1406 2382 cuiuspiam
1430 2339 1624 2378 obsolescat,
1651 2343 1705 2370 aut
1729 2336 1825 2369 etiam
1851 2335 1960 2377 ssdei⁸,

1257 2438 1271 2463 1
1294 2436 1407 2471 Reliqua
1426 2436 1585 2469 omittimuS,
1606 2435 1669 2470 quia
1688 2434 1822 2469 leguntur*
1835 2438 1907 2462 tomo
1923 2439 1960 2467 vt,

1224 2489 1284 2517 pag.
1301 2481 1354 2508 336
1367 2487 1405 2514 tn.
1424 2481 1473 2515 T.).

1259 2526 1274 2552 ⁹2
1294 2526 1484 2561 Paragraplius
1506 2525 1556 2552 ista
1576 2525 1636 2552 heic
1652 2524 1780 2557 refertur,
1802 2524 1867 2560 quia
1886 2523 1963 2550 deest

1225 2571 1276 2599 loc.
1299 2572 1373 2597 citat.
1391 2571 1428 2605 (a.
1452 2572 1502 2605 τ.).

1260 2615 1276 2642 3
1291 2615 1391 2643 Forsan
1407 2616 1469 2643 eius
1484 2623 1532 2650 pro
1546 2614 1615 2648 fidei
1630 2614 1773 2650 legendum
1788 2616 1829 2650 (R.
1842 2614 1890 2650 ⁷12).

1955 204 2006 233 An.
2027 203 2055 233 C.
2073 199 2148 233 ¹704*

1968 1411 2052 1433 suerunt
2067 1417 2155 1432 conver·
