2269 3203
258 210 296 236 Aa
326 210 355 238 c.
380 207 446 235 1716
493 199 555 234 706

285 379 307 404 s,

317 378 402 398 enata

407 379 441 398 cri.

664 258 800 288 clemens
821 261 900 295 Papa
919 261 967 295 xt,

593 303 629 329 ad
650 303 783 331 futuram
803 304 847 331 roi
868 304 1050 332 memoriam.

497 365 512 408 ἓ
534 364 560 397 1.
581 365 701 408 Nuper,
719 377 779 409 pro
798 372 888 409 parte
908 367 1016 399 dilecti
1039 367 1094 400 filii
1117 368 1194 400 Ber-

453 417 580 450 nardini
601 417 767 451 Solorzani
793 419 1010 461 procuratoris
1030 419 1193 461 generalis

451 471 640 513 provinciae
665 471 695 504 S.
724 471 854 504 loannis
881 472 1044 514 Baptistae
1063 471 1193 505 Ordinis

451 523 716 556 Praedicatorum
748 525 841 566 regni
874 524 1012 557 Peruani
1038 524 1069 556 in
1095 524 1193 557 lndiis

451 576 719 616 Occidentalibus,
747 577 998 620 Congregationi
1025 578 1194 610 venerabi-

452 629 532 662 lium
559 630 694 661 fratrum
725 635 911 662 nostrornm
937 629 968 662 S.
998 630 1033 662 R.
1062 630 1096 662 E.
1124 641 1194 662 car-

452 682 611 715 dinalium
653 683 791 725 negotiis
831 688 862 715 et
901 683 1193 716 consultationibus

453 734 678 778 episcoporum
706 741 735 767 et
763 735 960 778 regularium
987 736 1193 780 praepositae

453 788 612 830 exposito,
640 788 726 831 quod
753 789 832 821 alias
858 789 1026 832 praedicta
1050 789 1193 832 Congre-

453 840 539 883 gatio
565 841 616 874 die
642 851 685 874 vn
711 841 893 874 decembris
917 852 1032 881 nrncxc,
1052 842 1193 876 instante

453 901 529 928 tunc
554 895 714 927 existente
740 894 964 928 commissario
989 895 1104 929 Curiae
1131 897 1193 929 sra-

456 954 540 980 trum
565 948 692 980 Ordinis
718 947 876 981 Minorum
902 948 1005 981 sancti
1032 949 1193 983 Francisci

453 1001 492 1033 de
516 1001 727 1034 Observantia
751 1007 1026 1044 nuncupatorum,
1051 1002 1194 1036 declara-

452 1060 562 1094 verat,
588 1055 752 1097 parochos
779 1060 810 1087 et
846 1056 1054 1098 presbyteros
1090 1062 1194 1089 terrae

454 1107 493 1140 de
519 1107 710 1147 Lauretano,
741 1117 776 1140 ac
802 1107 881 1140 alios
907 1108 1068 1141 dioecesis
1093 1109 1195 1141 Brun-

453 1160 607 1199 dusinae,
634 1160 782 1202 accipere
807 1171 873 1193 non
907 1171 1002 1203 posse
1036 1162 1192 1195 maiorem

452 1213 692 1256 eleemosynam
719 1223 777 1256 pro
811 1214 973 1246 defunctis
999 1214 1054 1258 qui
1088 1214 1119 1247 in
1146 1225 1194 1248 ec-

452 1265 562 1298 clesiis
589 1266 748 1298 dictorum
774 1267 908 1299 fratrum
934 1267 1192 1310 sepeliebantur,

452 1328 547 1362 quam
574 1318 773 1361 accipiebant
797 1329 855 1362 pro
882 1319 921 1352 iis
947 1319 999 1363 qui
1027 1319 1059 1352 in
1090 1322 1195 1354 eccle-

452 1371 507 1404 siis
534 1371 692 1405 dictorum
719 1373 937 1415 parochorum
965 1379 997 1406 et
1021 1375 1194 1418 presbyte-

451 1435 563 1458 rorum
588 1425 822 1466 saecularium;
855 1426 1004 1459 similiter
1040 1427 1091 1460 die
1120 1437 1193 1461 xxm

452 1477 578 1521 augusti
600 1478 675 1510 anni
694 1488 851 1519 Mncm'in,
879 1479 1074 1513 instantibus
1094 1481 1194 1514 fratri-

451 1533 510 1565 bus
535 1531 721 1575 provinciae
739 1532 912 1565 Dalmatiae
938 1533 1079 1566 eiusdem
1105 1533 1194 1568 Ordi-

453 1585 515 1624 nis,
544 1585 730 1617 decreverat
756 1585 940 1617 functiones
955 1587 1124 1628 generales
1142 1598 1192 1619 su-

451 1648 509 1680 per
533 1637 740 1669 cadaveribus
766 1637 1000 1678 defunctorum,
1031 1650 1114 1682 quae
1140 1640 1191 1672 iti-

452 1690 526 1723 dem
552 1689 798 1733 sepeliebantur
835 1690 866 1723 in
898 1691 1042 1724 ecclesiis
1066 1694 1193 1736 regula-

452 1743 548 1782 rium,
573 1748 744 1786 postquam
771 1743 841 1786 ipsa
866 1745 1023 1777 cadavera
1042 1746 1079 1778 ad
1095 1747 1193 1779 eccle-

454 1796 517 1828 sias
543 1796 686 1839 ipsorum
712 1797 911 1838 regularium
936 1798 1190 1841 pervenissent,

452 1849 491 1881 ad
518 1850 650 1881 eosdem
677 1851 854 1891 regulares,
878 1860 942 1883 non
962 1857 1066 1884 autem
1086 1852 1124 1884 ad
1139 1863 1192 1895 pa-

450 1903 566 1935 rochos
593 1901 779 1945 pertinere;
808 1902 987 1946 eodemque
1017 1904 1113 1937 modo
1140 1905 1191 1938 die

450 1965 498 1987 xvi
527 1955 709 1987 decembris
735 1965 853 1989 MDCLX1
868 1955 990 1999 pariter
1008 1957 1191 1990 declarave-

452 2013 517 2045 rat,
543 2018 641 2050 super
665 2009 893 2042 controversiis
920 2020 1001 2052 quae
1026 2010 1112 2043 inter
1136 2021 1191 2053 pa-

451 2062 566 2094 rochos
585 2061 720 2094 civitatis
743 2062 947 2096 Placentinae
966 2068 998 2095 et
1011 2064 1190 2097 monachos

448 2115 639 2148 monasterii
665 2115 696 2148 S.
724 2115 800 2148 Sixti
827 2116 1093 2159 Congrcgationis
1115 2117 1189 2150 Cas-

451 2169 592 2201 sinensis
613 2168 740 2202 Ordinis
767 2170 797 2203 S.
826 2170 990 2204 Benedicti
1018 2172 1190 2206 occasione

452 2222 600 2254 l'uuerum
626 2227 755 2255 exortae
782 2223 919 2263 fuerant,
944 2229 1040 2266 prout
1064 2230 1187 2258 statue-

451 2280 501 2307 rat
533 2280 565 2307 et
598 2275 785 2308 decreverat
818 2276 869 2308 die
909 2287 973 2310 xvil
1008 2277 1189 2311 decembris

450 2327 612 2360 MDchx1¹
639 2328 676 2360 ad
704 2328 886 2361 instantiam
917 2334 989 2361 tunc
1023 2330 1190 2363 existentis

451 2380 669 2423 procuratoris
706 2382 867 2423 generalis
904 2382 1094 2415 eorumdem
1129 2383 1191 2415 fra-

450 2474 593 2499 mnccxxiv,
611 2468 653 2493 die
673 2468 706 2494 22
726 2468 900 2502 septembris,
922 2469 1016 2503 pontif.
1035 2475 1052 2501 ι,
1069 2469 1191 2496 extendi-

451 2518 494 2539 tur
514 2512 689 2547 privilegium
710 2512 842 2538 liberandi
869 2512 972 2539 animas
997 2521 1012 2539 a
1031 2514 1191 2549 Purgatorio

452 2557 485 2583 ad
506 2565 598 2583 omues
618 2556 774 2583 sacerdotes
794 2555 911 2583 Ordinis.

489 2603 498 2628 1
513 2600 541 2628 ln
554 2600 623 2629 datis
634 2600 786 2629 huiusmodi
798 2605 871 2630 certe
883 2609 959 2630 error
974 2601 1082 2638 irrepsit
1091 2602 1130 2638 (n.
1142 2602 1191 2639 T.)-

1034 214 1214 237 BULLARIUM
1240 213 1393 238 ROMANUM

1237 267 1318 294 trum
1344 261 1374 295 S.
1400 261 1559 295 Francisci
1585 263 1737 306 parochis
1762 265 1815 307 qui
1839 265 1973 298 associa-

1236 316 1313 347 bant
1337 315 1492 348 cadavera
1517 315 1745 349 defunctorum
1763 327 1845 360 quae
1871 317 1903 350 in
1926 328 1973 351 ec·

1235 366 1342 400 clesiis
1357 368 1555 410 regularium
1574 368 1698 411 pariter
1716 369 1972 413 sepeliebantur,

1235 430 1300 453 non
1326 421 1422 454 licere
1449 423 1484 454 ea
1510 421 1684 455 occasione
1710 422 1838 465 ingredi
1864 424 1970 456 eccle-

1236 472 1297 505 sias
1323 474 1540 516 regularium,
1568 475 1624 508 sed
1649 485 1667 507 a
1694 475 1797 509 ianuis
1830 476 1972 519 ipsarum

1236 526 1444 560 ecclesiarum
1471 528 1631 561 dimittere
1664 529 1783 562 debere
1817 530 1973 563 cadavera

1237 578 1433 620 huiusmodi,
1460 585 1492 612 et
1516 582 1620 614 solum
1646 592 1741 625 posse
1776 582 1972 616 benedicere

1237 636 1267 663 et
1299 631 1374 664 dare
1398 632 1545 666 ultimum
1579 635 1667 676 vale,
1699 634 1803 667 officia
1834 645 1910 668 vero
1942 642 1975 668 et

1236 683 1298 716 alia
1315 685 1439 725 munia,
1457 696 1539 729 quae
1559 687 1589 719 in
1611 687 1772 720 similibus
1796 687 1866 720 lieri
1891 689 1975 721 sole-

1236 737 1313 769 bant
1330 748 1347 769 a
1365 739 1566 781 regularibus
1583 750 1646 773 non
1666 746 1770 774 autern
1788 751 1805 774 a
1822 742 1973 785 parochis·

1236 789 1305 824 fieri
1327 791 1467 832 debere3
1496 793 1546 825 his
1571 803 1646 826 vero
1671 805 1736 827 non
1762 795 1974 834 obstantibus,

1236 854 1308 877 cum
1339 845 1475 888 parochi
1508 846 1541 878 in
1573 846 1717 890 partibus
1749 848 1974 892 Hispaniarum

1237 903 1268 930 et
1307 899 1470 932 lndiarum
1507 900 1601 933 aliter
1633 901 1666 933 in
1705 902 1851 935 ecclesiis
1885 913 1973 946 pres-

1236 950 1424 994 byterorum
1458 963 1515 985 seu
1547 953 1740 987 clericorum
1775 956 1974 997 regularium

1237 1004 1406 1038 Societatis
1442 1005 1513 1038 lesu
1551 1006 1582 1038 in
1616 1002 1711 1049 grave
1738 1017 1850 1041 eorum
1881 1019 1975 1051 prac-

1238 1058 1391 1091 iudicium
1429 1059 1699 1102 praetenderent,
1738 1065 1813 1093 tune
1855 1061 1976 1104 pariter

1237 1111 1376 1144 existens
1398 1116 1589 1154 procurator
1609 1113 1769 1155 generalis
1788 1113 1975 1147 earumdem

1237 1164 1467 1208 Hispaniarum
1505 1170 1535 1198 et.
1565 1165 1728 1199 Indiarum
1753 1166 1895 1200 eiusdem
1919 1166 1976 1200 So-

1238 1217 1363 1250 cietatis
1388 1223 1584 1251 memoratae
1616 1218 1866 1262 Congregationi
1899 1223 1976 1252 tunc

1238 1268 1444 1302 existentium
1470 1269 1615 1302 eiusdem
1640 1269 1671 1303 S.
1699 1270 1736 1303 R.
1763 1270 1798 1303 E.
1827 1270 1976 1304 cardina-

1238 1322 1315 1355 lium
1334 1322 1386 1355 die
1409 1333 1437 1355 vt
1464 1323 1537 1355 maii
1558 1333 1707 1357 MDCLxxn
1726 1323 1974 1367 supplicaverat,

1237 1380 1279 1414 ut,
1302 1375 1339 1408 ad
1360 1375 1556 1408 removenda
1581 1376 1690 1409 omnia
1708 1382 1739 1409 et
1752 1386 1974 1420 quaecumque

1237 1428 1400 1468 scandala,
1415 1429 1556 1471 benigne
1574 1429 1770 1469 declararet,
1789 1430 1975 1473 supradicta

1237 1481 1346 1514 omnia
1372 1481 1500 1514 decreta
1526 1487 1558 1515 et
1582 1482 1822 1516 declarationes
1852 1482 1891 1515 ad
1916 1492 1975 1515 un-

1236 1545 1330 1577 guem
1357 1535 1390 1568 in
1416 1536 1561 1568 ecclesiis
1588 1546 1716 1568 suarum
1749 1536 1919 1570 domorum
1943 1541 1976 1570 et

1236 1589 1451 1631 collegiorum
1467 1589 1626 1622 servanda
1640 1590 1719 1629 sore,
1733 1600 1768 1622 ac
1782 1589 1806 1622 si
1821 1589 1860 1623 ad
1874 1589 1974 1633 ipsius

1235 1641 1403 1674 societatis
1430 1642 1616 1675 instantiam
1639 1648 1863 1683 emanassent;
1890 1643 1976 1676 dicta

1237 1705 1312 1727 vero
1330 1694 1549 1737 Congregatio
1567 1695 1778 1728 cardinalium
1796 1695 1975 1729 indulserat

1236 1747 1452 1785 decernendo,
1479 1748 1601 1781 dandas
1628 1759 1698 1781 esse
1724 1748 1905 1791 praedictas
1923 1749 1977 1782 de-

1235 1800 1430 1833 clarationes
1456 1801 1533 1833 alias
1558 1801 1672 1840 editas,
1692 1812 1812 1845 easque
1830 1803 1863 1835 in
1881 1802 1975 1836 dictis

1235 1853 1383 1886 ecclesiis
1408 1853 1576 1886 Societatis
1597 1854 1728 1887 omnino
1743 1856 1914 1889 servandas
1928 1866 1976 1889 es-

1235 1917 1286 1945 se3
1316 1906 1449 1950 eiusque
1486 1907 1652 1940 decretum
1678 1908 1886 1951 postmodum
1913 1919 1974 1952 per

1234 1959 1337 1993 felicis
1368 1959 1605 1992 recordationis
1637 1959 1835 1994 Clementem
1860 1961 1919 1995 ΡΙ).
1947 1962 1971 1995 X

1234 2012 1521 2055 praedecessorem
1546 2018 1691 2045 nostrum
1727 2023 1786 2056 per
1818 2014 1972 2057 quasdam

1234 2075 1306 2097 suas
1336 2064 1368 2097 in
1394 2064 1490 2098 simili
1527 2065 1629 2098 forma
1659 2066 1767 2098 Brevis
1804 2066 1973 2109 expeditas

1232 2118 1356 2151 litteras
1374 2116 1609 2158 confirmatum,
1629 2128 1666 2151 ac
1689 2129 1750 2162 pro
1767 2118 1970 2152 earumdem¹

1233 2171 1413 2204 litterarum
1431 2181 1466 2204 ae
1485 2182 1544 2214 pro
1563 2172 1683 2205 decreti
1702 2172 1884 2205 huiusmodi
1899 2183 1971 2206 exc-

1234 2225 1363 2258 cutione
1397 2224 1607 2258 monitorium
1633 2235 1650 2257 a
1676 2230 1749 2257 tune
1774 2224 1870 2257 etiarn
1905 2226 1972 2258 exi-

1233 2283 1336 2310 stente
1355 2288 1525 2310 causarum
1544 2277 1655 2310 Curiae
1673 2276 1824 2310 Gamerae
1843 2285 1973 2320 aposto-

1234 2330 1312 2362 licae
1328 2329 1471 2372 generali
1489 2329 1636 2362 auditore
1652 2329 1838 2372 expeditum
1854 2330 1971 2370 suerat:

1233 2388 1264 2415 et
1288 2382 1319 2414 in
1343 2382 1455 2415 eadem
1477 2381 1680 2425 expositione
1698 2383 1870 2417 subiuncto
1884 2384 1972 2428 quod

1234 2434 1343 2467 dilecti
1370 2434 1425 2466 filii
1452 2434 1588 2477 parochi
1626 2435 1770 2468 eiusdem
1796 2437 1888 2478 regni
1915 2437 1972 2471 Pe-

1234 2487 1323 2519 ruani
1350 2486 1381 2519 in
1408 2487 1582 2530 praedictis
1603 2487 1700 2520 Indiis
1722 2490 1970 2531 praetensiones

1234 2540 1326 2572 dictis
1351 2539 1488 2573 decretis
1514 2544 1543 2574 et
1567 2541 1823 2575 resolutionibus
1848 2548 1972 2576 contra-

1268 2603 1279 2630 1
1303 2601 1374 2630 Edit.
1391 2602 1469 2631 Maia.
1487 2602 1552 2639 legit
1567 2603 1735 2632 eorumdem
1756 2604 1793 2639 (a.
1809 2604 1858 2638 τ.).

1983 218 2074 245 Αη.ῦ.
2098 218 2164 245 1716
