2269 3203
257 225 306 251 An.
322 223 349 249 C.
374 222 440 250 ¹712

281 599 367 620 Nomina
390 605 439 626 cap-

255 628 383 657 puttannrmn
419 628 438 647 ut

254 658 337 675 tuorna.

485 213 549 247 550

739 270 906 304 chxx'll.

451 342 678 376 Concedmzlur
699 341 876 385 privileyia
905 339 1084 382 capellanis
1108 349 1189 371 coin-

494 395 645 427 munibus
658 393 862 427 *Sanctitulis
887 392 972 425 Suae
997 391 1016 424 ¹.

668 476 803 501 Clemens
823 474 903 507 Papa
922 473 977 506 XI,

597 520 634 546 ad
652 519 785 545 futuram
805 517 849 544 rei
864 516 1047 544 memoriam.

493 592 590 625 Grata
606 589 833 623 familiaritatis
851 588 1018 631 obsequia,
1039 597 1120 630 quae
1143 587 1190 620 di-

450 646 525 679 lecti
547 644 602 678 filii
628 644 765 677 loannes
784 642 969 676 Alexander
994 642 1032 674 de
1049 640 1188 679 Marinis,

448 697 650 731 Pisaurensis
688 696 857 733 dioecesis,
894 695 1026 727 Carolus
1056 693 1211 725 Mariani,

448 751 619 789 Romanus,
640 756 670 783 ct
689 749 883 792 Augustinus
909 748 1086 789 Colangeli,
1115 745 1190 789 Spo-
1209 771 1210 794 ἢ

448 805 576 838 letanae
602 803 785 842 dioecesis,
812 801 1015 845 presbyteri,
1041 799 1187 832 moderni

448 858 592 900 capellae
634 861 765 888 nostrae
806 853 992 898 pontificiae
1029 853 1211 900 capell-anm

447 910 622 943 familiares
646 909 768 949 nostri,
795 907 890 941 nobis
927 911 957 939 et
979 905 1188 949 Apostolicae

446 963 520 997 Sedi
552 963 707 996 hactenus
745 961 994 1004 impenderunt,
1020 963 1049 992 et
1083 958 1189 991 adbuc

448 1016 599 1049 sollicitis
631 1014 748 1048 studiis
783 1013 975 1056 impendere
1008 1021 1073 1044 non
1103 1011 1189 1044 desi-

447 1074 558 1109 stunt3
578 1078 705 1101 necnon
727 1067 809 1099 vitae
826 1077 861 1099 ac
878 1076 1005 1098 morum
1025 1065 1188 1103 honestas,
1209 1061 1210 1093 t

447 1122 573 1165 aliaque
599 1120 774 1154 laudabilia
799 1118 968 1163 probitatis
987 1123 1019 1150 et
1036 1117 1188 1149 virtutum
1208 1146 1210 1151 ,

446 1175 587 1215 merita,
624 1173 741 1218 quibus
785 1183 898 1206 eorum
935 1180 1088 1214 personas
1126 1176 1187 1202 tam

448 1227 594 1261 familiari
630 1226 831 1270 experientia
868 1236 962 1269 quam
998 1224 1091 1257 etiam
1124 1223 1189 1256 fide

448 1280 621 1324 dignorum
637 1279 833 1313 testimoniis
855 1278 952 1311 iurari
972 1277 1187 1322 percepimus,

447 1345 506 1368 nos
532 1334 689 1367 inducunt
715 1339 748 1366 ut
772 1333 836 1366 illis
865 1332 1040 1365 reddamur
1061 1330 1099 1364 ad
1117 1323 1210 1374 gra-3

449 1389 524 1422 tiam
548 1388 715 1421 liberales.

492 1441 573 1474 lIinc
599 1445 648 1473 cst
665 1439 751 1483 quod
771 1449 842 1479 nos,
861 1439 1020 1477 volentes,
1037 1442 1112 1476 ete,
1130 1436 1188 1478 <re-

449 1493 542 1537 liqua
573 1492 644 1525 cide
670 1491 856 1525 Alexandri
888 1490 953 1524 VII
978 1494 1077 1523 const.
1109 1489 1185 1522 edil.

447 1556 603 1586 nnchxx,
624 1545 676 1578 clie
700 1556 722 1578 n
748 1545 893 1588 auqusti,
914 1543 1032 1587 pontif.
1061 1543 1097 1584 1).

492 1599 605 1632 Datum
637 1598 767 1637 Romae,
794 1597 876 1640 apud
899 1596 930 1629 S.
957 1596 1095 1634 Petrum,
1129 1595 1188 1627 sub

448 1653 569 1685 annulo
609 1650 794 1690 piscatoris,
833 1650 883 1682 die
926 1658 970 1682 vu
1007 1647 1188 1681 decembris

445 1715 589 1744 Moccxu,
608 1703 815 1748 pontificatus
835 1703 938 1736 nostri
966 1711 1049 1734 aimo
1074 1711 1142 1734 xiu.

482 1768 544 1794 llat.
562 1767 604 1794 die
620 1767 634 1793 7
651 1766 808 1794 decembris
826 1765 904 1797 ΗΓΒ,
918 1764 1016 1800 pontif.
1038 1772 1110 1791 anno
1131 1769 1187 1789 xut.

727 1967 907 2004 CLXXVIII.

449 2077 638 2111 Conceditur
662 2076 871 2120 indulgentia
895 2075 1047 2119 plenaria
1070 2084 1189 2117 perpe—

493 2135 548 2163 tua
571 2141 630 2174 pro
655 2129 794 2163 ecclesiis
818 2129 958 2171 fratrum
980 2126 1189 2160 Praedicato-

492 2193 565 2216 rum
591 2185 627 2216 in
651 2184 728 2226 festo
752 2183 785 2216 S.
811 2182 869 2215 Pii
899 2182 923 2214 Γ
944 2180 966 2213 ³².

484 2264 495 2289 1
519 2262 621 2289 Similia
641 2262 780 2297 privilegia
807 2269 934 2288 concessa
956 2262 1030 2288 fuere
1058 2261 1091 2287 ab
1111 2261 1189 2287 Inno-
1210 2267 1211 2280 ³

449 2307 537 2334 centio
557 2306 603 2333 ΧΠ
624 2309 709 2333 const.
731 2305 796 2333 edit.
819 2311 949 2339 MDchtu,
981 2304 1023 2331 die
1044 2305 1059 2330 4
1080 2303 1188 2330 decem-
1210 2324 1211 2328 ,

448 2353 514 2386 bris,
539 2351 635 2388 pontifi
657 2358 704 2384 11¹3
733 2355 759 2378 et
787 2350 972 2378 conceduntur
1000 2350 1033 2376 ab
1055 2349 1190 2376 Innocen-

449 2397 487 2424 tio
506 2397 566 2423 xltl
597 2396 702 2424 constit.
733 2395 797 2422 edit.
827 2401 952 2427 nocent,
981 2394 1024 2421 die
1056 2394 1086 2420 Π
1111 2393 1188 2426 iunii,

449 2440 543 2476 pontif.
565 2446 584 2467 1.

483 2485 500 2511 *Ξ
520 2484 550 2512 ln
577 2484 650 2511 Bulla
678 2483 885 2510 canonizationis
909 2482 973 2508 edit.
1001 2488 1125 2514 Moccxu,
1147 2480 1190 2506 die

450 2530 484 2556 22
504 2529 577 2561 maii,
598 2528 692 2564 pontif.
715 2534 760 2562 xu,
782 2530 853 2555 extat
873 2527 925 2554 alia
945 2525 1114 2560 indulgentia
1132 2534 1137 2557 ;
1165 2529 1191 2552 et

449 2573 586 2601 Benedicti
600 2571 657 2599 xm
673 2576 758 2600 const.
777 2572 841 2599 edit.
859 2577 993 2605 nnccxxr,
1012 2570 1054 2597 die
1071 2569 1103 2596 ⁵2³.
1120 2569 1191 2603 apri-

450 2618 492 2651 lis,
513 2616 607 2653 pontif,
630 2623 647 2643 1.

1030 218 1209 244 nt'LLamt'it
1233 218 1387 243 ROMANUM

1207 273 1209 306 1
1443 266 1579 293 Clemens
1602 266 1682 299 Papa
1705 266 1754 297 x1,

1208 309 1209 356 l
1350 314 1384 339 ad
1405 315 1584 346 perpetuam
1605 311 1651 338 rei
1671 311 1857 339 memoriam.

1276 373 1503 417 Redemptoris
1537 379 1569 406 et
1604 373 1725 406 domini
1763 373 1864 406 nostri
1901 373 1970 405 lesu

1208 417 1358 468 [ChristL
1386 427 1438 470 qui
1466 427 1628 469 gloriosos
1655 426 1945 459 saluberrimorum
1962 453 1970 466 ,

1209 479 1211 520 ς’
1233 490 1313 522 quae
1339 480 1433 512 nobis
1460 480 1603 523 reliquit,
1628 479 1850 522 exemplorum
1875 483 1974 512 secta-

1210 531 1211 572 }
1233 538 1320 565 tores
1347 532 1418 565 altis
1445 532 1607 566 decoravit
1634 531 1816 564 honoribus
1843 537 1875 565 et
1902 541 1974 564 cae-

1210 623 1211 631 *
1233 585 1321 617 lestis
1338 585 1549 618 beatitudinis
1562 590 1730 617 consortes
1745 584 1861 626 effecit,
1877 585 1973 623 vices,

1210 653 1211 685 ἦ
1234 638 1307 671 licet
1334 638 1499 678 immeriti,
1520 643 1673 680 gerentes
1698 637 1730 670 in
1757 638 1864 678 terris,
1881 637 1972 681 spiri·

1234 691 1365 724 tualium
1402 701 1569 724 nnmerum
1608 692 1798 730 thesauros,
1835 700 1972 733 quorum

1234 744 1325 777 nobis
1351 745 1473 778 credita
1511 750 1560 777 est
1595 745 1804 787 dispensatio,
1831 745 1974 777 libenter

1209 796 1416 859 terogainus,
1455 798 1534 831 sicut
1561 798 1598 831 ad
1627 798 1830 831 excitandam
1865 803 1894 830 et
1927 797 1974 830 fo-

1233 851 1367 883 vendam
1394 862 1469 894 erga
1496 852 1624 883 eosdem
1647 851 1758 884 beatos
1784 850 1862 883 caeli
1889 850 1974 883 inco-

1209 904 1279 943 ¹ilas
1304 904 1448 937 fidelium
1477 903 1680 936 devotionem
1718 902 1891 936 salubriter
1920 913 1973 935 cx-

1209 955 1211 991 J
1233 957 1345 1000 pedire
1372 956 1402 989 in
1429 956 1564 989 Domino
1589 956 1796 989 arbitramur.

1209 1015 1211 1026 *
1276 1010 1290 1053 g
1320 1010 1346 1042 l.
1366 1009 1444 1043 Cum
1463 1009 1571 1052 itaque
1590 1020 1649 1042 nos
1668 1019 1783 1052 nuper,
1803 1010 1841 1042 ad
1869 1010 2168 1068 ¹¹0¹10'02§³„⁰⁰53‘ii}l'23¹‘'

1234 1073 1300 1096 rem
1315 1062 1539 1096 sanctissimae
1553 1068 1582 1095 et
1597 1061 1784 1095 individuae
1795 1061 1969 1102 Trinitatis,
1982 1072 2026 1090 uae
2042 1069 2075 1091 aie
2087 1075 2098 1088 v
2108 1070 2166 1090 maii.

1208 1101 1210 1111 l

1233 1117 1271 1149 ad
1291 1116 1519 1149 exaltationem
1544 1115 1725 1148 catholicae
1743 1114 1819 1148 fidei
1838 1121 1869 1148 et
1885 1115 1972 1148 chri-

1232 1170 1352 1203 stianae
1378 1168 1546 1211 religionis
1572 1168 1829 1208 incrementum,
1855 1169 1894 1201 de
1919 1179 1971 1202 rc·

1209 1220 1210 1243 ³
1231 1223 1423 1256 nerabitium
1450 1222 1583 1254 fratrum
1607 1227 1796 1255 nostrorum
1821 1221 1852 1254 S.
1874 1222 1912 1254 R.
1934 1222 1969 1254 E.

1232 1276 1445 1309 cardinalium
1472 1285 1506 1307 ac
1539 1275 1809 1318 patriarcbarmn,
1840 1274 1967 1307 archic-

1231 1329 1444 1372 piscoporum
1482 1332 1514 1360 et
1551 1327 1781 1370 episcoporum
1818 1326 1850 1359 in
1887 1328 1972 1360 alma

1208 1405 1209 1411 ,
1233 1381 1316 1414 Urbe
1343 1382 1451 1414 nostra
1479 1385 1553 1413 tunc
1585 1379 1793 1413 existentium
1819 1380 1969 1420 consilio,

1231 1435 1358 1468 beatum
1384 1433 1474 1466 Pium
1493 1433 1610 1476 Papam
1635 1432 1658 1464 V
1683 1433 1972 1476 praedecessorem

1232 1494 1390 1527 nostrum,
1415 1486 1478 1529 qui,
1496 1485 1529 1518 in
1552 1485 1734 1518 minoribus
1760 1485 1968 1525 constitutus,

1208 1541 1209 1553 ¹
1232 1540 1420 1583 religiosam
1431 1539 1527 1571 vitam
1547 1538 1578 1570 in
1596 1538 1715 1571 Ordine
1731 1538 1863 1571 fratrum
1880 1538 1972 1571 Prae-

1209 1608 1210 1621 i
1232 1594 1408 1626 dicatorum
1449 1592 1615 1635 professus
1659 1591 1736 1631 fuit,
1777 1590 1970 1624 auctoritate

1209 1671 1210 1686 ,
1232 1647 1327 1679 nobis
1352 1657 1369 1678 a
1394 1645 1529 1678 Domino
1558 1644 1681 1683 tradita,
1707 1644 1858 1677 Sanctum
1897 1653 1969 1677 esse

1233 1699 1471 1732 decreverimus
1489 1702 1519 1731 et
1540 1697 1791 1738 definiverimus,
1814 1697 1969 1740 illumque

1232 1753 1421 1786 Sanctorum
1441 1751 1587 1794 catalogo
1612 1750 1748 1783 solemni
1767 1750 1829 1782 ritu
1850 1750 1972 1783 adscri⁶

1209 1805 1414 1849 ''pserimust
1442 1805 1520 1837 hinc
1550 1809 1598 1836 est
1629 1803 1716 1846 quod
1742 1813 1813 1843 nos,
1842 1803 1880 1835 ad
1913 1813 1970 1835 au-

1233 1859 1369 1902 gendam
1403 1857 1548 1891 fidetium
1572 1856 1766 1899 religionem
1793 1861 1823 1888 et
1848 1855 1970 1889 anima*

1232 1922 1302 1944 rum
1327 1911 1462 1944 salutem
1487 1909 1682 1942 caelestibus
1706 1908 1870 1942 Ecclesiae
1900 1909 1970 1942 tlic-v

1209 1969 1210 1979 ¹
1232 1966 1334 1998 sauris
1354 1965 1407 2008 pia
1425 1963 1582 1997 charitate
1609 1961 1740 2002 intenti,
1759 1972 1795 1995 ac
1813 1962 1851 1996 de
1869 1962 1970 1995 omni-

1209 2017 1373 2062 }potentis
1400 2017 1455 2050 Dei
1487 2015 1711 2049 misericordia
1736 2025 1771 2047 ac
1800 2015 1970 2048 beatorum

1232 2072 1315 2106 Petri
1343 2077 1374 2104 et
1398 2071 1488 2104 Pauli
1515 2070 1738 2113 apostolorum
1765 2069 1834 2101 eius
1859 2073 1969 2101 aucto-

1233 2126 1327 2158 ritate
1353 2123 1473 2164 confisi,
1501 2123 1651 2156 omnibus
1677 2128 1709 2155 et
1732 2121 1868 2164 singulis
1893 2120 1970 2153 utri-

1209 2196 1211 2230 3
1232 2189 1335 2222 usque
1361 2188 1454 2210 sexus
1481 2175 1768 2214 christifidelibus,
1794 2184 1868 2207 vere
1892 2183 1971 2217 poc-

1232 2232 1413 2265 nitentibus
1438 2235 1469 2263 et
1494 2229 1670 2269 confessis,
1695 2238 1732 2261 ac
1761 2229 1850 2260 sacra
1880 2237 1969 2259 com-

1232 2284 1384 2317 munione
1399 2283 1539 2322 refectis,
1554 2283 1606 2325 qui
1618 2282 1758 2324 aliquam
1774 2291 1809 2314 ex
1820 2280 1969 2314 ecclesiis

1233 2347 1513 2381 quorumcumque
1538 2339 1777 2373 conventuum,
1805 2338 1970 2367 monaste*

1232 2391 1355 2423 riorum
1372 2396 1404 2423 et
1423 2390 1593 2423 domorum
1608 2388 1806 2431 regularium
1825 2392 1889 2420 tam
1909 2387 1970 2419 fra-

1210 2417 1316 2477 'trum
1343 2453 1438 2486 quam
1465 2441 1654 2474 monialium
1679 2440 1808 2473 Ordinis
1841 2439 1969 2483 praedi-

1233 2498 1285 2538 cti,
1303 2497 1459 2530 liactenus
1477 2495 1593 2528 erectis
1611 2501 1642 2528 et
1660 2494 1691 2526 in
1709 2499 1875 2538 posterum
1894 2503 1971 2538 quo-

1232 2551 1467 2593 modocumque
1499 2548 1684 2591 erigendis,
1714 2552 1745 2580 et
1772 2546 1969 2590 ubicumque

1212 2605 1376 2637 docorum
1402 2601 1633 2642 existentibus,
1661 2601 1712 2635 die
1738 2611 1755 2633 v
1780 2600 1854 2634 maii
1889 2599 1969 2636 festo

1980 215 2030 243 An.
2046 215 2075 244 C.
2093 215 2165 245 17¹3

2009 382 2132 405 munuum.
