2269 3203
874 185 1015 210 cceness
1041 184 1073 208 xi
1098 185 1145 208 rr.
1687 173 1750 206 707
1798 181 1845 207 An.
1868 180 1981 207 (1.1716

264 238 326 272 rias
351 243 382 272 et
407 237 573 282 oppositas
605 237 769 270 habebant
798 235 831 268 in
855 234 1002 268 ecclesiis
1044 232 1223 271 regularium
1243 231 1419 271 praeposita,
1443 231 1560 261 attentis
1586 230 1726 268 narratis,
1752 240 1886 263 ῃσγῑῃωῃ,
1912 242 1934 262 s,
1951 241 1982 261 ιη.

265 291 436 325 domorum
461 295 494 324 et
519 295 732 324 conventuum
755 287 856 321 dictae
874 285 1002 330 provin-
1046 282 1190 312 referente
1208 280 1440 311 eminentissimo
1463 280 1493 308 S.
1512 279 1638 315 Priscae,
1668 270 1982 308 censuit³¹¹¹³¹⁵¹⁵''¹'¹¹³¹³¹⁰'

264 344 332 377 Cjae
346 343 378 377 S·
394 344 522 377 loannis
536 343 705 388 Baptistae,
723 346 754 374 Οἱ
768 340 935 383 Signamffl-
950 349 1002 382 Op-
1046 341 1078 361 ac
1101 330 1230 360 decrevit
1252 329 1345 360 danda
1369 338 1431 359 esse
1454 328 1569 358 decreta
1593 327 1664 357 alias
1696 327 1784 359 edita,

265 397 331 441 pidi
350 398 389 431 de
410 397 518 431 potosi
537 402 567 430 et
585 396 719 429 civitatis
739 395 777 427 d„
798 392 1001 436 Cuquisachc
1023 404 1025 450 b
1045 385 1073 410 et
1095 381 1245 418 signanter
1261 379 1332 409 illud
1349 382 1518 408 emanatum
1534 376 1588 406 snb
1604 376 1650 405 die
1673 385 1700 405 vi
1717 376 1785 404 maii

265 451 444 493 respective
476 454 737 493 nuncupatomm
790 456 909 490 nempe
942 456 1003 478 cx,—
1023 452 1025 470 ,¹
1047 437 1184 458 MDCLxxn
1207 428 1242 458 ad
1256 427 1428 457 instantiam
1443 427 1474 456 D.
1493 425 1591 455 Alonsi
1606 425 1641 454 de
1656 425 1786 457 Alarcos,

265 503 362 547 gendj
381 504 536 537 majorem
555 474 803 536 clamosi-nam*
820 510 878 544 pro
894 499 1002 532 domn·
1023 484 1025 507 l
1047 477 1245 517 procuratoris
1261 475 1405 514 generalis
1424 474 1631 514 Hispaniarum
1648 477 1675 503 et
1692 473 1787 502 India-

69 192 117 220 Αη.
139 189 253 218 &1716

84 2383 196 2406 omentum
207 2390 270 2411 prae-

83 2413 162 2433 dictum
182 2418 269 2432 >iucem
423 2427 428 2433 .
465 2427 470 2432 .
825 2427 830 2433 .
886 2426 892 2432 .

84 2439 271 2465 quosnam-mini
281 2427 587 2457 reverendissimorum
603 2427 632 2458 S.
650 2428 685 2458 R.
703 2427 734 2457 E.
753 2427 945 2457 cardinalium
969 2435 1018 2456 ne-

181 2464 269 2485 decreta

84 2465 152 2511 ξῗξζξξ
169 2491 195 2512 aa
223 2475 366 2517 pm‚gotiis
399 2480 427 2505 et
459 2475 722 2506 consultationibus
754 2476 956 2516 episcoporum
991 2478 1018 2504 et

265 611 451 655 hyterorum
472 609 686 644 saecularium
713 607 832 641 ibidem
864 606 1003 650 sepelie-

265 664 393 705 bantur,
407 675 444 698 ac
461 674 574 697 rursus
592 662 771 707 peragendi
789 659 898 705 snper*z
915 660 1003 704 ipsos

267 718 450 751 functiones
470 717 639 761 generales
660 726 759 759 super
777 715 1003 748 defunctorum

266 771 475 805 cadaveribus
502 781 583 814 quae
608 770 640 803 in
665 769 852 803 eorumdem
873 768 1004 800 fratrum

267 824 412 858 ecclesiis
444 824 707 863 tumulabantur,
731 827 902 866 postquam
935 820 1005 864 ipsa

267 877 423 911 cadavera
458 877 498 910 ad
523 887 636 910 eorum
667 876 824 910 ecclesias
849 884 1005 918 pervene-

267 984 332 1017 sias
357 983 527 1017 occasione
553 983 714 1016 dictorum
739 983 889 1016 funerum
920 986 951 1014 et
975 991 1007 1013 a·

267 1036 383 1070 liorum
398 1036 567 1070 similium:
582 1037 738 1080 ideoque,
754 1036 794 1069 ad
811 1034 1006 1068 removenda

267 1089 421 1123 scandala
456 1089 668 1133 assiduasque
705 1088 886 1122 discordias
923 1096 1028 1130 quae¹

268 1143 302 1175 in
327 1143 395 1176 dies
420 1142 624 1183 oriebantur,
651 1153 710 1186 pro
736 1147 827 1186 parte
859 1141 1007 1174 eiusdem

270 1196 458 1229 Bernardini
482 1197 703 1240 procuratoris
721 1194 883 1239 generalis
902 1195 1008 1227 eidem

269 1247 517 1292 Congregationi
536 1248 749 1282 cardinalium
774 1247 956 1291 supplicato
975 1251 1009 1279 ut

269 1311 368 1345 super
392 1301 578 1345 praemissis
603 1302 635 1334 in
661 1301 812 1335 omnibus
837 1306 868 1334 et
893 1300 1006 1343 singu-

268 1354 307 1388 lis
332 1355 477 1389 ecclesiis
500 1355 705 1399 supradictae
731 1364 806 1388 suae
822 1353 1008 1397 provinciae

270 1409 384 1443 codem
408 1409 517 1449 modo,
544 1420 606 1452 quo
632 1409 671 1442 ad
697 1409 839 1442 savorem
874 1417 1006 1440 eorum-

270 1462 343 1496 dem
369 1463 634 1506 presbyterorum
659 1472 714 1496 seu
740 1461 934 1496 clericorum
955 1459 1010 1492 So-

270 1516 395 1549 cietatis
419 1516 603 1560 praedictae
628 1516 660 1549 in
686 1515 830 1560 partibus
844 1514 1012 1559 Hispania-

271 1578 341 1601 rum
367 1574 397 1601 et
429 1568 593 1602 indiarum
627 1568 790 1612 provisum
823 1568 950 1607 suerat,
978 1571 1033 1600 ut.

271 1621 470 1665 praefertur,
496 1622 704 1665 provideret..
729 1621 945 1664 decretaque,
971 1620 1009 1652 ad
1031 1649 1033 1655 .

271 1684 385 1707 eorum
420 1680 452 1707 et
484 1674 623 1707 aliorum
658 1674 800 1707 savorem
833 1673 944 1713 edita,
971 1673 1009 1705 ad

273 1726 373 1760 dictas
405 1726 559 1760 ecclesias
591 1732 788 1760 memoratae
825 1725 1009 1770 provinciae

270 1779 302 1812 S.
330 1779 458 1813 loannis
483 1780 664 1823 Baptistae,
691 1785 722 1812 et
753 1779 920 1822 signanter
953 1790 1009 1822 op·
1031 1792 1032 1795 ¹

271 1833 339 1876 pidi
365 1833 404 1866 de
429 1833 546 1866 Potoso
573 1839 603 1866 et
627 1833 763 1865 civitatis
796 1833 835 1865 de
859 1829 1033 1875 Cuqnisa=²2

272 1886 333 1919 che
366 1886 553 1930 provinciae
590 1891 622 1919 et
653 1885 781 1919 Ordinis
807 1885 1034 1925 huiusmodi,'

272 1940 304 1973 in
331 1945 493 1984 posterum
521 1940 633 1973 eadem
660 1939 762 1972 forma
787 1944 896 1972 exacte
926 1950 961 1972 ac
986 1938 1009 1972 si

274 1994 312 2027 ad
349 1993 536 2027 eorumdem
574 1993 707 2026 fratrum
747 1992 1010 2025 Praedicatorum

273 2047 471 2091 provinciae,
488 2046 600 2090 oppidi
623 2056 657 2080 ac
678 2045 814 2078 civitatis
827 2045 1012 2089 praedicto-

275 2111 345 2134 rum
367 2101 511 2133 savorem
529 2105 740 2139 emanassent,
757 2098 885 2132 extendi
903 2109 939 2131 ac
956 2098 1013 2132 ob·

274 2154 393 2188 servari
419 2165 454 2187 ac
478 2153 658 2187 executioni
681 2152 870 2186 demandari
889 2151 1014 2196 praeci-

277 2213 382 2250 peret:
401 2206 560 2240 emanavit
574 2206 613 2239 ab
627 2205 740 2238 eildem
755 2205 1014 2248 Congregatione

279 2260 490 2293 cardinalium
515 2260 680 2293 decretum
700 2258 820 2291 tenoris
838 2258 892 2301 qui
910 2257 1015 2302 seqni-

281 2318 340 2353 tur,
365 2314 532 2347 videlicet:

319 2380 407 2410 Sacra
435 2379 623 2418 Congregatio
654 2377 955 2409 eminentissimorum
988 2382 1017 2408 et

319 2543 327 2568 l
350 2540 462 2568 Videtur
476 2540 572 2569 deesse
591 2550 681 2576 quam
698 2544 738 2576 (R.
761 2543 809 2575 T.).

315 2584 330 2611 ·2
351 2584 450 2612 Forsan
467 2592 522 2619 per
541 2593 588 2620 pro
608 2593 695 2620 super·
713 2587 751 2621 (n.
768 2588 816 2620 T.).

265 557 324 590 ctis
341 557 394 601 qui
413 557 446 590 in
463 556 609 590 ecclesi&
627 555 843 599 pqrochorum
865 558 896 586 et
909 562 1002 596 pre<-
1023 535 1026 571 1
1047 536 1111 556 rum
1127 525 1279 556 Societatis
1296 525 1370 559 Iesu,
1389 524 1542 554 videlicet:
1571 535 1583 549 «ι
1601 522 1699 555 Sacra,
1718 525 1786 556 etc„

1047 575 1171 606 oratoris
1193 574 1331 614 precibus
1347 573 1472 611 benigne
1489 572 1657 610 indulgens,
1674 570 1788 600 censuit

1047 624 1157 655 dandas
1180 633 1243 654 esse
1266 623 1371 662 petitas
1386 621 1599 652 declarationes
1615 629 1701 659 saepe
1717 619 1788 648 alias

1024 686 1026 696 ι
1047 674 1150 711 editas,
1174 681 1280 711 easque
1302 671 1388 701 etiam
1412 671 1442 700 in
1465 669 1663 710 praenarratis
1696 668 1788 698 eccle-

1047 722 1098 752 siis
1120 720 1274 752 Societatis
1306 730 1369 750 esse
1402 719 1600 749 observandas
1617 742 1624 755 ,
1649 717 1789 747 nimirum

1049 770 1181 810 parochis
1203 770 1232 799 in
1255 768 1448 798 associatione
1476 768 1537 797 sive
1568 766 1722 796 occasione
1745 775 1790 795 as-

1048 818 1215 849 sociationis
1247 817 1422 847 cadaverum
1457 825 1513 846 non
1550 815 1639 845 licere
1676 813 1790 852 ingredi

1048 867 1187 898 ecclesias
1209 865 1408 905 regularium,
1432 865 1482 895 sed
1516 864 1607 894 tenori
1642 863 1790 893 dimittere

266 935 348 971 rant,
374 935 405 964 et
430 931 558 964 tandem
584 929 786 974 ingregiendi
806 939 880 962 suas
903 928 1006 961 eccle„
1025 934 1027 955 l
1048 917 1149 947 eadem
1173 916 1312 946 cadavera
1328 915 1363 944 ad
1380 915 1497 944 ianuam
1515 912 1718 947 ecclesiarum,
1737 911 1791 940 ibi-

1025 976 1028 988 *
1049 975 1105 1006 que
1121 966 1213 995 solnm
1232 974 1315 1004 posse
1330 963 1503 993 benedicere
1526 966 1553 992 et
1569 962 1638 991 dare
1655 961 1791 990 ultimum

1049 1015 1135 1052 rale3
1158 1013 1253 1044 ol'ticia
1276 1022 1345 1043 vero
1373 1017 1400 1042 et
1423 1012 1479 1041 alia
1512 1011 1611 1041 munia
1626 1035 1633 1047 ,
1657 1019 1731 1049 quae
1762 1009 1791 1038 in

1050 1062 1216 1093 huiusmodi
1245 1061 1417 1092 ministeriis
1451 1060 1583 1090 adhiberi
1606 1059 1722 1096 solent,
1756 1057 1791 1087 ab

1050 1113 1121 1152 ipsis
1144 1112 1329 1151 regularibus
1352 1111 1451 1151 peragi
1473 1110 1590 1147 debere,
1614 1119 1670 1139 non
1694 1112 1792 1138 autem

1051 1172 1066 1191 a
1089 1161 1244 1201 parochis;
1273 1161 1424 1200 episcopos
1447 1169 1498 1189 seu
1522 1158 1692 1189 Ordinarios
1714 1157 1792 1186 loco-

1052 1220 1116 1241 rum
1149 1210 1318 1250 permittere
1352 1218 1409 1239 non
1442 1208 1560 1245 debere,
1596 1212 1625 1237 ut
1660 1205 1792 1246 parochi,

1051 1260 1161 1299 aliique
1177 1259 1211 1289 de
1227 1259 1306 1289 clero
1329 1257 1485 1293 saeculari,
1506 1257 1644 1286 maiorem
1669 1256 1794 1286 eleemo-

1053 1318 1152 1348 synam
1176 1308 1230 1338 sibi
1254 1307 1375 1337 attribui
1410 1306 1516 1336 saciant
1550 1305 1585 1335 ab
1618 1303 1794 1335 haeredibus

1053 1357 1280 1391 defunctorum,
1315 1356 1365 1395 qui
1399 1355 1428 1385 in
1452 1354 1584 1385 ecclesiis
1615 1353 1795 1392 regularium

1054 1405 1236 1445 sepulturam
1262 1404 1318 1434 sibi
1349 1403 1510 1441 elegerint,
1534 1411 1619 1441 quam
1643 1401 1796 1440 percipere

1055 1459 1194 1495 possent,
1218 1454 1243 1484 si
1277 1453 1306 1483 in
1341 1451 1500 1492 parochiali
1529 1461 1580 1481 scu
1614 1451 1669 1480 alia
1702 1450 1795 1488 ipsius

1055 1504 1126 1534 cleri
1149 1502 1307 1533 saecularis
1330 1501 1456 1532 ecclesia
1479 1499 1597 1540 sepeliri
1615 1498 1792 1531 voluissent;

1055 1553 1219 1583 functiones
1246 1551 1422 1582 funeralium
1456 1560 1543 1590 super
1575 1549 1716 1579 cadavera
1746 1547 1796 1577 de-

1055 1603 1221 1633 functorum
1245 1601 1364 1641 quaein
1383 1600 1514 1631 ecclesiis
1533 1599 1713 1637 regularium
1730 1607 1797 1627 cona

1055 1651 1121 1690 tigit
1143 1651 1280 1691 sepeliri,
1313 1654 1465 1689 postquam
1495 1649 1528 1678 ad
1557 1648 1673 1677 easdem
1703 1646 1796 1677 eccle-

1053 1700 1111 1730 sias
1134 1699 1343 1739 pervenerint,
1374 1699 1409 1728 ad
1433 1698 1511 1737 ipsos
1537 1697 1686 1735 regulares
1701 1719 1708 1730 ,
1739 1704 1796 1725 non

1054 1750 1087 1779 ad
1112 1749 1252 1789 parochos
1276 1749 1424 1788 pertinere
1451 1760 1475 1776 ι),

1088 1798 1249 1828 Contrariis
1261 1797 1494 1837 quibuscumque
1508 1796 1584 1825 circa
1598 1794 1796 1834 suprascripta

1055 1846 1150 1875 onmia
1173 1845 1292 1874 minime
1309 1843 1503 1873 obstantibus.
1527 1861 1565 1865 ——
1586 1843 1705 1877 Romae,
1732 1849 1797 1870 xxiv

1056 1891 1158 1931 aprilis
1180 1900 1317 1921 Mucexvi.
1338 1910 1370 1912 —
1396 1890 1426 1919 F.
1452 1889 1609 1919 cardinalis
1634 1888 1673 1917 DE
1698 1888 1798 1917 Anam

1055 1937 1294 1977 archiepiscopus
1318 1937 1524 1971 Damascenus,
1549 1934 1736 1964 secretarius.

1100 1992 1114 2035 ξ
1138 1991 1169 2024 2.
1196 1991 1274 2024 Cum
1299 1996 1418 2028 autem,
1437 1989 1516 2022 sicut
1539 1989 1644 2022 dictus
1666 1989 1799 2021 Bernar-

1057 2045 1150 2078 dinns
1164 2049 1356 2088 procurator
1370 2043 1531 2086 generalis
1547 2042 1640 2075 nobis
1659 2042 1797 2075 subinde

1057 2097 1175 2142 exponi
1202 2097 1285 2137 fecit,
1313 2097 1382 2140 ipse
1409 2097 1574 2130 decretum
1602 2095 1798 2133 huiusmodi,

1058 2162 1121 2195 quo
1147 2150 1270 2183 firmins
1297 2150 1449 2183 subsistat
1481 2155 1512 2182 et
1544 2155 1692 2182 servetur
1725 2159 1798 2181 exa-

1058 2204 1150 2244 clius,
1171 2203 1369 2247 apostolicae
1389 2202 1645 2235 confirmationis
1672 2207 1799 2234 nostrae¹

1058 2257 1240 2302 patrocinio
1266 2255 1455 2289 communiri
1482 2266 1689 2298 summopere
1716 2255 1800 2288 desi-

1035 2320 1037 2328 *
1060 2311 1170 2343 deret:
1192 2320 1259 2349 nos,
1278 2309 1380 2352 ipsius
1397 2308 1585 2342 Bel-nardini
1609 2313 1800 2350 procurato-

1059 2363 1103 2396 ris
1129 2362 1290 2406 generalis
1315 2362 1395 2395 votis
1422 2362 1482 2394 hac
1507 2362 1539 2393 in
1565 2371 1618 2399 re,
1644 2366 1800 2403 qnantum

1060 2427 1133 2449 cum
1150 2416 1286 2449 Domino
1304 2425 1488 2459 possumus,
1505 2413 1728 2447 favorabiliter
1745 2423 1799 2445 an-

1060 2479 1162 2502 nuere
1188 2470 1343 2508 volentes,
1370 2477 1508 2511 eumque
1533 2478 1550 2499 a
1567 2466 1733 2510 quibusvis
1750 2476 1801 2497 ex-

1060 2521 1373 2560 communicationis,
1393 2520 1618 2563 suspensionis
1644 2524 1676 2551 et
1700 2518 1800 2550 inter-

1062 2574 1160 2615 dicti,
1187 2573 1325 2617 aliisque
1358 2573 1587 2607 ecelesiasticis
1621 2570 1800 2611 sententiis,

1862 1994 1996 2015 Confirmatio

1810 2020 1874 2042 relati
1889 2022 1976 2043 ductet«.
