2269 3203
240 222 291 249 An.
309 222 335 249 ο,
361 221 427 250 1722
475 214 538 248 906

435 272 566 306 clesiam
593 273 779 306 devolutum
807 278 893 305 esset
933 278 987 305 aut
1007 272 1086 305 alias
1112 272 1180 305 eius

435 325 608 369 dispositio
646 326 685 358 ad
719 325 920 369 praedictum
947 325 1180 368 praedecesso-

435 390 502 412 rem
529 378 732 422 pertineret,
768 389 839 410 eum
866 378 1017 411 omnibus
1053 377 1178 410 iuribus

435 438 467 466 et
491 432 699 476 pertinentiis
736 432 822 471 suis,
856 432 963 464 clarae
1000 431 1178 464 memoriae

433 485 641 518 Ferdinando
669 485 851 528 Aragoniae
879 488 910 517 et
935 483 1105 527 utriusque
1131 483 1179 517 Si-

434 539 528 572 ciliae
555 549 591 571 ac
614 538 820 571 Hierusalem
846 536 937 579 regi,
965 547 1024 580 pro
1043 546 1076 569 se
1101 538 1179 569 suis-

434 600 496 633 que
521 589 553 622 in
585 589 670 622 dieto
707 598 808 631 regno
841 587 1023 630 Aragoniae
1050 597 1179 620 succes-

434 643 564 676 soribus
609 648 639 675 et
683 640 880 674 haeredibus
924 645 987 673 tam
1028 640 1177 673 masculis

434 707 531 741 quam
565 695 692 729 feminis
727 706 763 728 ex
801 705 838 728 eo
874 696 962 727 recta
998 694 1083 727 linea
1116 694 1174 727 de-

434 749 667 783 scendentibus
693 753 783 782 certo
803 754 878 781 tunc
897 758 1053 791 expresso
1079 747 1176 780 modo

433 804 518 838 natis
543 808 575 837 et
609 802 797 843 nascituris,
824 803 857 835 in
886 802 1016 835 feudum
1053 812 1176 845 perpe-

432 864 523 891 tuum
548 867 607 901 pro
634 866 742 889 annuo
768 867 879 896 censu,
903 861 934 888 et
954 856 1012 888 sub
1039 854 1175 888 diversis

433 911 689 951 conditionibus,
721 910 841 949 modis,
869 910 992 950 formis,
1020 909 1176 943 adiectio-

431 966 540 1006 nibus,
565 964 847 1009 permissionibus,
874 963 1038 1002 clausulis,
1075 968 1177 995 caute-

430 1019 480 1058 lis,
495 1018 716 1052 voluntatibus
737 1023 769 1050 et
787 1016 1059 1055 ordinationibus,
1080 1015 1175 1049 etiam

431 1078 509 1105 tunc
534 1071 717 1115 expressis,
744 1071 815 1103 sine
841 1075 948 1103 tamen
973 1069 1175 1113 praeiudicio

430 1126 510 1160 iuris
535 1125 593 1169 ipsi
621 1124 830 1158 Ferdinando
856 1123 926 1166 regi
957 1123 1035 1156 alias
1060 1123 1094 1156 in
1119 1133 1175 1156 eo-

431 1179 504 1212 dem
531 1188 632 1221 regno
657 1178 764 1210 forsan
783 1177 1011 1221 competentis,
1031 1175 1080 1209 cui
1101 1181 1177 1208 tunc

431 1232 536 1266 noluit
554 1231 715 1273 derogari,
732 1231 771 1263 de
795 1231 930 1263 fratrum
951 1240 1084 1262 suorum
1103 1240 1177 1262 con-

430 1285 504 1318 silio
538 1284 662 1328 pariter
698 1289 729 1316 et
761 1294 918 1322 assensu,
944 1288 976 1315 et
1013 1293 1050 1315 ex
1088 1284 1174 1315 certa

431 1339 585 1377 scientia,
618 1348 655 1370 ac
685 1338 724 1369 de
765 1336 964 1381 apostolicae
1004 1336 1176 1380 potestatis

430 1391 635 1436 plenitudine
661 1390 822 1423 concessit
852 1396 885 1423 et
917 1389 1071 1433 elargitus
1097 1389 1174 1429 fuit,

431 1447 550 1479 dictam
591 1445 751 1479 civitatem
785 1446 1063 1483 Beneventanam‚
1102 1454 1174 1477 cum

430 1499 500 1533 eius
527 1499 705 1539 territorio,
733 1499 880 1532 districtu
908 1503 939 1531 et
968 1497 1173 1540 pertinentiis

429 1564 489 1597 per
515 1553 619 1596 ipsum
651 1553 943 1595 praedecessorem
971 1562 1029 1584 seu
1056 1551 1175 1583 Roma-

430 1618 507 1640 num
523 1606 709 1639 Pontificem
724 1605 884 1639 distinctis
899 1615 954 1637 seu
971 1604 1175 1647 distinguen-

430 1660 489 1699 dis,
514 1670 585 1693 cum
605 1669 718 1692 eorum
740 1659 868 1697 incolis,
892 1664 988 1702 prout
1005 1658 1092 1691 illam
1112 1657 1173 1690 sibi

430 1714 551 1746 dudum
579 1720 673 1746 antea
698 1713 844 1756 praefata
862 1711 1005 1744 Ecclesia
1030 1711 1174 1744 retinue-

430 1772 480 1800 rat
501 1772 532 1799 et
557 1770 788 1803 reservaverat,
810 1765 871 1797 sibi
893 1764 1021 1797 etvSedi
1041 1764 1174 1806 Aposto-

428 1821 511 1853 licae
543 1819 731 1862 specialiter
763 1818 973 1856 reservando,
1006 1822 1104 1861 prout
1140 1816 1170 1849 in

428 1874 529 1916 ipsius
555 1872 821 1916 praedecessoris
848 1872 988 1915 desuper
1014 1871 1173 1904 confectis

428 1926 544 1959 litteris
556 1926 601 1968 (in
615 1926 731 1969 quibus
745 1925 829 1958 idem
843 1925 1076 1968 praedecessor
1090 1924 1174 1957 inter

429 1979 491 2012 alia
517 1979 617 2012 voluit
635 1979 722 2022 quod
744 1978 848 2011 dictus
871 1977 1096 2010 Ferdinandus
1117 1987 1171 2010 rex

429 2038 461 2065 et
485 2032 532 2065 sui
560 2032 590 2064 in
619 2032 703 2065 dicto
730 2042 831 2074 regno
853 2031 979 2064 Siciliae
998 2041 1069 2063 cum
1089 2033 1173 2063 terra

429 2085 531 2118 intra¹
559 2085 698 2118 Pharum
723 2085 881 2118 haeredes
907 2089 939 2117 et
963 2094 1171 2117 successores

429 2139 545 2172 darent
569 2138 813 2182 praedecessori
836 2143 868 2171 et
892 2137 1055 2171 Ecclesiae
1082 2148 1173 2181 prae-

427 2192 513 2225 fatae
554 2202 668 2225 eorum
708 2191 911 2235 privilegium
951 2193 1048 2224 aurea
1084 2191 1172 2224 hulla

427 2246 596 2285 bullatum,
622 2245 654 2277 in
680 2256 743 2288 qua
768 2245 902 2288 proprio
923 2245 1105 2278 iuramento
1126 2244 1172 2277 sa-

428 2304 574 2332 terentur
599 2303 630 2330 et
655 2303 931 2340 recognoscerent
950 2308 1105 2341 expresse
1124 2308 1172 2330 re-

429 2363 528 2395 gnum
554 2352 682 2385 Siciliae
709 2356 740 2383 et
773 2351 973 2384 Hierusalem
1010 2357 1041 2384 et
1073 2356 1170 2383 totam

429 2416 544 2439 eorum
571 2411 702 2444 terram,
728 2415 810 2448 quae
837 2410 886 2437 est
910 2405 988 2437 citra
1014 2405 1168 2444 Pharum,

429 2469 528 2502 usquc
555 2459 593 2490 ad
629 2457 770 2490 confinia
805 2457 949 2490 eiusdem
982 2457 1167 2497 Ecclesiae,

429 2513 562 2554 excepta
602 2511 727 2543 civitate
765 2511 994 2543 Beneventana
1027 2510 1170 2553 praefata

429 2576 499 2598 cum
527 2564 703 2605 territorio,
732 2564 878 2597 districtu
905 2569 937 2596 et
960 2563 1168 2607 pertinentiis

466 2628 474 2653 1
500 2626 554 2653 Hac
575 2626 631 2654 vice
651 2625 763 2654 adhibet
782 2626 862 2655 incra
884 2634 932 2664 pro
952 2626 1027 2654 citra
1045 2628 1084 2661 (η.
1102 2626 1150 2662 Τ.).

1027 222 1208 248 BULLARIUM
1236 223 1389 248 ROMANUM

1222 273 1302 313 suis,
1330 283 1365 306 ex
1393 273 1461 306 sola
1487 272 1589 316 gratia
1607 277 1639 306 et
1655 274 1744 307 mera
1770 273 1964 308 liberalitate

1221 325 1313 358 Sedis
1334 333 1365 359 et
1383 326 1644 369 praedecessoris
1666 327 1885 370 praefatorum
1903 327 1963 360 sibi

1221 379 1558 423 suiscpiehaeredibus
1570 380 1854 413 etsuccessoribus
1866 381 1964 414 fuisse

1222 443 1425 472 concessum,
1455 444 1490 465 ac
1523 443 1579 466 eos
1605 433 1770 476 recepisse
1796 439 1826 466 et
1852 439 1963 468 tenere

1222 496 1358 528 regnum
1391 486 1521 519 Siciliae
1554 492 1584 518 et
1618 492 1735 519 terram
1774 486 1962 520 huiusmodi

1221 550 1237 571 a
1263 540 1514 582 praedecessore
1541 545 1571 572 et
1602 540 1749 573 Ecclesia
1774 540 1963 583 praedictis,

1221 593 1280 625 sub
1307 592 1420 636 pactis,
1446 593 1550 626 modis
1569 598 1601 626 et
1621 593 1865 626 conditionibus
1888 598 1963 626 tunc

1219 651 1253 678 ut
1278 646 1460 689 praefertur
1497 646 1672 690 expressis)
1704 645 1833 690 plenius
1860 647 1963 680 conti-

1220 703 1325 732 netur.

1972 798 1992 811 Γι
2009 799 2052 811 ‘sttui
2090 799 2094 811 Ι
2141 800 2148 812 l

1220 807 1305 850 Papa
1331 807 1355 839 X
1381 806 1476 839 etiam
1502 807 1736 850 praedecessor
1765 812 1875 840 noster
1911 799 2017 840 re-i-‹Jii›

1220 870 1317 902 gnum
1343 859 1471 893 Siciliae
1497 870 1569 892 cum
1596 863 1681 893 terra
1710 860 1789 892 citra
1820 851 2050 893 Pharumssi-hssi‘

2035 845 2040 864 l
2060 852 2063 864 ι

2077 852 2093 864 ls
2104 852 2157 866 tlsst'o

2076 875 2157 898 septeni

1971 900 2056 918 nullium
2070 899 2158 919 ‹lu-:ato-

1220 914 1325 946 clarac
1366 913 1539 946 memoriae
1586 914 1700 946 Carolo
1737 913 2156 949 Romanorumromaneium-12,

1219 966 1407 1010 imperatori
1430 977 1557 1009 semper
1574 967 1729 1009 Augusto,
1753 972 1828 999 tunc
1846 958 1976 1000 Roma-'1

1220 1030 1336 1052 norum
1374 1025 1405 1052 et
1438 1020 1666 1063 Hispaniarum
1700 1020 1768 1062 regi
1798 1020 1960 1054 catholico

1219 1072 1251 1105 in
1278 1073 1508 1117 imperatorem
1535 1074 1649 1113 electo,
1675 1073 1706 1105 in
1734 1073 1867 1106 feudum
1893 1074 1958 1106 eis-

1220 1127 1292 1160 dem
1330 1127 1428 1160 modo
1463 1132 1494 1160 ct
1520 1127 1640 1168 forma,
1671 1127 1790 1170 quibus
1819 1137 1879 1171 per
1915 1127 1962 1160 di·

1219 1185 1306 1212 ctum
1339 1180 1456 1213 lulium
1489 1180 1780 1223 praedecessorem
1813 1180 1960 1223 praefato

1219 1233 1428 1266 Fet-dinamio
1462 1233 1530 1275 regi
1563 1243 1752 1266 concessum
1788 1233 1901 1273 fuerat,
1929 1238 1960 1266 et

1219 1287 1403 1329 praedictis,
1431 1298 1513 1330 quae
1540 1292 1614 1320 tunc
1646 1297 1704 1330 per
1735 1287 1882 1320 eamdem
1911 1287 1961 1320 Se-

1220 1340 1293 1372 dem
1313 1339 1485 1373 remissae¹
1506 1351 1570 1373 non
1589 1343 1794 1383 apparerent,
1813 1345 1844 1372 et
1862 1340 1958 1372 certis

1219 1393 1290 1426 aliis
1326 1399 1401 1427 tunc
1436 1394 1599 1437 expressis
1631 1393 1893 1433 conditionibus,
1920 1393 1958 1426 de

1218 1457 1302 1480 novo
1328 1448 1510 1485 concessit,
1538 1452 1569 1479 et
1594 1447 1632 1479 de
1660 1457 1696 1479 eo
1732 1447 1828 1479 etiam
1854 1445 1957 1490 ipsum

1217 1499 1367 1532 Carolum
1395 1499 1624 1543 imperatorem
1650 1499 1828 1539 investivit;
1855 1505 1885 1532 et
1911 1499 1959 1532 di-

1218 1557 1289 1585 ctus
1315 1553 1447 1585 Carolus
1484 1553 1663 1596 imperator
1699 1563 1758 1596 per
1795 1552 1958 1596 quondam

1217 1605 1369 1639 loannem
1409 1606 1654 1639 Emmanuelem
1695 1605 1782 1639 aurei
1828 1605 1959 1638 velleris

1218 1660 1381 1702 equitem,
1410 1665 1485 1692 tunc
1518 1659 1548 1691 in
1575 1659 1725 1692 humanis
1751 1665 1900 1701 agentem
1928 1664 1960 1692 et

1217 1714 1319 1756 ipsius
1332 1713 1436 1746 Caroli
1463 1713 1670 1756 imperatoris
1695 1714 1782 1756 apud
1815 1713 1958 1746 Leonem

1217 1771 1248 1798 et
1280 1766 1396 1799 Sedcm
1426 1766 1603 1808 praefatam
1641 1772 1803 1799 oratorem
1831 1771 1861 1798 et
1885 1776 1959 1809 pro-

1216 1824 1401 1852 curatorem
1428 1818 1615 1861 specialem,
1637 1818 1796 1862 promisit,
1818 1824 1848 1852 et
1873 1829 1906 1852 se
1930 1824 1961 1851 et

1217 1882 1328 1905 omnes
1366 1882 1502 1914 regnum
1542 1872 1646 1915 ipsum
1682 1871 1811 1905 Siciliae
1847 1871 1958 1915 vigore

1216 1925 1303 1958 illius
1318 1925 1567 1958 concessionum
1585 1931 1646 1957 tam
1661 1936 1721 1969 per
1734 1925 1849 1958 Iulium
1864 1936 1957 1969 quam

1216 1989 1275 2022 per
1300 1979 1439 2012 Leonem
1467 1979 1733 2022 praedecessores
1770 1978 1956 2012 huiusmodi

1217 2032 1371 2065 factarum
1400 2043 1458 2075 pro
1485 2038 1629 2075 tempore
1666 2032 1850 2065 obtinentes
1877 2031 1958 2064 obli-

1216 2085 1300 2127 gavit
1325 2086 1362 2118 ad
1399 2085 1634 2118 inviolabiliter
1666 2085 1903 2117 observandum
1928 2091 1959 2117 et

1216 2138 1460 2181 adimplendum
1507 2138 1615 2171 omnia
1655 2138 1687 2170 in
1729 2137 1846 2171 litteris
1887 2137 1958 2170 Iulii

1215 2191 1477 2235 praedecessoris
1504 2196 1674 2232 contenta,
1706 2201 1805 2233 super
1840 2190 1956 2234 quibus

1215 2245 1253 2278 de
1276 2245 1521 2290 dispens-atione
1539 2250 1593 2277 aut
1611 2246 1742 2278 illorum
1762 2244 1956 2277 remissione

1214 2309 1273 2342 per
1299 2299 1445 2332 eamdem
1472 2299 1588 2331 Sedem
1614 2309 1679 2331 non
1712 2303 1877 2330 constaret
1900 2309 1955 2330 seu

1215 2356 1404 2394 appareret,
1425 2357 1456 2384 et
1480 2351 1671 2384 solvendum
1696 2350 1834 2393 singulis
1861 2350 1954 2383 annis

1214 2404 1246 2435 in
1272 2409 1466 2447 perpetuum
1492 2403 1645 2436 Gamerae
1671 2403 1878 2446 Apostolicae
1912 2415 1956 2436 se-

1213 2461 1302 2500 ptem
1329 2456 1417 2489 inille
1444 2457 1578 2489 ducatos
1602 2456 1672 2488 auri
1699 2457 1737 2489 de
1764 2456 1896 2489 (lamera
1923 2457 1954 2490 in

1213 2510 1295 2542 sesto
1321 2510 1405 2542 beati
1432 2510 1530 2549 Petri,
1561 2510 1643 2542 ultra
1666 2510 1795 2542 solitum
1822 2520 1955 2543 censum

1213 2563 1375 2606 parafreni
1401 2562 1476 2603 albi,
1502 2573 1561 2606 pro
1586 2563 1808 2606 recognitione
1834 2563 1898 2596 veri
1926 2567 1955 2597 et

1250 2628 1258 2653 l
1284 2624 1354 2653 Edit.
1376 2625 1458 2658 Main.
1479 2624 1546 2661 tegit
1566 2625 1690 2655 remissa
1711 2627 1750 2661 (R.
1768 2625 1816 2661 12).

1979 957 2073 977 iurisque
2085 952 2157 972 condi-

1982 980 2071 998 ionibus.

2263 0 2269 126 l

1973 226 2020 253 An.
2038 227 2065 252 C.
2091 227 2158 254 ¹722
2265 128 2269 253 i

2266 264 2269 333 l
