2269 3203
240 231 291 257 An.
310 229 340 255 c.
364 227 429 254 1716
475 218 539 252 740

280 395 392 417 Exordium
412 400 424 414 a

240 425 310 444 strutio
322 423 425 442 Rornano-

241 457 285 470 rum
302 449 424 469 Pontitirum

240 476 333 500 erigendi
362 474 414 495 colle

240 504 274 527 gia
296 508 321 522 ac
343 502 425 521 univer·

345 533 424 552 easque

240 532 313 549 suares
325 544 329 551 ,

654 276 788 305 Clemens
809 278 887 312 Papa
905 278 954 312 xi,

578 322 613 349 ad
632 322 764 349 futuram
784 323 827 350 rei
851 324 1032 350 memoriam.

480 383 721 426 Circumspecta
746 385 964 417 Romanorum
985 384 1173 417 Pontificum

461 437 647 477 rovidenna,
673 447 689 469 e
715 437 844 470 sublimi
863 437 1032 469 universae
1060 437 1174 470 domus

437 489 493 521 Dei
518 491 648 531 specula
674 491 769 531 longe
806 491 936 532 lateque
969 489 1173 532 prospiciens

240 555 356 581 woitegus
393 559 424 573 ur·
437 547 588 585 quantam
614 543 793 575 catholicae
819 542 980 575 Ecclesiae
1002 543 1172 575 utilitatem

239 581 311 601 nandi.

279 2028 414 2050 Universitati

232 2056 342 2078 Sor-bonae
356 2057 414 2082 plura

231 2084 342 2108 privilegia
366 2088 414 2103 con-

231 2115 291 2129 cessa
303 2110 367 2132 suere,
381 2115 415 2129 ea—

436 600 531 637 atque
572 600 795 627 ornamentum
841 594 973 627 afferant
1009 605 1172 627 sacrarum

436 646 546 689 eisque
572 646 795 679 ancillantium
814 648 973 680 bonarum
992 647 1171 680 litterarum

434 700 560 739 studia,
589 710 648 743 per
673 711 771 742 quae,
799 699 933 743 depulsa
966 700 1170 743 ignorantiae

433 753 584 795 caligine,
603 754 769 787 hominum
787 760 913 787 mentes
935 755 1006 787 11106
1024 754 1171 787 veritatis

432 806 646 845 illustrantur,
666 812 700 839 ut
717 807 756 839 ad
775 818 811 840 ea
830 807 1060 840 christifideles
1079 808 1171 840 vehe-

431 858 572 890 mentius
594 859 785 891 incenderet
809 859 1055 902 adiuvaretque,
1079 860 1171 893 50110-

430 912 477 943 las
502 911 653 954 pluribus
678 912 709 943 in
736 913 816 945 locis
843 913 1028 953 instituere,
1063 914 1170 947 docto-

430 973 502 996 rum
528 964 698 997 hominurn
714 966 852 1007 collegia
873 967 1023 1007 excitare,
1041 977 1169 1000 necnon

430 1016 612 1049 studiorum
638 1017 838 1059 generalium
861 1019 1088 1052 universitates
1108 1021 1170 1053 eri-

430 1078 507 1109 gere
534 1069 710 1109 consuevit,
737 1070 790 1101 ubi
816 1073 893 1103 sana
918 1070 993 1104 fidei
1020 1072 1169 1105 doctrina

430 1120 630 1164 optimisque
656 1132 782 1154 morum
809 1124 991 1166 praeceptis
1014 1131 1109 1168 atque
1128 1126 1169 1158 in-

429 1172 549 1205 stitutis
574 1173 769 1208 imbuendae
793 1175 952 1209 iuventuti
978 1177 1110 1210 daretur
1134 1190 1152 1211 0

428 1236 524 1267 pera,
543 1226 638 1259 simul
660 1238 735 1260 vero
758 1234 871 1261 contra
898 1230 1071 1263 deterrima
1094 1232 1169 1265 liae-

428 1288 539 1310 resurn
580 1286 742 1320 monstra,
782 1281 880 1314 veluti
919 1285 1168 1317 armamentaria

428 1332 712 1373 constituerentur,
739 1334 825 1366 unde
862 1335 1016 1378 episcopi,
1055 1337 1109 1379 qui
1135 1337 1167 1370 in

427 1388 553 1425 partem
586 1385 759 1427 pastoralis
797 1386 1027 1420 sollicitudinis
1064 1389 1167 1422 vocati

427 1442 512 1476 sunt,
540 1437 578 1469 ad
604 1448 679 1470 suos
706 1449 820 1481 greges
848 1440 985 1472 tuendos
1011 1451 1098 1474 arma
1116 1453 1168 1474 ca-

426 1499 505 1530 pere
532 1495 626 1532 atque
653 1491 805 1533 expedire
830 1492 921 1525 facile
942 1499 1086 1536 possent.
1107 1494 1166 1527 Ubi

426 1551 503 1573 vero
529 1543 744 1575 saluberrima
769 1544 848 1577 haec
873 1545 1084 1578 laudabilium
1120 1548 1167 1579 di-

427 1594 637 1637 sciplinarum
671 1597 856 1639 gymnasia,
891 1599 940 1631 vel
976 1600 1165 1632 eorumdem

427 1649 656 1690 episcoporum
683 1652 774 1689 cura,
801 1651 849 1683 vel
874 1651 1060 1694 principum
1085 1653 1166 1685 libe-

427 1700 567 1740 ralitate,
584 1702 632 1734 vel
649 1702 744 1734 etiam
762 1703 962 1745 privatorum
978 1705 1166 1747 largitorum

425 1753 663 1796 beneficentia⁷
700 1755 830 1788 condita
863 1756 961 1789 fuisse
988 1758 1163 1800 cognovit,

426 1807 515 1839 novis
541 1817 578 1839 ea
603 1808 816 1850 proventibus
849 1809 945 1849 auxit,
984 1811 1095 1852 gratiis
1136 1817 1166 1844 et

426 1860 605 1902 privilegiis
622 1861 795 1901 decoravit,
811 1862 946 1905 aliisque
965 1864 1164 1906 apostolicae

425 1912 636 1954 benignitatis
656 1913 855 1954 muneribus,
868 1920 967 1958 prout
981 1916 1011 1947 in
1031 1916 1165 1950 Domino

426 1966 560 2006 censuit,
588 1972 762 2008 prosecuta
787 1973 846 2000 est.

469 2019 484 2061 ἓ
509 2019 540 2051 t.
568 2019 649 2052 ilinc
674 2021 782 2062 plures
809 2031 845 2053 ex
871 2020 986 2053 iisdem
1012 2021 1164 2055 Romanis

427 2071 634 2105 Pontificibus
674 2073 981 2115 praedecessoribus
1021 2075 1163 2115 nostris,

232 2141 272 2161 que
289 2125 543 2168 inS;1nci:1eqtllbttS
579 2130 779 2168 compertum
816 2132 886 2159 erat
919 2127 1165 2160 celeberrimam

231 2162 293 2182 Sedis
300 2162 417 2182 clientelam

231 2190 338 2214 suscepta.

426 2177 670 2210 universitatem
694 2178 789 2210 studii
816 2178 976 2220 generalis
1010 2179 1167 2212 Parisien—

426 2230 477 2270 sis,
503 2229 535 2262 in
561 2232 662 2272 eaque
688 2231 864 2274 praecipue
901 2242 1010 2264 sacrae
1037 2233 1164 2265 theolo-

426 2283 495 2325 giae
521 2283 714 2323 facultatem,
734 2284 814 2316 adeo
837 2284 868 2315 in
892 2284 961 2317 dies
983 2285 1085 2327 magis
1112 2286 1166 2318 sso-

426 2347 497 2369 rere
523 2336 700 2379 praestanti
726 2336 858 2378 iugenio
891 2336 1074 2380 eximiaque
1108 2338 1165 2370 do-

425 2389 527 2421 ctrina
563 2388 659 2429 viris,
685 2393 719 2421 ut
753 2389 792 2421 ad
834 2399 889 2422 eos
929 2389 1109 2422 audiendos
1147 2400 1164 2422 e

424 2476 530 2510 collegii
545 2476 686 2503 Scotorum
702 2476 874 2510 Parisiensis,
887 2480 914 2503 et
929 2475 1010 2503 11111115
1026 2476 1164 2503 Pontificis

425 2524 509 2547 const.
538 2520 581 2547 ed.
603 2527 717 2547 moccxxt
731 2542 737 2552 ‚
757 2520 800 2547 die
822 2520 854 2547 19
883 2520 992 2554 martii,
1021 2521 1115 2556 pontis,
1137 2528 1162 2554 1,

425 2565 622 2592 confirmantur
654 2564 793 2599 privilegia
822 2564 1008 2593 universitatis
1045 2564 1162 2592 Urbina-

425 2609 520 2639 tensis.

1020 231 1199 256 BULLARIUM
1224 230 1379 255 ROMANUM

1963 233 2010 260 An.
2031 233 2061 260 C.
2083 233 2151 261 ¹716

1218 278 1444 311 remotissimis
1483 279 1577 313 etiam
1618 279 1806 322 regionibus
1839 280 1954 323 ingens

1217 330 1361 374 undique
1402 331 1632 375 discipulorum
1668 332 1841 365 multitudo
1880 342 1955 365 con-

1218 383 1350 424 flueret,
1378 389 1466 417 tanto
1493 395 1621 428 quoque
1643 395 1718 427 erga
1736 384 1954 427 Ap'ostolicam

1217 434 1331 468 Sedem
1347 438 1430 469 0111111
1450 443 1481 469 61
1497 437 1703 469 veneratione
1721 436 1952 475 commendari,

1216 494 1251 521 111
1286 489 1349 522 1100
1386 490 1588 532 potissimum
1625 490 1758 523 nomine
1793 490 1953 522 excellere

1215 542 1419 583 gloriaretur,
1441 554 1510 576 eam
1529 543 1672 576 maximis
1694 543 1783 575 hisce
1804 543 1953 576 virtutum

1216 595 1365 627 laudibus
1391 601 1538 628 ornatam
1565 596 1597 628 in
1624 606 1712 628 suam
1739 601 1772 628 et
1788 595 1875 628 beati
1896 596 1953 628 Pe-

1215 647 1253 679 tri
1279 649 1476 691 peculiarem
1511 649 1697 682 clientelam
1722 654 1953 692 susceperunt,

1215 700 1295 732 datis
1321 711 1357 733 ac
1384 700 1513 744 saepius
1540 701 1737 734 confirmatis
1769 701 1952 734 immunita-

1215 752 1299 785 tibus
1326 758 1357 786 et
1381 754 1638 796 exemptionibus
1660 754 1699 786 ab
1720 754 1782 786 alia
1802 764 1953 797 quacum-

1214 816 1274 848 que
1300 805 1520 839 ecclesiastica
1556 806 1782 839 iurisdictione
1816 807 1951 839 liberam

1214 869 1284 892 esse
1309 860 1496 898 voluerunt,
1523 859 1659 902 aliisque
1685 859 1818 902 insuper
1842 870 1952 902 quam-

1213 912 1362 953 plurimis
1400 911 1512 954 gratiis
1543 922 1579 944 ac
1615 912 1776 945 favoribus
1809 905 1953 945 cumula-

1213 969 1297 1003 runt,
1325 964 1597 1007 quemadmodum
1625 976 1660 997 ex
1696 965 1818 1008 pluries
1844 965 1950 1005 editis,

1212 1016 1442 1059 innovatisque
1468 1027 1484 1048 a
1510 1016 1618 1049 multis
1644 1022 1731 1049 retro
1757 1017 1892 1050 saeculis
1914 1019 1951 1050 ea

1213 1069 1252 1100 de
1278 1078 1311 1101 re
1338 1069 1527 1111 apostolicis
1553 1069 1668 1102 litteris
1702 1075 1813 1113 aperte
1838 1069 1951 1112 digno-

1212 1122 1323 1154 scitur.
1351 1121 1430 1159 Quin
1458 1122 1554 1154 etiarn
1580 1122 1666 1154 haud
1693 1124 1792 1155 semel
1819 1122 1952 1155 faculta-

1212 1180 1276 1207 tem
1303 1175 1461 1215 eamdem,
1489 1175 1586 1208 variis
1612 1186 1840 1208 aerumnarum
1867 1186 1951 1209 acer-

1212 1228 1365 1260 bitatibus
1398 1228 1621 1271 molestiisque
1654 1229 1880 1269 conflictatam,
1917 1229 1949 1261 in

1212 1281 1309 1313 11111115
1333 1281 1479 1314 omnium
1500 1281 1642 1314 fidelium
1662 1282 1771 1315 matris
1787 1281 1950 1315 Ecclesiae

1210 1332 1314 1365 sinum
1332 1333 1583 1375 confugientem,
1601 1334 1734 1377 eiusque
1752 1335 1950 1377 praesidium

1212 1386 1379 1420 humiliter
1403 1386 1858 1430 implorantem,'patrocinio
1883 1398 1950 1420 mu-

1211 1438 1288 1478 nire,
1315 1449 1442 1471 necnon
1468 1441 1605 1482 paterna
1636 1439 1832 1482 salutarique
1863 1449 1950 1472 seve-

1211 1491 1303 1523 ritate
1329 1490 1360 1523 in
1387 1501 1455 1531 605,
1482 1492 1536 1534 qui
1570 1492 1689 1524 malum
1725 1491 1829 1524 eidem
1855 1502 1950 1535 para-

1211 1550 1292 1583 rent,
1317 1544 1574 1577 animadvertere
1600 1549 1849 1577 consueverunt.

1254 1597 1268 1639 ἓ
1294 1596 1324 1628 02.
1353 1597 1438 1629 Haec
1463 1597 1538 1629 dum
1563 1597 1732 1630 nobiscum
1766 1597 1874 1630 animo
1898 1608 1948 1631 re-
1985 1607 2097 1628 Decretum
2111 1607 2142 1628 di-

1210 1654 1369 1691 putamus,
1396 1660 1434 1682 eo
1460 1649 1599 1692 graviori
1631 1649 1753 1682 doloris
1780 1650 1843 1682 ictu
1875 1636 2142 1693 ρθπ-ῗῆῑῖἓοῖῗὲἔιθῖῗὲἒῖ

1209 1701 1287 1734 011151
1313 1712 1429 1741 sumus,
1456 1712 1550 1744 cum,
1576 1702 1803 1745 frequentibus
1828 1702 1946 1736 litteris
1957 1687 2140 1739 vrulffiefflurjuiiaa

1209 1761 1240 1787 et
1266 1755 1347 1788 sama
1378 1755 1499 1798 ubique
1527 1755 1673 1798 gentium
1705 1766 1776 1788 cum
1812 1755 1948 1789 incredi-

1209 1807 1264 1840 bili
1290 1808 1435 1841 fidelium
1461 1808 1614 1840 scandalo
1640 1807 1764 1849 diffusa,
1790 1808 1829 1841 ad
1867 1818 1945 1851 apo-

1209 1862 1344 1894 stolatus
1368 1861 1471 1894 nostri
1496 1860 1643 1893 notitiam
1669 1861 1826 1904 pervenit,
1849 1861 1946 1905 quod,

1208 1919 1379 1957 postquam
1404 1913 1493 1953 alias,
1516 1913 1667 1946 videlicet
1691 1924 1802 1946 mense
1828 1914 1946 1947 martio

1209 1967 1284 2000 anni
1308 1976 1458 2006 MDccxiv,
1485 1966 1517 1998 in
1541 1967 1647 1999 lucem
1684 1966 1854 2009 prodierat
1890 1967 1946 1999 de-

1208 2026 1331 2053 cretum
1357 2020 1520 2063 quoddam
1545 2019 1676 2052 nomine
1710 2019 1815 2053 dictae
1852 2019 1948 2053 facul-

1209 2074 1280 2107 tatis
1305 2075 1561 2117 promulgatum,
1588 2084 1624 2106 ac
1655 2072 1794 2116 publicis
1827 2073 1945 2106 litteris

1208 2127 1445 2169 consignatum,
1471 2137 1529 2170 per
1555 2127 1642 2169 quod
1669 2131 1819 2160 testatum
1844 2126 1947 2159 omni-

1208 2181 1265 2213 bus
1284 2180 1382 2213 fiebat
1397 2180 1544 2213 eamdem
1559 2180 1743 2213 facultatem
1762 2179 1814 2212 die
1833 2176 1946 2223 quintii

1209 2233 1356 2267 eiusdem
1387 2233 1510 2266 mensis
1542 2232 1646 2265 martii
1678 2232 1946 2266 constitutionem

1209 2291 1371 2325 nostram,
1405 2296 1486 2328 quae
1512 2285 1626 2328 incipit
1657 2283 1852 2327 Um'qenitus
1883 2284 1945 2318 Dei

1206 2338 1306 2380 filius,
1321 2342 1392 2378 etc„
1413 2348 1497 2370 anno
1512 2337 1745 2370 Incarnationis
1763 2337 1944 2371 dominicae

1206 2400 1361 2430 iimccxm,
1379 2396 1470 2423 sexto
1491 2391 1563 2422 idus
1582 2390 1786 2432 septembris,
1809 2401 1826 2423 a
1847 2390 1943 2423 nobis

1206 2443 1346 2483 editam,
1372 2445 1495 2476 summa
1520 2453 1590 2475 cum
1626 2443 1808 2476 reverentia
1844 2448 1943 2487 atque

1205 2495 1360 2538 obsequio
1386 2495 1571 2538 recepisse,
1597 2507 1633 2528 ac
1658 2495 1690 2528 in
1716 2506 1789 2528 suas
1816 2496 1941 2529 tabulas

1204 2548 1317 2580 referri
1343 2547 1483 2587 iussisse,
1514 2553 1549 2580 ut
1575 2549 1614 2581 ab
1644 2548 1793 2582 omnibus
1820 2554 1852 2581 et
1877 2550 1943 2582 sin-

1203 2600 1285 2644 gulis
1305 2600 1477 2645 magistris,
1495 2600 1691 2645 doctoribus,
1716 2601 1939 2638 baccalaureis
