2269 3203
286 203 334 230 An.
352 203 380 231 c.
405 204 471 229 ¹706
518 195 581 228 ⁶248

520 253 535 297 ἓ
559 254 590 286 4.
629 255 781 288 Volumus
815 260 922 288 autem
955 261 990 287 ut
1032 255 1216 288 earumdem

477 308 697 349 praesentium
714 308 894 340 litterarum
915 307 1138 351 transumptis,
1159 318 1215 339 seu

476 360 646 403 exemplis,
663 361 757 393 etiam
774 361 948 404 impressis,
965 371 1060 392 manu
1077 359 1216 392 alicuius

476 413 593 445 notarii
609 414 730 456 publici
751 413 950 456 subscriptis,
971 419 1003 445 et
1019 413 1128 455 sigillo
1146 423 1218 456 pcr-

476 476 575 498 sonae
594 466 625 498 in
648 466 869 499 ecclesiastica
887 466 1046 508 dignitate
1060 465 1217 498 constitn-

477 524 527 552 tae
544 519 690 559 munitis,
712 520 825 552 cadem
847 529 982 562 prorsus
996 518 1076 551 fides
1096 519 1216 561 ubique

475 572 622 604 locorum
642 577 704 604 tam
725 571 758 603 in
777 571 896 604 iudicio
915 582 1009 614 quam
1028 576 1118 603 cxtra
1136 571 1216 604 illud

476 623 647 663 habeatur,
668 633 749 666 quae
768 623 849 667 ipsis
872 623 1103 666 praesentibus
1121 623 1218 656 habe-

474 681 567 709 retur
583 676 608 709 si
631 677 737 709 forent
757 676 923 709 exhibitae
945 677 994 710 vel
1020 682 1184 710 ostensae.

520 730 634 762 Datum
647 730 778 770 Romae,
793 731 879 773 apud
894 730 924 762 S.
941 730 1082 771 Petrum,
1093 731 1153 764 sub
1166 741 1216 763 an-

477 783 554 815 nulo
581 783 761 823 piscatoris,
784 784 835 816 die
860 794 898 816 xv
923 784 1058 816 ianuarii
1085 794 1216 824 nnccw,

475 835 681 878 pontificatus
705 836 805 868 nostri
831 847 914 869 anno
939 847 983 869 Vi.

323 265 385 284 Fides
408 267 465 285 iran-

282 294 419 317 tmupturum.

509 896 568 923 Dat.
589 897 632 923 die
657 898 686 924 ¹5
706 898 823 924 ianuarii
847 898 924 933 1706,
944 897 1038 933 pontis.
1062 906 1133 925 anno
1150 905 1184 925 vl.

773 1013 918 1046 LXXXV.

474 1082 696 1115 Declarantur
720 1083 817 1115 mella
849 1088 923 1116 acla
954 1084 989 1116 in
1022 1084 1130 1116 Indiis
1155 1084 1217 1116 col-

519 1135 587 1168 lata
611 1146 631 1168 α
655 1137 800 1179 qenerali
825 1137 1031 1180 inquisitore,
1055 1138 1218 1181 archiepi-

517 1199 607 1232 scopo
632 1189 664 1222 S.
689 1189 809 1230 Fidei,
836 1191 979 1234 episcopo
995 1191 1026 1224 S.
1051 1191 1214 1231 Marllzae,

517 1246 545 1274 el
569 1243 660 1275 eurici
687 1242 822 1282 laicali,
850 1243 1002 1275 cult-ersus
1034 1244 1213 1287 episcopum

520 1295 805 1338 Carthayz'nensem
830 1297 1053 1329 immunitatis
1070 1297 1215 1329 ecclesia·

518 1349 617 1381 sticae
645 1350 721 1382 iura
754 1354 906 1390 luentem,
939 1361 1012 1382 cum
1043 1351 1216 1383 nonnullis

518 1402 597 1434 aliis
621 1402 903 1435 declarationibus
927 1407 956 1435 et
979 1404 1109 1436 statutis
1126 1403 1147 1436 ¹.

695 1474 830 1501 Clemens
851 1475 928 1508 Papa
947 1475 996 1508 XI,

617 1519 653 1545 ad
672 1518 806 1545 futuram
826 1519 870 1546 rei
891 1519 1073 1547 memoriam.

306 1589 396 1626 L.³?⁰¹'³³
413 1590 466 1627 iqfer
520 1580 535 1624 g
554 1580 584 1612 l.
603 1580 644 1613 Ex
661 1581 826 1613 commissi
841 1581 934 1614 nohis
947 1581 1099 1614 divinitus
1114 1587 1215 1625 pasto-

281 1618 465 1687 iiti'ifg'iiiffgsssniiii
476 1633 552 1666 ralis
572 1633 668 1666 oflicii
695 1633 805 1666 debito
824 1645 953 1667 causam
979 1635 1063 1667 inter
1083 1645 1216 1667 venera-

280 1676 290 1687 ''
305 1675 333 1688 ω’
381 1676 385 1695 ¹
407 1671 463 1692 ³⁰⁵¹'
475 1686 574 1719 bilem
596 1686 727 1719 fratrem
753 1687 943 1720 Michaelem
962 1687 1138 1720 Antonium
1154 1688 1216 1730 epi-

280 1699 333 1716 ctos.

475 1750 606 1783 scopum
639 1740 925 1783 Carthaginensem
963 1742 993 1773 in
1026 1741 1148 1779 indiis,
1177 1747 1237 1776 cx}

475 1795 548 1832 una,
571 1799 602 1826 et
622 1793 756 1826 dilectos
783 1794 865 1826 tilios
890 1794 1095 1827 Franciscum
1120 1794 1215 1827 Yare-
1235 1797 1237 1821 '1

473 1847 537 1879 lam
558 1847 713 1879 adversus
739 1847 935 1880 haereticam
954 1847 1144 1890 pravitatem
1170 1848 1216 1880 in-

474 1899 662 1943 quisitorem
687 1900 719 1933 in
746 1901 830 1934 dicta
860 1900 987 1934 civitate
1023 1901 1212 1934 auctoritate

473 1954 650 1997 apostolica
676 1954 883 1997 deputatum,
914 1964 949 1987 ac
975 1954 1129 1987 officiales
1155 1965 1212 1987 seu

473 2006 636 2039 ministros
654 2007 762 2039 curiae
781 2007 916 2048 laicalis,
933 2018 1061 2040 necnon
1079 2018 1214 2041 venera-

473 2059 556 2093 biles
574 2059 687 2092 sratres
706 2065 780 2092 tunc
798 2061 974 2094 existentes
993 2061 1213 2104 archiepisco-

473 2123 550 2156 pum
571 2112 601 2146 S.
630 2113 720 2146 Fidei
746 2120 777 2146 et
797 2115 985 2158 episcopum
1004 2115 1035 2147 S.
1055 2115 1209 2155 Marthae,

473 2165 635 2210 aliosque,
656 2177 691 2199 ex
711 2168 812 2200 altera
830 2168 991 2210 partibus,
1010 2168 1212 2201 vertentem²

507 2246 520 2273 1
544 2246 690 2273 lnnocentii
710 2247 758 2273 xtl
780 2247 887 2274 constit.
919 2247 983 2274 edit.
1007 2254 1148 2279 srncxcm,
1170 2248 1213 2275 die

474 2291 485 2317 ¹
509 2290 683 2325 septembriS,
705 2292 798 2326 pontis.
816 2298 859 2322 ιιι,
881 2292 1018 2318 declarata
1043 2292 1118 2319 fuere
1139 2292 1213 2318 nulla

474 2335 559 2362 edicta
579 2334 711 2370 praetoris
726 2335 915 2362 Cremonensis
931 2335 964 2362 de
983 2336 1050 2363 festo
1071 2337 1099 2363 S.
1122 2336 1213 2363 Domi-

473 2379 544 2411 nici;
565 2383 592 2405 et
611 2378 691 2405 huius
713 2379 848 2406 Pontificis
871 2380 979 2406 constit.
1002 2380 1068 2406 edit.
1092 2387 1212 2412 nocem,

474 2424 517 2451 die
533 2424 545 2450 1
560 2423 684 2455 ianuarii,
701 2422 855 2457 pontit.x·11,
867 2423 1019 2450 declaratur
1034 2424 1137 2451 nullum
1153 2424 1212 2451 edi-

475 2472 546 2495 ctum
575 2466 770 2502 archiepiscopi
804 2467 951 2493 Goauensis
980 2472 1072 2494 contra
1105 2468 1212 2495 iurisdi-

475 2513 591 2540 ctionem
612 2511 789 2538 commissarii
811 2512 950 2546 apostolici
971 2512 997 2538 in
1017 2512 1101 2540 Indiis
1116 2513 1213 2541 Orien-

474 2558 585 2586 tatibus.

509 2603 526 2631 2
544 2602 616 2630 Edit.
633 2601 713 2630 Μαίη.
730 2601 795 2637 legit
810 2604 934 2631 vertente
953 2602 992 2637 (n.
1007 2603 1057 2636 T.).

1059 208 1232 231 [tetthttttt'tt
1261 207 1412 230 ROMANL'M

2003 205 2056 232 An.
2073 206 2102 231 C.
2127 205 2194 232 ¹706

1261 254 1414 288 dirimere
1440 256 1611 298 cupientes
1629 282 1636 295 ,
1666 255 1703 288 de
1730 254 1999 298 Congregationis

1260 308 1491 341 nonnullorum
1517 319 1553 341 ex
1579 308 1822 341 venerabilibus
1849 307 2000 340 fratribus

1260 361 1379 393 nostris
1409 360 1440 393 S.
1471 361 1507 394 R.
1542 361 1576 393 E.
1612 360 1835 393 cardinalibus
1860 370 1876 392 a
1901 359 1998 393 nobis

1259 412 1443 455 specialiter
1479 414 1675 456 deputatae,
1710 424 1793 456 quae
1830 413 1944 446 diebus
1967 423 1998 447 Χι

1260 465 1443 498 decembris
1468 476 1595 500 nnccin
1613 472 1645 499 et
1661 477 1691 499 xi
1709 466 1846 498 ianuarii
1868 476 1997 505 noccw,

1259 518 1286 550 si
1307 518 1350 551 ita
1374 519 1469 552 nobis
1493 519 1677 562 placuisset,
1699 524 1732 551 ut
1753 519 1836 551 infra
1861 519 1998 558 censuit,

1259 571 1408 611 consilio,
1428 572 1537 605 omnia
1563 577 1632 604 acta
1649 582 1709 615 per
1727 571 1845 604 dictum
1862 570 1998 604 Michae-

1259 625 1322 657 lem
1352 625 1526 658 Antonium
1556 625 1746 668 episcopum
1777 635 1848 657 esse
1875 625 1935 657 rite
1967 627 2000 657 et

1259 677 1342 710 bene
1368 683 1475 719 gesta,
1501 683 1533 710 et
1558 678 1716 711 riceversa
1745 682 1882 717 cuncta,
1916 687 1997 720 quae

1259 740 1316 772 per
1340 730 1445 763 dictos
1469 731 1696 774 inquisitorem
1720 736 1751 763 et
1775 730 1885 763 curiae
1906 729 1999 763 laica-

1260 783 1298 815 lis
1322 783 1475 816 officiales
1501 794 1558 816 seu
1583 784 1750 816 ministros
1777 793 1814 815 ac
1837 782 1999 825 archiepi-

1259 846 1393 878 scopum
1417 836 1449 868 S.
1469 836 1558 869 Fidei
1591 842 1622 869 et
1655 836 1847 879 episcopum
1865 835 1897 868 S.
1916 834 1998 867 Mar-

1237 905 1238 909 =
1261 889 1334 922 thae
1360 894 1472 921 contra
1500 890 1702 932 praedictum
1727 889 1915 922 Michaelem
1934 889 1998 920 An-

1260 942 1382 974 tonium
1408 942 1597 986 episcopum
1630 949 1722 985 gesta
1746 943 1898 983 suerunt,
1925 952 1997 974 esse

1260 995 1357 1033 nulla,
1384 994 1523 1028 invalida
1549 1001 1580 1028 et
1605 1000 1781 1034 attentata,
1808 994 1997 1027 auctoritate

1260 1048 1449 1090 apostolica,
1475 1054 1589 1081 tenore
1621 1048 1856 1091 praesentium,
1891 1047 1997 1080 decla-

1260 1111 1376 1134 ramus.
1397 1102 1434 1134 Et
1451 1101 1674 1142 nihilominus,
1694 1102 1731 1134 ad
1750 1101 1904 1133 maiorem
1925 1110 1998 1132 cau-

1262 1156 1364 1195 telam,
1393 1161 1423 1188 et.
1448 1161 1610 1198 quatenus
1636 1165 1717 1198 opus
1741 1155 1788 1194 sit,
1808 1154 1864 1188 illa
1889 1152 1998 1186 omnia

1260 1215 1291 1241 ct
1316 1209 1443 1252 singula
1467 1219 1666 1249 revocamus
1694 1218 1865 1248 cassamus,
1895 1207 1999 1239 irrita-

1259 1273 1342 1303 mus,
1369 1264 1572 1295 annullamus
1598 1268 1629 1296 et
1654 1263 1832 1301 abolemus,
1860 1261 1998 1293 viribus-

1260 1326 1322 1358 quc
1342 1320 1371 1349 ct
1396 1315 1510 1349 effectu
1537 1315 1666 1358 penitus
1686 1321 1717 1347 et
1734 1315 1867 1347 omnino
1884 1325 1998 1347 vacua-

1260 1381 1339 1409 mus,
1365 1381 1401 1402 ac
1426 1381 1484 1413 pro
1510 1369 1684 1408 revocatis,
1711 1369 1856 1409 cassatis,
1883 1369 1995 1408 irritis,

1237 1417 1238 1422 ¹
1259 1423 1372 1462 nullis,
1399 1423 1547 1456 invalidis
1574 1428 1605 1455 et
1629 1422 1783 1461 abolitis,
1809 1422 1998 1464 viribusque

1259 1481 1290 1508 ct
1308 1475 1420 1508 ell'ectu
1439 1477 1567 1519 penitus
1589 1480 1620 1508 et
1638 1475 1771 1508 omnino
1788 1475 1899 1508 vacuis
1917 1485 1999 1508 sem·
2025 1491 2029 1500 =

1259 1540 1317 1572 per
1342 1530 1456 1562 haberi
1478 1530 1599 1562 debere
1626 1529 1831 1562 decernimus
1858 1534 1889 1562 et
1913 1528 1999 1573 pari-

1259 1589 1306 1615 ter
1332 1583 1544 1615 declaramus

1302 1635 1316 1677 ἓ
1341 1635 1372 1667 2.
1400 1635 1544 1669 Ceterum
1565 1636 1702 1679 praefati
1729 1635 1995 1678 archiepiscopus
2020 1645 2128 1669 ouonmau
2139 1652 2190 1673 pm-

1258 1689 1288 1721 S.
1321 1689 1410 1721 Fidei
1438 1694 1469 1722 et
1491 1689 1662 1733 episcopus
1694 1689 1725 1723 S.
1756 1689 1918 1728 Marthae,
1944 1672 2191 1726 ce-Sss‘lss’ii'sdmssnssiii

2005 1726 2146 1749 contrariam.
2170 1728 2191 1747 et

1260 1743 1385 1785 tcrique
1422 1753 1535 1775 omnes
1571 1742 1851 1785 supranominati,
1878 1752 2189 1804 consu‘affssflgqffffifflss,

1259 1796 1325 1827 lant
1349 1795 1568 1829 conscientiae
1587 1806 1662 1828 suae
1681 1806 1740 1838 pro
1763 1806 1874 1828 eorum
1901 1795 2147 1842 abso-nqufsmqqa
2170 1806 2189 1826 in

1258 1849 1390 1881 lutione.
1418 1848 1485 1887 Quo
1515 1859 1591 1881 vero
1625 1849 1663 1880 ad
1693 1848 1868 1881 canonicos
1898 1832 2190 1884 alios-{iisstssi'“3i‚'li22

1258 1912 1319 1944 que
1351 1901 1586 1934 ecclesiasticos
1621 1901 1715 1934 etiam
1746 1902 1914 1943 regulares
1941 1887 2046 1934 defu*

1257 1955 1452 1998 linquentes,
1472 1955 1575 1988 dictus
1597 1955 1730 1987 Michael
1750 1954 1910 1987 Antonius
1928 1954 1996 1998 epi-

1257 2018 1377 2051 scopus
1410 2008 1441 2040 in
1479 2008 1584 2040 reditu
1622 2007 1660 2040 ad
1693 2018 1782 2040 suam
1812 2008 1996 2050 ecclesiam,

1256 2067 1369 2094 contra
1393 2061 1490 2102 illos,
1516 2071 1580 2094 non
1613 2061 1761 2094 obstante
1794 2071 1996 2104 quacumque

1256 2115 1429 2157 praetensa
1458 2114 1666 2157 exemptione
1702 2124 1762 2157 per
1796 2124 1852 2147 eos
1887 2113 1995 2147 forsan

1256 2167 1456 2209 adducenda,
1482 2172 1579 2210 prout
1603 2167 1642 2200 de
1667 2168 1737 2200 iure
1762 2167 1927 2210 procedat,
1962 2173 1995 2200 et

1255 2221 1318 2254 iam
1343 2221 1611 2254 excommunicati
1636 2226 1748 2253 curent
1772 2220 1833 2252 sibi
1858 2221 1994 2254 concedi

1255 2275 1494 2307 absolutionem
1519 2284 1536 2306 a
1567 2274 1711 2316 praefato
1744 2273 1900 2307 Michaele
1931 2275 1996 2307 An—

1257 2327 1345 2360 tonio
1370 2326 1536 2370 episcopo,
1555 2326 1608 2369 qui
1633 2325 1765 2369 praevio
1791 2326 1898 2359 edicto
1924 2325 1996 2360 oss'e·

1256 2387 1305 2414 rat
1321 2380 1410 2412 illam
1428 2378 1690 2422 comparentibus
1711 2378 1795 2411 infra
1821 2378 1994 2412 terminum

1256 2432 1510 2477 praesigendum,
1530 2437 1665 2475 excepto
1691 2432 1850 2465 canonico
1876 2443 1995 2475 cogno-

1256 2488 1376 2520 minato
1395 2487 1595 2525 Bentancur,
1624 2486 1687 2525 cui,
1707 2485 1753 2517 uti
1789 2485 1890 2528 magis
1919 2486 1991 2518 cul-

1256 2539 1378 2584 pabili,
1403 2545 1435 2573 et
1466 2539 1499 2572 in
1528 2538 1596 2572 suis
1630 2538 1755 2572 delictis
1787 2538 1992 2579 detestabili,

1257 2595 1359 2629 dictus
1390 2593 1526 2628 Michael
1557 2592 1717 2627 Antonius
1754 2592 1928 2636 episcopus
1953 2591 1992 2625 de
