2269 3203
82 258 130 286 An.
148 257 177 286 C.
200 258 261 286 ΠΜ

109 1604 219 1624 Clausulas

897 255 1040 279 CLEMENS
1065 254 1097 278 XI
1122 254 1170 278 1³1¹.

279 307 442 346 subsistat,
468 305 668 349 apostolicae
688 303 943 337 confirmationis
962 315 1020 337 no-

278 366 363 393 strae
388 358 568 403 patrocinio
594 357 786 391 communiri
814 367 1019 401 summopere

279 413 462 446 desideret:
488 422 556 451 nos,
594 411 696 456 ipsius
734 411 860 445 Ioannis
888 411 1018 444 Antonii

277 466 357 499 votis
383 465 443 498 liac
470 465 501 498 in
527 476 574 506 re,
601 470 756 508 quantum
783 475 854 497 cuin
881 464 1020 498 Domino

276 529 460 562 possumus,
471 519 694 551 favorabiliter
707 529 851 552 annuere
862 520 1021 558 volentes,

277 582 412 616 eumque
438 583 455 605 a
473 571 643 615 quibusvis
659 572 1019 613 excommunicationis,

275 625 501 669 suspensionis
520 631 552 658 et
569 625 744 666 interdicti,
763 625 900 669 aliisque
919 625 1021 659 ecclc-

274 679 413 712 siasticis
434 678 632 719 sententiis,
663 679 809 712 censuris
836 686 868 712 et
892 680 1018 723 poenis,

275 733 376 766 aiure
400 733 449 766 vel
475 733 514 765 ab
540 733 684 773 homine,
712 733 822 777 quavis
849 734 1019 766 occasione

275 786 323 820 vel
350 789 446 820 causti
471 787 558 827 latiS,
578 787 603 820 si
629 787 747 831 quibus
772 787 1022 831 quomodolibet

275 840 451 874 innodatus
477 841 595 881 existit,
621 841 660 874 ad
687 839 839 874 effectum
865 850 1021 884 praesen-

276 894 356 927 tium
391 894 559 928 dumtaxat
594 895 874 938 consequendum,
901 895 1018 927 harum

274 949 359 982 serie
377 949 584 983 absolventes
604 955 635 982 et
652 949 838 982 absolutum
859 949 928 982 fore
950 959 1021 981 cen-

274 1006 396 1044 sentes,
411 1003 711 1047 supplicationibus
730 1003 799 1036 cius
817 1003 948 1036 nomine
964 1013 1021 1036 no-

274 1057 361 1090 mine
387 1057 482 1091 nobis
503 1068 602 1101 super
627 1057 690 1090 hoc
716 1057 886 1090 humiliter
906 1067 1021 1100 porre-

274 1111 335 1144 ctis
362 1111 521 1152 inclinati,
537 1112 701 1145 decretum
727 1111 976 1155 praeinsertum,
1003 1122 1020 1144 a

274 1171 456 1198 memorato
482 1165 624 1209 Iosepho
650 1165 773 1199 Renato
807 1165 966 1198 cardinali
989 1170 1020 1197 et

274 1223 463 1261 protectore
485 1217 606 1251 editum
637 1223 672 1250 ut
697 1218 891 1262 praefertur,
912 1223 1020 1251 aucto-

273 1272 369 1305 ritate
405 1272 598 1316 apostolica,
627 1278 739 1305 tenore
771 1272 1016 1316 praesentium,

274 1325 502 1359 confirmamus
524 1331 556 1359 et
581 1326 811 1369 approbamus,
832 1326 945 1369 illique
971 1325 1020 1357 in·

273 1378 437 1412 violabilis
476 1379 678 1423 apostolicae
715 1378 877 1412 firmitatis
916 1378 1019 1411 robur

274 1432 458 1473 educimus,
475 1443 511 1466 ac
529 1444 644 1467 omnes
671 1438 703 1467 et.
724 1433 870 1476 singulos
888 1431 966 1465 iuris
987 1437 1019 1465 et

274 1485 348 1519 sacti
369 1486 527 1528 desectus,
546 1487 572 1520 si
591 1487 645 1531 qui
668 1487 811 1531 desuper
836 1485 1020 1530 quomodo-

274 1539 356 1573 libet
372 1540 621 1582 intervenerint,
638 1541 842 1584 supplemus.

319 1594 334 1637 ἓ
358 1593 390 1628 3.
417 1594 648 1636 Decernentes,
671 1595 802 1629 easdem
828 1599 1018 1638 praesentes

1065 313 1220 348 quoque,
1247 301 1383 335 indultis
1419 307 1449 334 et
1474 301 1592 335 litteris
1622 303 1812 346 apostolicis

1066 357 1097 389 in
1128 356 1329 390 contrarium
1350 356 1607 400 praemissorum
1636 356 1815 400 quomodo-

1066 410 1146 443 libet
1164 410 1337 451 coucessis,
1356 409 1554 443 confirmatis
1582 415 1612 442 et
1638 409 1812 449 innovatis

1066 464 1184 508 quibus
1206 464 1359 497 omnibus
1385 469 1417 497 et
1441 463 1591 506 singulis,
1613 463 1742 496 illorum
1769 469 1813 495 te-

1066 528 1164 551 nores
1196 517 1427 561 praesentibus
1452 528 1512 561 pro
1540 519 1636 560 plene
1670 522 1701 550 et
1729 517 1814 549 suffi-

1065 571 1188 605 cienter
1213 571 1377 614 expressis
1399 581 1434 604 ae
1460 571 1498 603 ad
1520 571 1656 603 verbum
1684 571 1813 603 insertis

1066 625 1235 665 habentes,
1264 625 1328 658 illis
1351 624 1431 657 alias
1458 624 1490 656 in
1517 635 1573 657 suo
1598 624 1717 657 robore
1739 635 1814 667 per-

1065 679 1246 717 mansuris,
1274 678 1313 711 ad
1352 678 1611 722 praemissorum
1644 678 1814 718 effectum,

1067 732 1127 764 liae
1158 732 1226 764 vice
1252 732 1444 771 dumtaxat,
1473 731 1661 774 specialiter
1696 737 1728 763 et
1753 742 1810 763 ex-

1064 796 1179 829 presse
1206 786 1430 828 derogamus;
1469 785 1656 828 ceterisque
1683 790 1814 819 contra-

1064 839 1121 872 riis
1147 839 1423 883 quibuscumque.

1109 893 1222 926 Datum
1249 893 1370 926 Romae
1387 920 1394 934 ,
1423 893 1507 936 apud
1534 893 1565 926 S.
1593 893 1733 933 Petrum,
1752 892 1813 925 sub

1064 948 1187 980 annulo
1213 947 1408 987 piscatoris,
1432 947 1482 980 die
1502 956 1542 980 xv
1561 946 1675 991 aprilis
1699 956 1811 987 Macci,

1065 1001 1274 1044 pontificatus
1296 1001 1399 1034 nostri
1417 1012 1503 1034 anno
1524 1012 1544 1034 1.

1101 1063 1160 1091 Dat.
1178 1063 1221 1091 die
1243 1064 1276 1091 15
1296 1064 1390 1100 aprilis
1414 1065 1491 1099 1701,
1514 1064 1612 1099 pontif.
1631 1072 1703 1091 anno
1721 1072 1739 1091 1.

1387 1208 1491 1242 XVIII.

1066 1287 1256 1322 Conceditur
1280 1287 1422 1331 facultas
1453 1287 1637 1321 celebrandi
1666 1287 1813 1332 capitula

1105 1342 1328 1386 provincialia
1352 1342 1496 1385 sinqttlis
1523 1342 1704 1385 provinciis
1737 1342 1812 1376 Con-

1107 1397 1309 1440 greslatiouis
1325 1397 1446 1430 Italiae
1464 1397 1675 1429 eremitarum
1688 1396 1813 1429 Discol-

1107 1455 1271 1483 cealorum
1298 1450 1330 1484 S.
1358 1450 1543 1494 Augustini
1567 1451 1588 1483 ¹.

1291 1531 1427 1559 clemens
1443 1532 1524 1566 Papa
1539 1532 1588 1565 xl,

1207 1577 1243 1604 ad
1264 1578 1400 1604 futuram
1420 1578 1465 1605 rei
1487 1577 1672 1604 memoriam.

1733 242 1774 276 27
1824 251 1872 279 An.
1889 250 1917 280 c.
1938 252 2003 280 1701

276 1647 401 1681 litteras
427 1658 558 1692 semper
589 1648 718 1689 firmas,
751 1649 872 1682 validas
897 1655 928 1682 et
953 1648 1020 1682 effi-

276 1712 368 1734 caces
387 1701 523 1735 existere
544 1708 576 1735 et
593 1702 671 1742 sore,
690 1713 833 1746 suosque
852 1702 1018 1746 plenarios

276 1760 307 1787 et
331 1755 479 1798 integros
504 1755 637 1788 effectus
662 1757 770 1789 sortiri
797 1762 829 1789 ct
857 1756 1017 1795 obtinere,

276 1818 312 1840 ac
337 1807 413 1847 illis,
439 1809 479 1841 ad
506 1819 587 1852 quos
614 1814 738 1852 spectat
764 1815 794 1842 et
819 1809 850 1842 in
878 1810 1017 1842 suturuni

276 1862 549 1905 quandocumque
586 1863 771 1905 spectabit,
800 1863 831 1895 in
868 1863 1018 1896 omnibus

1107 1649 1121 1693 ξ
1143 1649 1310 1693 1.Exponi
1329 1649 1425 1682 nobis
1440 1660 1547 1693 nuper
1567 1650 1716 1683 fecerunt
1735 1649 1810 1683 dile·
1833 1656 1910 1688 ⁴Initio
1925 1657 2007 1681 dume:

1063 1703 1104 1735 cti
1126 1702 1182 1736 lilii
1198 1704 1325 1736 vocales
1342 1703 1474 1746 capituli
1492 1702 1654 1746 generalis
1669 1702 1810 1745 Congre-
1821 1684 1916 1757 i.¹=¹{=g‚:¹s¹i=⁵d
1929 1690 2008 1736 ‘13³3'ss

1064 1756 1203 1800 gationis
1229 1757 1339 1789 Italiae
1366 1757 1500 1789 l'ratrum
1526 1755 1655 1789 Ordinis
1683 1757 1805 1801 cremi-
1821 1744 2010 1810 {iiqlsssfiissfi‘ssj

1064 1815 1170 1842 tarum
1196 1810 1227 1843 S,
1256 1809 1427 1852 Augustini
1446 1809 1712 1843 Excalceatorum
1728 1796 1809 1841 nu'ii-
1820 1794 2007 1870 Ξὲῖῧῖξέιῖἓὲϊὲἓζ

1063 1868 1257 1906 eupatorum
1284 1863 1316 1895 in
1344 1863 1406 1895 liae
1421 1863 1503 1895 alma
1521 1862 1605 1895 Urbe
1628 1865 1738 1895 nostra
1752 1873 1809 1895 no·
1820 1871 1875 1919 irffis
1905 1871 2006 1892 iuterfue-

112 2347 266 2371 Contrariorum

85 2374 202 2401 derogatio.

275 1920 307 1948 et
330 1925 389 1958 per
412 1915 520 1948 omnia
546 1916 739 1958 plenissime
759 1916 939 1958 sull‘ragari,
961 1916 1019 1949 sic-

275 1969 396 2012 quein
422 1969 611 2012 praemissis
646 1980 705 2013 per
731 1980 954 2014 quoscumque
976 1971 1019 2003 iu-

275 2023 364 2056 dices
381 2023 564 2056 ordinarios
584 2029 615 2056 et
632 2024 810 2067 delegatos,
825 2023 920 2057 etiam
944 2035 1031 2062 cau-,

274 2087 381 2110 sarum
407 2077 520 2120 palatii
556 2078 729 2121 apostolici
755 2078 923 2111 auditores
941 2105 948 2119 ‚
975 2078 1018 2111 iu-

275 2129 376 2164 dicari
403 2135 435 2164 et
460 2130 590 2164 definiri
618 2132 750 2173 debere,
771 2143 807 2165 ac
840 2132 969 2165 irritum
988 2138 1019 2165 et

276 2183 385 2225 inane,
411 2184 436 2217 si
462 2195 553 2218 secus
586 2195 684 2229 super
711 2185 760 2218 liis
793 2196 810 2218 a
832 2196 1017 2229 quoquam,

276 2237 388 2281 quavis
427 2239 642 2279 auctoritate,
668 2239 812 2272 scienter
850 2240 898 2272 vel
926 2239 1019 2282 igno-

275 2297 396 2330 ranter,
423 2292 598 2335 contigerit
623 2293 789 2326 attentari.

321 2344 336 2388 ἓ
360 2343 392 2376 4.
411 2344 480 2378 Non
498 2346 702 2379 obstantibus
729 2346 1018 2379 constitutionibus

279 2402 309 2430 et
333 2398 590 2432 ordinationibus
616 2400 828 2442 apostolicis,
863 2411 990 2434 necnon
1010 2427 1016 2441 ,

280 2456 439 2493 quatenus
450 2462 531 2495 opus
546 2452 596 2492 sit,
611 2453 750 2486 duarum
768 2453 1018 2496 provinciarum,

280 2512 317 2535 ac
340 2503 605 2547 Congregationis
623 2511 655 2538 et
671 2505 800 2539 Ordinis
821 2506 1018 2546 huiusmodi,

281 2555 379 2588 etiam
395 2557 587 2598 iuramento,
613 2559 863 2592 confirmatione
889 2565 1021 2603 aposto-

280 2608 351 2648 lica,
376 2609 426 2641 vel
445 2611 556 2652 quavis
572 2610 725 2645 firmitate
752 2612 814 2645 alia
839 2613 1017 2654 roboratis,

280 2661 410 2697 statutis
443 2667 474 2696 et
504 2664 812 2706 consuetudinibus,
838 2665 1021 2709 privilegiis

1063 1916 1192 1949 vissimc
1212 1916 1377 1957 celebrati,
1391 1916 1488 1959 quod,
1504 1926 1574 1948 cum
1595 1926 1633 1949 eo
1650 1921 1806 1959 tempore,

1063 1981 1128 2013 quo
1145 1970 1230 2003 dicta
1249 1969 1465 2013 Congregatio
1483 1969 1629 2003 instituta
1645 1975 1676 2002 et
1690 1980 1706 2001 a
1724 1969 1807 2002 Sede

1063 2021 1249 2067 Apostoliezi
1275 2023 1455 2066 approbata
1481 2022 1549 2062 suit,
1576 2033 1693 2066 parvus
1719 2028 1810 2055 esset

1063 2077 1132 2110 eius
1159 2077 1389 2119 religiosorum
1416 2086 1574 2109 numerus
1596 2103 1602 2116 ‚
1631 2087 1668 2109 ac
1693 2086 1807 2109 omnes

1063 2131 1189 2173 priores
1210 2135 1240 2163 et
1259 2130 1391 2163 disereti
1411 2130 1615 2172 singulorum
1630 2130 1715 2163 illius
1735 2140 1809 2163 con-

1063 2190 1215 2217 ventuum
1242 2184 1282 2216 ad
1309 2184 1485 2227 capitulum
1513 2184 1667 2226 generale
1706 2183 1808 2226 ipsius

1062 2236 1586 2280 Congregationisconcurrerent,
1602 2236 1718 2269 notitia
1729 2247 1809 2279 qua-

1063 2290 1185 2323 litatum
1204 2295 1235 2323 et
1253 2290 1442 2323 meritorum
1463 2290 1595 2323 l'ratruin
1613 2290 1716 2333 magis
1740 2289 1809 2322 ido-

1064 2354 1199 2377 neorum
1236 2349 1267 2377 et
1302 2344 1421 2376 virtute
1453 2344 1675 2386 praeditorum
1713 2342 1807 2375 facile

1100 2407 1109 2432 l
1134 2405 1199 2432 Vide
1220 2405 1364 2432 Alexandri
1385 2405 1430 2431 wi
1453 2409 1479 2432 et
1495 2405 1595 2432 Urbani
1617 2404 1673 2431 VIII
1695 2404 1805 2431 constit.

1063 2450 1133 2477 infra
1161 2450 1257 2477 citatas
1275 2471 1281 2483 ,
1311 2453 1338 2476 et
1362 2449 1512 2476 Innocentii
1543 2449 1586 2476 XII
1608 2449 1717 2476 constit.
1740 2448 1806 2476 edit.

1063 2501 1183 2529 uncxcu,
1200 2494 1244 2522 die
1258 2502 1307 2521 xxx
1320 2495 1397 2529 iunii,
1416 2494 1511 2529 pontif.
1530 2501 1548 2520 1.
1565 2494 1594 2520 ln
1611 2494 1692 2520 huius
1709 2493 1805 2520 Pontis.

1063 2540 1254 2568 constitutione
1266 2539 1438 2575 praecedenti
1450 2539 1539 2574 agitur
1551 2538 1583 2565 de
1595 2539 1721 2573 suffragio
1734 2546 1808 2565 com-

1063 2585 1250 2612 missariorum
1278 2584 1428 2611 insularum
1452 2583 1670 2620 Pliilippinaruin
1688 2605 1695 2616 ‚
1724 2586 1751 2609 et
1779 2583 1807 2608 in

1064 2635 1151 2657 const.
1173 2629 1216 2657 ed.
1239 2636 1340 2664 MDCCH,
1361 2629 1404 2656 die
1419 2628 1455 2655 ⁶24
1477 2628 1642 2663 decembris,
1659 2626 1757 2663 pontif.
1775 2633 1805 2663 ΙΙ,

1064 2674 1097 2703 de
1117 2674 1244 2710 suffragio
1265 2673 1538 2710 consanguineorum.
