2269 3203
112 203 163 232 An.
179 203 209 232 C.
231 204 299 232 ¹712

917 204 1056 227 etim-[EM
1084 204 1114 227 XI
1140 204 1188 227 Pr.

309 264 325 285 a
345 253 501 286 ministris
523 252 775 296 provincialibus
797 252 1047 285 seeundodictae

310 305 497 348 provinciae
513 307 671 339 hactenns
689 305 821 338 minime
839 304 1049 337 (1511331310-

310 359 402 399 1·1111“,
421 365 453 392 01
470 360 562 393 valde
578 359 789 392 dubitandum
806 358 857 397 sit,
874 358 968 401 qnod,
985 368 1049 390 ces-

310 412 456 445 santibus
483 413 578 445 ctiam
600 412 705 451 bellis,
725 416 860 454 propter
879 411 1048 453 magnam²

310 465 468 498 dictorum
503 475 676 508 regnorum
702 466 740 497 ab
767 464 900 498 invicem
926 464 1046 496 distan-

311 519 394 558 tiam,
414 529 480 552 non
506 529 578 551 raro
597 518 666 551 sine
685 518 792 550 debita
814 517 998 550 visitatione
1017 523 1049 550 et

309 572 528 611 correctione,
554 571 651 604 veluti
677 571 852 614 acephala,
879 582 1046 604 remanere

310 625 444 668 possint,
468 636 540 658 eum
559 634 623 657 non
650 624 780 656 modico
807 623 1047 657 ecclesiasticae

309 677 498 721 dist-iplinae
516 682 547 710 et
567 676 726 720 regularis
751 676 974 710 observantiae
995 677 1047 709 de-

309 729 480 762 trimento:
508 729 584 762 111110
610 730 762 773 estquod
789 740 856 770 1105,
882 740 940 772 pro
965 739 1046 762 com-

308 782 394 815 missi
431 782 526 815 nobis
561 782 695 815 caelitus
737 783 910 826 pastoralis
951 782 1045 814 officii

308 837 392 875 cura,
412 846 452 868 ne
471 834 632 878 regularis
652 835 683 868 in
703 841 865 868 conventu
880 836 910 868 S.
933 835 1046 868 LucIae

307 894 338 921 et
356 887 499 931 hospitio
521 888 551 920 S.
572 888 656 920 Petri
683 888 857 931 praedietis
876 888 1045 930 disciplina

306 947 442 984 propter
467 941 645 984 praemissa
670 941 804 981 excidat,
823 941 877 973 sed
905 945 939 972 111
964 951 1046 973 50111-

305 1004 363 1036 per
388 993 420 1025 in
439 1003 495 1026 suo
512 993 621 1036 vigore
648 999 864 1033 conservetur,
890 998 1045 1036 ‹piantum

306 1057 377 1079 cum
396 1046 534 1079 Domino
551 1057 733 1090 possumus,
749 1047 921 1090 providere
937 1047 1046 1079 volen-

308 1105 364 1140 tes,
389 1100 428 1133 de
453 1099 720 1143 Congrcgationis
746 1101 977 1134 nonnullorum
999 1111 1046 1133 1-0-

307 1153 499 1185 nerabilinm
527 1154 660 1186 fratrum
694 1160 881 1187 nostrorum
907 1153 936 1185 S.
956 1153 991 1186 R.
1009 1153 1043 1186 E.

307 1207 520 1239 cardinalium
546 1218 642 1250 super
669 1208 730 1240 hoc
757 1207 884 1249 negotio
910 1219 925 1239 a
951 1207 1044 1240 nobis

307 1260 495 1302 specialiter
512 1260 685 1303 deputatae
711 1261 860 1299 consilio,
888 1271 922 1293 ae
949 1260 1045 1292 etiam

307 1318 413 1352 motu,
439 1313 574 1346 seientia
599 1319 630 1346 et
654 1314 914 1354 deliberatione,
941 1313 1045 1355 deque

306 1366 506 1410 apostolicae
538 1367 705 1410 potestatis
730 1366 936 1410 plenitudine
961 1367 1047 1410 pari-

306 1421 383 1460 bus,
416 1420 540 1453 litteras
572 1425 697 1453 nostras
723 1420 906 1463 praedictas
933 1423 1045 1453 tenore

307 1473 525 1517 praesentium
553 1484 753 1513 revocamus,
782 1483 953 1512 cassamus,
975 1472 1046 1504 irri-

308 1533 410 1559 tamus
433 1531 464 1559 et
483 1527 700 1567 annullamus,
720 1527 906 1570 viriliusque
926 1532 957 1559 et
975 1525 1045 1559 0110-

306 1587 357 1614 0111
384 1581 513 1623 penitus
550 1586 581 1613 et
612 1580 745 1613 omnino
783 1591 978 1618 vacuamus,
1009 1590 1045 1612 ae

305 1635 444 1678 proinde
470 1639 662 1667 conventum
681 1634 713 1668 S.
734 1634 850 1667 Luciae
877 1634 915 1667 de
936 1634 1043 1668 Monte

306 1693 337 1720 et
353 1686 531 1730 hospitium
550 1686 580 1719 S.
601 1687 686 1719 Petri
706 1687 744 1720 de
763 1688 934 1720 Alcantara
955 1698 1045 1730 prae-

306 1740 392 1773 dicta
416 1751 432 1772 a
457 1739 689 1773 seeundodicta
715 1739 878 1782 provincia
902 1740 931 1772 S.
957 1740 1043 1773 Petri

306 1794 344 1827 de
356 1795 526 1827 Aleantara
540 1793 630 1837 regni
645 1793 812 1832 Castellae,
828 1798 927 1833 motu,
943 1794 1043 1826 seien-

306 1846 371 1888 tia,
405 1857 440 1880 ae
466 1846 505 1879 de
531 1846 699 1890 potestatis
724 1846 926 1890 plenitudine
953 1846 1042 1879 simi-

305 1900 401 1941 libus,
422 1900 538 1933 harum
564 1899 647 1933 serie
672 1905 832 1944 perpetuo
854 1901 976 1943 pariter
995 1911 1043 1933 se-

306 1964 456 1997 paramus
483 1959 514 1987 et
539 1954 817 1995 dismembramus,
839 1954 968 1997 illaque,
998 1954 1044 1986 sie

305 2012 453 2051 separata
484 2012 516 2040 et
552 2006 799 2049 dismembrata‚
832 2007 1043 2050 primodietae

305 2061 492 2106 provinciae
527 2060 672 2094 eiusdem
697 2061 726 2094 S.
752 2060 838 2094 Petri
865 2060 903 2093 de
929 2061 1041 2094 Alcan-

307 2121 373 2148 tara
399 2115 429 2147 in
455 2124 558 2157 regno
589 2113 803 2157 Neapolitano
833 2113 943 2147 itidem
969 2124 1044 2157 per-

304 2174 404 2212 petuo
430 2168 608 2208 renuimus,
634 2167 872 2200 reannectimus
898 2173 930 2200 et
955 2168 1043 2200 rein-

305 2232 536 2266 eorporamus,
575 2221 693 2265 illaque
731 2220 763 2253 in
802 2220 976 2264 pristinum
1007 2231 1043 2255 ac

306 2286 378 2309 eum
409 2276 440 2308 in
466 2285 552 2318 quo,
579 2280 751 2318 antequam
777 2274 961 2318 praedictae
988 2285 1044 2308 no-

305 2333 388 2361 strae
413 2327 543 2361 litterae
575 2331 781 2367 emanarent,
809 2327 921 2370 quovis
946 2328 1042 2361 modo

306 2387 397 2414 erant
420 2385 538 2414 statum
562 2380 772 2420 restituimus,
804 2380 992 2424 reponimus
1013 2387 1044 2415 et

305 2433 452 2477 plenarie
474 2433 723 2476 reintegramns,
741 2444 776 2466 30
797 2439 857 2466 tam
877 2433 932 2467 illa
946 2445 1042 2478 quam

305 2496 415 2519 omnes
443 2485 523 2519 alios
547 2492 724 2520 conventus
751 2486 896 2520 eiusdem
921 2487 1043 2530 primo-

342 2559 353 2583 1
377 2555 446 2583 Edit.
468 2555 551 2582 Maiu.
573 2555 637 2591 legit
654 2557 744 2590 fuerit
763 2559 802 2591 (u.
819 2559 869 2591 T.).

339 2601 357 2628 2
375 2599 446 2628 Edit.
466 2599 546 2627 Main.
566 2599 631 2635 legit
650 2608 757 2635 mayna
777 2604 815 2636 (a.
832 2604 881 2637 r.).

378 2653 458 2683 Bull.
474 2654 556 2683 Rom.
572 2669 604 2674 —
624 2654 684 2684 Vol.
703 2655 778 2683 XXI.
923 2655 958 2684 69

1733 195 1797 229 545

1093 251 1196 284 dietae
1224 251 1410 294 provinciae
1437 250 1466 283 S.
1493 252 1575 284 Petri
1603 253 1641 285 «le
1662 254 1834 286 Aleantara

1093 304 1124 335 111
1160 314 1261 346 regno
1298 303 1513 346 Neapolitano
1549 304 1644 337 unico
1685 305 1833 338 ministro

1092 356 1294 399 provinciali,
1313 356 1367 399 qni
1397 356 1516 389 dilecto
1542 357 1637 389 etiam
1661 357 1726 390 lilio
1752 370 1835 391 com-

1092 409 1238 442 missario
1264 409 1406 452 generali
1439 410 1579 442 familiae
1612 410 1834 443 cismontanae

1092 462 1166 495 dicti
1193 464 1321 496 Ordinis
1349 463 1511 496 subiectus
1538 463 1604 502 sit,
1633 463 1832 497 subiieinms.

1135 517 1195 559 {3
1214 517 1449 556 Deeernentes,
1471 517 1555 561 ipsas
1578 523 1767 561 praesentes
1787 519 1835 551 lit-

1093 574 1175 601 teras
1202 575 1234 602 et
1259 569 1290 601 in
1317 570 1363 602 eis
1396 575 1551 603 contenta
1587 581 1831 614 quaecumque,

1091 622 1187 654 etiam
1211 633 1247 654 ex
1266 633 1304 655 eo
1323 623 1409 665 quod
1436 622 1573 665 quilibet
1591 624 1621 656 in
1642 623 1833 666 praemissis

1091 675 1140 706 ius
1166 675 1213 707 vel
1240 674 1398 708 interesse
1431 676 1589 708 babentes
1620 687 1675 709 seu
1709 676 1832 709 babere

1090 728 1340 770 quomodolibet
1357 729 1622 772 praetendentes,
1643 729 1737 762 etiam
1757 741 1831 773 spe-

1090 780 1180 814 cifica
1206 785 1236 815 et
1267 782 1433 815 individua
1455 784 1622 816 mentione
1649 789 1676 815 ct
1707 794 1833 827 expres·-

1090 835 1183 868 sione
1209 835 1391 878 digni‚itlis
1418 847 1480 869 non
1507 836 1747 876 consenserint,
1770 847 1832 869 1100

1089 888 1128 921 ad
1155 899 1192 921 ea
1217 889 1329 928 vocati,
1346 889 1458 934 «citati,
1484 889 1598 929 auditi,
1626 901 1731 933 neque
1760 901 1832 922 cau-

1090 952 1151 981 sae,
1172 947 1308 985 propter
1322 953 1401 986 quas
1420 948 1609 986 praesentes
1635 943 1830 983 emanarint,

1091 994 1248 1027 adductae
1275 1001 1328 1027 aut
1361 995 1545 1028 verilicatae
1579 1001 1610 1028 et
1638 995 1831 1028 iustificatae

1090 1046 1223 1086 fuerint,
1241 1053 1295 1080 aut
1321 1049 1432 1091 quavis
1457 1048 1518 1081 alia
1540 1049 1636 1081 etiam
1664 1054 1832 1091 quantuni-

1090 1099 1407 1144 libeti111·idiea,pia
1432 1107 1463 1134 et
1488 1101 1693 1144 privilegiata
1718 1103 1829 1141 causa,

1090 1154 1210 1191 colore,
1226 1159 1397 1196 praetextu
1417 1159 1448 1188 et
1468 1155 1585 1198 eapite,
1603 1155 1699 1187 etiam
1716 1155 1748 1187 in
1766 1165 1832 1187 eor-

1089 1217 1170 1249 pore
1196 1207 1276 1239 iuris
1302 1208 1422 1245 clauso,
1440 1207 1536 1240 etiam
1562 1209 1717 1247 enormis,
1736 1219 1831 1241 enor-

1089 1258 1254 1291 missimae
1281 1265 1312 1291 et
1337 1260 1446 1292 totalis
1473 1261 1649 1299 laesionis,
1675 1262 1742 1294 ullo
1772 1272 1832 1293 un-

1089 1323 1184 1355 quam
1200 1317 1348 1356 tempore
1374 1314 1412 1346 de
1431 1314 1654 1357 subreptionis
1669 1316 1718 1348 vel
1740 1316 1832 1348 obre-

1089 1365 1210 1408 ptionis
1223 1371 1276 1398 aut
1289 1366 1448 1400 nullitatis
1463 1367 1552 1407 vitio,
1567 1378 1624 1400 seu
1638 1367 1831 1401 intentionis

1089 1424 1218 1451 nostrae
1234 1446 1241 1459 ,
1267 1425 1322 1452 aut
1353 1420 1514 1454 interesse
1541 1421 1730 1453 habentium
1753 1432 1831 1454 eon-

1089 1474 1215 1513 sensus,
1235 1473 1338 1506 aliove
1365 1474 1514 1517 quolibet
1539 1475 1634 1508 etiam
1661 1480 1832 1517 quantum-

1089 1525 1135 1558 vis
1163 1526 1289 1559 formali
1319 1532 1351 1559 et
1375 1528 1580 1561 substantiali
1615 1528 1831 1561 individuam-

1089 1589 1151 1623 que
1192 1580 1436 1622 expressionem
1474 1581 1661 1624 requirente
1698 1581 1830 1614 defectu

1088 1633 1218 1673 notari,
1243 1633 1440 1676 impugnari,
1469 1634 1620 1677 infringi,
1647 1634 1830 1675 retraetari,

1087 1685 1119 1718 in
1138 1687 1393 1720 controversiam
1412 1687 1528 1727 vocari,
1548 1698 1604 1720 seu
1619 1687 1657 1720 ad
1677 1687 1830 1720 terminos

1087 1739 1166 1772 iuris
1191 1740 1313 1780 reduci,
1335 1751 1389 1773 5011
1408 1741 1561 1774 adversus
1586 1741 1659 1774 illas
1676 1741 1832 1784 aperitio-

1087 1793 1136 1825 nis
1154 1792 1230 1833 oris,
1250 1793 1467 1827 restitutionis
1486 1794 1517 1826 in
1539 1794 1712 1837 integrum,
1730 1795 1831 1828 aliud⁴

1087 1855 1123 1878 ve
1149 1846 1378 1890 quodcumque
1404 1846 1500 1886 iuris,
1536 1847 1609 1880 13011
1634 1848 1682 1880 vel
1709 1847 1830 1889 gratiae

1086 1899 1266 1932 remedium
1301 1899 1454 1933 intentari
1484 1901 1533 1934 vel
1559 1900 1746 1944 impetrari,
1771 1911 1829 1933 seu

1087 1952 1185 1995 etiam
1205 1953 1389 1996 impetrato,
1409 1959 1464 1987 aut
1488 1954 1584 1987 etiam
1603 1959 1705 1994 motu,
1722 1953 1830 1987 seien-

1087 2006 1128 2038 tia
1146 2012 1178 2040 et
1194 2007 1364 2050 potestatis
1382 2007 1589 2051 plenitudine
1607 2008 1742 2052 paribus
1756 2019 1829 2041 eon·

1087 2070 1179 2093 cesso
1209 2061 1258 2094 vel
1280 2067 1447 2102 emanato,
1473 2062 1657 2105 quempiam
1690 2063 1723 2095 in
1749 2062 1829 2095 indi-

1086 2113 1136 2147 cio
1155 2114 1204 2147 vel
1223 2118 1313 2147 extra
1332 2114 1412 2148 illud
1433 2115 1479 2147 uti
1505 2126 1563 2149 seu
1580 2126 1614 2149 se
1632 2116 1742 2149 iuvare
1760 2117 1827 2150 ullo

1086 2167 1182 2200 modo
1217 2177 1341 2210 posse·,
1368 2167 1425 2200 sed
1450 2167 1537 2211 ipsas
1561 2175 1752 2211 praesentes
1780 2169 1828 2202 lit-

1086 2226 1171 2254 teras
1197 2232 1328 2264 semper
1353 2221 1470 2262 firmas,
1489 2222 1612 2255 validas
1631 2227 1662 2255 et
1681 2222 1828 2256 estieaces

1086 2274 1226 2308 existere
1258 2281 1289 2308 et
1314 2275 1405 2315 sore,
1431 2285 1571 2319 suosque
1602 2276 1770 2319 plenarios
1796 2282 1828 2310 et

1086 2329 1233 2372 integros
1259 2327 1391 2362 effeetus
1417 2329 1526 2362 sortiri
1553 2334 1585 2362 et
1609 2329 1772 2371 obtinere,
1791 2341 1828 2363 30

1085 2382 1171 2422 11115,
1197 2381 1236 2415 ad
1268 2392 1349 2425 quos
1379 2387 1506 2426 spectat
1538 2387 1569 2415 et
1593 2393 1653 2426 pro
1679 2386 1826 2426 tempore

1086 2435 1359 2479 quandocumque
1393 2436 1572 2479 spectabit,
1605 2435 1637 2468 in
1671 2436 1826 2469 omnibus

1085 2494 1117 2522 et
1141 2499 1200 2532 per
1224 2489 1333 2522 omnia
1357 2489 1547 2533 plenissime
1579 2487 1768 2532 suffragari,
1794 2494 1827 2522 et

1086 2541 1125 2574 ab
1156 2542 1201 2574 eis
1232 2542 1412 2586 respective
1445 2541 1679 2576 inviolabiliter
1713 2541 1825 2574 obser-

1085 2595 1173 2635 vari,
1207 2595 1316 2639 sieque
1348 2595 1381 2629 in
1416 2595 1603 2640 praemissis
1631 2606 1690 2639 per
1721 2605 1823 2639 quos-

1843 206 1896 232 An.
1913 206 1941 233 C.
1964 206 2030 233 1712

1873 531 1993 551 tllausulst.

1872 2600 1886 2613 0
