2269 3203
108 196 158 224 nu.
173 195 202 224 C.
225 194 293 224 ¹706

147 366 251 388 statuitur
269 368 291 386 ut.

108 399 128 415 tn
143 393 236 414 rubrica.

135 2213 256 2236 Cinnanae.

927 190 1069 216 CLEMENS
1097 191 1129 216 Χ]
1154 192 1203 215 Pr.

301 252 371 277 rum
402 243 496 287 copia
526 243 642 277 florere
667 241 894 286 conspiciunt,
924 241 963 274 de
989 250 1038 273 ce-

301 302 370 331 tero
407 297 636 331 assumendum
675 306 746 330 esse
780 296 956 328 decernere
993 294 1040 327 di-

302 361 495 394 gnaremus:
532 361 612 390 nos,
639 350 779 392 ipsorum
805 348 1038 391 exponentium

302 404 382 437 votis
413 404 473 437 bac
505 404 536 436 in
573 414 607 436 re
640 402 861 435 favorabiliter
895 411 1038 434 annuere

301 457 456 496 volentes,
484 461 516 489 et
541 466 651 501 eorum
678 455 861 497 singulares
882 464 1039 497 personas

301 519 319 542 a
344 509 508 553 quibusvis
534 507 890 547 excommunicationis,
908 517 1041 550 suspen·
1061 533 1062 538 ,

301 562 402 595 sionis
429 568 461 595 et
485 561 674 602 interdicti,
701 561 838 604 aliisque
871 559 1040 593 ecclesias-

302 615 373 648 ticis
399 615 570 649 sententiis
587 641 594 655 ,
619 614 766 648 censuris
793 618 824 647 et
848 612 964 656 poenis
984 639 991 651 ,
1023 623 1039 644 a

301 668 370 701 iure
391 669 438 702 vel
464 669 503 701 ab
529 668 685 708 homine,
723 667 833 711 quavis
866 666 1039 700 occasione

303 722 351 755 vel
377 724 474 756 causa
498 723 578 762 latis,
606 722 632 754 si
658 721 774 765 quibus
792 720 1041 764 quomodolibet

301 774 477 809 innodatae
492 776 643 815 existunt,
666 775 704 808 ad
724 774 871 808 ellectum
887 784 1040 818 praesen-
1060 813 1061 819 ἵ

302 829 379 862 tium
405 829 569 862 dumtaxat
593 829 862 872 consequendum
883 855 890 868 ,
922 828 1039 861 harum

300 882 386 915 serie
411 882 617 915 absolventes
643 887 674 915 et
697 882 859 915 absolutas
877 882 947 914 sore
965 891 1039 915 cen-

300 942 424 977 sentes,
451 936 744 980 supplicationibus
771 946 885 969 eornm
909 935 1039 968 nomine

301 989 396 1023 nobis
422 999 522 1032 super
548 990 611 1022 hoc
629 989 799 1022 humiliter
816 988 974 1032 porrectis
992 988 1040 1020 in—

302 1042 439 1083 clinati,
477 1043 515 1076 de
553 1043 788 1076 venerabilium
823 1043 955 1075 fratrum
982 1052 1039 1075 no-

301 1100 440 1128 strorum
479 1095 511 1128 S.
546 1095 582 1128 R.
614 1095 648 1128 E.
689 1095 905 1129 cardinalium
943 1106 1040 1139 super

301 1149 596 1182 consultationibus
623 1149 798 1188 civitatum,
825 1154 983 1181 terrarum
1009 1154 1041 1182 et

301 1201 447 1234 locorum
472 1201 578 1234 Status
612 1201 713 1234 nostri
746 1201 961 1234 Ecclesiastici
987 1212 1039 1234 au-

301 1254 449 1287 ctoritate
482 1254 661 1298 apostolica
697 1255 947 1298 deputatorum,
985 1255 1038 1298 qui

301 1317 368 1340 rem
393 1313 516 1341 mature
542 1308 789 1349 discusserunt,
814 1308 950 1342 consilio
970 1335 978 1349 ,
1005 1313 1040 1340 ut

301 1361 341 1394 de
362 1367 470 1395 cetero
495 1362 661 1405 perpetuis
687 1362 803 1395 suturis
837 1362 1038 1406 temporibus

301 1424 385 1447 unus
421 1426 459 1448 ex
499 1416 701 1449 auditoribus
733 1416 903 1449 tribunalis
939 1416 1039 1449 Rotae

300 1468 443 1511 praefati,
463 1469 729 1512 quotiescumque
754 1470 885 1503 eosdem
905 1475 1041 1513 quatuor

301 1521 468 1555 auditores
494 1522 646 1555 renovari
671 1522 856 1565 contigerit,
881 1532 898 1555 e
916 1522 1039 1555 civibus

302 1573 408 1607 dictae
433 1575 571 1608 civitatis
597 1575 842 1615 Urbinatensis,
869 1576 923 1618 qui
949 1576 982 1608 in
1008 1576 1040 1608 il·

303 1626 364 1659 lius
389 1628 487 1660 studii
513 1629 676 1671 generalis
699 1628 910 1662 universitate
928 1629 967 1661 ad
987 1629 1041 1662 do-

302 1682 446 1713 ctoratus
473 1683 617 1714 lauream
642 1681 676 1714 in
700 1687 840 1725 utroque
867 1682 934 1715 iure
964 1692 1041 1725 pro-

303 1733 398 1773 moti,
425 1744 553 1767 necnon
578 1735 720 1777 collegio
746 1735 843 1768 etiam
867 1735 1037 1778 generali,

303 1791 338 1819 ut
361 1792 487 1828 vocant,
515 1788 684 1821 doctorum
711 1788 815 1831 ipsius
840 1788 976 1822 civitatis
990 1789 1042 1822 ad-

302 1839 413 1883 scripti
441 1841 560 1873 fuerint
577 1868 584 1881 ,
611 1851 647 1873 ac
678 1841 865 1884 ceteroquin
904 1842 1042 1884 qualita-

303 1891 388 1925 tibus
429 1893 460 1925 in
498 1894 670 1927 tribunalis
706 1894 842 1937 praefati
879 1894 1041 1927 erectione

302 1955 359 1978 seu
382 1946 460 1979 alias
482 1947 648 1989 requisitis
666 1947 803 1990 praediti
824 1947 1040 1990 reperiantur,
1062 1962 1063 1982 t

302 1998 341 2032 ab
366 1998 449 2039 iltis,
475 2001 513 2033 ad
540 2012 622 2044 quos
647 2007 779 2044 spectat,
806 2001 940 2034 servatis
960 2002 1040 2033 alias

302 2052 481 2093 servandis,
510 2053 585 2096 eligi
611 2064 667 2086 seu
692 2054 810 2086 assumi
838 2053 963 2093 debeat,
987 2064 1063 2099 atu,

302 2105 452 2138 ctoritate
477 2107 662 2149 apostolica,
677 2112 787 2139 tenore
806 2107 1039 2149 praesentium,
1062 2102 1063 2147 ᾗ

301 2158 473 2191 statuimus
499 2164 530 2192 et
555 2159 753 2192 ordinamus.

345 2212 409 2255 §2-
440 2213 671 2253 Decernentes,
695 2214 826 2246 easdem
853 2218 1063 2264 praesentes1

302 2265 425 2299 litteras
438 2276 569 2309 semper
580 2265 696 2307 firmas,
712 2266 833 2299 validas
847 2271 879 2299 et
895 2266 1041 2299 efficaces

302 2317 441 2351 existere
467 2323 498 2351 et
522 2319 613 2358 sore,
639 2329 780 2361 suosque
813 2319 977 2362 plenarios
1011 2326 1042 2352 et

301 2370 447 2414 integros
474 2371 604 2406 effectus
631 2372 740 2405 sortiri
766 2378 797 2406 et
821 2372 982 2413 obtinere,
1005 2383 1041 2405 ac

301 2423 378 2464 inis,
402 2426 441 2458 ad
476 2436 558 2469 quos
596 2431 721 2469 spectat
755 2430 785 2460 et
808 2436 868 2469 pro
896 2432 1040 2470 tempore

302 2477 573 2522 quandocumque
592 2478 763 2522 spectabit,
783 2479 814 2511 in
839 2479 990 2512 omnibus
1010 2485 1042 2512 et

302 2539 363 2573 per
381 2530 490 2563 omnia
515 2532 704 2574 plenissime
729 2531 915 2575 suffragari,
944 2538 977 2565 et
1001 2533 1040 2565 ab
1060 2525 1062 2561 i

302 2582 365 2616 illis
389 2583 569 2626 respective
594 2584 828 2619 inviolabiliter
852 2585 1036 2626 observari,

1061 2487 1062 2494 t

1060 2498 1062 2509 t

1082 242 1192 286 sieque
1219 241 1252 274 in
1285 240 1472 284 praemissis
1497 250 1558 284 per
1593 250 1818 284 quoscumque

1082 295 1206 328 iudices
1226 294 1406 328 ordinarios
1439 298 1470 327 et
1501 293 1690 335 delegatos,
1724 294 1818 326 etiam

1082 358 1251 380 causarum
1270 347 1378 391 palatii
1397 347 1568 390 apostolici
1587 347 1761 385 auditores,
1775 346 1820 378 iu-

1083 401 1183 433 dicari
1206 406 1238 433 et
1260 399 1387 433 definiri
1410 400 1551 440 debere,
1573 410 1608 432 ac
1640 399 1765 431 irritum
1792 404 1822 431 et

1083 453 1177 486 inane
1207 453 1232 485 si
1263 463 1355 486 secus
1384 452 1552 496 superbis
1586 463 1602 484 a
1632 461 1819 494 quoquam,

1083 507 1192 550 quavis
1213 506 1416 547 auctoritate,
1439 506 1578 539 scienter
1597 505 1644 537 vel
1667 504 1822 547 ignoran-

1083 565 1143 599 ter,
1164 559 1340 603 contigerit
1361 559 1522 593 attentari.

1126 613 1140 655 ᾖ
1164 613 1196 646 3.
1223 613 1291 646 Non
1327 612 1532 646 obstantibus
1568 611 1760 655 praemissis,
1787 621 1822 644 ac

1082 666 1368 699 constitutionibus
1397 671 1429 699 et
1461 664 1725 699 ordinationibus
1750 674 1822 707 apo-

1082 721 1226 760 stolicis,
1262 731 1391 753 necnon
1419 719 1573 761 civitatisf
1591 718 1763 752 Perusinae
1790 722 1821 750 et

1083 773 1252 806 tribunalis
1268 774 1499 817 praefatorum,
1519 772 1615 805 etiam
1627 771 1822 810 iuramento,

1082 826 1330 860 confirmatione
1345 825 1538 870 apostolica,
1567 826 1615 858 vel
1643 824 1755 867 quavis
1774 822 1824 855 tir-

1082 881 1196 914 mitate
1222 881 1286 914 alia
1310 880 1500 919 roboratis,
1535 878 1663 912 statutis
1690 883 1722 910 et
1746 888 1821 910 con·

1082 933 1322 973 suetudinibus,
1336 932 1517 976 privilegiis
1531 942 1671 975 quoque,
1692 930 1824 964 indultis

1083 993 1114 1020 et
1131 986 1250 1021 litteris
1261 986 1450 1030 apostolicis
1465 986 1495 1018 in
1515 984 1713 1018 contrarium
1732 994 1825 1027 prae-

1082 1042 1256 1074 missorum
1282 1039 1531 1083 quomodolibet
1551 1037 1733 1078 concessis,
1749 1048 1824 1070 con-

1082 1095 1217 1128 firmatis
1244 1099 1276 1127 et
1300 1093 1462 1126 innovatis
1482 1104 1488 1132 ;

1082 1153 1114 1181 et
1131 1147 1279 1190 singulis,
1299 1147 1429 1180 illorum
1448 1152 1578 1179 tenores
1596 1144 1825 1188 praesentibus

1081 1211 1140 1243 pro
1158 1201 1255 1244 plene
1273 1205 1304 1232 et
1321 1199 1519 1232 sufficienter
1542 1197 1708 1241 expressis
1733 1202 1765 1230 et
1785 1196 1825 1229 ad

1083 1253 1215 1286 verbum
1241 1253 1370 1286 insertis
1396 1253 1570 1292 habentes,
1596 1251 1661 1284 illis
1690 1251 1770 1284 alias
1792 1250 1824 1282 in

1081 1318 1140 1341 suo
1167 1308 1287 1340 robore
1309 1306 1544 1350 permansuris,
1566 1306 1604 1338 ad
1631 1305 1826 1349 praemisso-

1082 1371 1151 1393 rum
1173 1360 1335 1401 effectum,
1362 1361 1422 1393 hac
1450 1360 1519 1392 vice
1549 1359 1721 1399 dumtaxat,
1753 1369 1827 1402 spe-

1060 1422 1062 1438 1
1082 1414 1208 1447 cialiter
1232 1419 1264 1447 et
1288 1423 1444 1457 expresse
1467 1413 1682 1455 derogamus;
1701 1412 1829 1445 ceteris-

1060 1472 1144 1512 {que
1170 1467 1343 1501 contrariis
1369 1467 1638 1510 quibuscumque.

1126 1523 1240 1555 Datum
1253 1521 1386 1561 Romae,
1400 1520 1485 1564 apud
1501 1521 1532 1553 S.
1548 1521 1688 1560 Petrum,
1700 1520 1760 1553 sub
1777 1529 1826 1553 an-

1084 1576 1161 1608 nulo
1183 1568 1368 1613 piscatoris,
1387 1573 1439 1607 die
1453 1583 1516 1607 xxx
1538 1572 1675 1606 ianuarii
1693 1581 1826 1613 MDCGVI,

1084 1629 1290 1672 pontificatus
1322 1627 1426 1661 nostri
1452 1638 1537 1661 anno
1559 1637 1602 1661 vt.

1120 1691 1175 1719 Dat.
1197 1690 1240 1718 die
1260 1691 1293 1718 30
1314 1690 1429 1718 ianuarii
1454 1690 1528 1724 1705,
1547 1689 1642 1725 pontif.
1659 1696 1728 1716 anno
1745 1695 1780 1716 vi.

1369 1816 1540 1850 LXXXVII.

1062 1900 1063 1910 ¹
1087 1887 1314 1921 Concedttnlur
1338 1888 1496 1930 fratribus
1529 1885 1672 1919 eremitis
1697 1886 1727 1918 S.
1753 1886 1824 1920 Au-

1127 1942 1255 1984 9ttslim'
1276 1941 1466 1984 provinciae
1490 1938 1740 1982 Portuqalliae,
1769 1939 1828 1982 qui

1129 1995 1164 2026 in
1191 1994 1446 2036 Conyreyatione
1474 1992 1651 2026 Incliarum
1678 1991 1828 2026 Orienta-

1131 2047 1210 2079 lium
1238 2047 1356 2080 vicarii
1370 2045 1585 2090 provincialis
1603 2056 1736 2079 munere
1753 2056 1827 2089 per-

1128 2100 1234 2141 functi
1256 2099 1397 2141 fuerint,
1425 2099 1536 2131 omnia
1558 2099 1736 2143 privileqia
1768 2109 1825 2131 ex-

1125 2152 1380 2195 provt'ncialium
1406 2152 1594 2196 provinciae
1619 2152 1639 2184 ⁴.

1061 2209 1063 2240 l
1122 2216 1131 2241 t
1156 2214 1257 2242 Eadem
1279 2215 1419 2250 privilegia
1439 2215 1679 2250 exprovintialium
1700 2222 1826 2242 concessa

1061 2265 1063 2292 j
1084 2256 1194 2283 suerunt
1212 2257 1380 2292 quibusdam
1400 2257 1530 2284 fratribus
1550 2257 1700 2284 Insularum
1722 2257 1824 2292 Philip-

1061 2298 1063 2321 ἰ
1084 2299 1206 2335 pinarum
1231 2300 1263 2326 ab
1286 2299 1440 2327 Innocentio
1452 2299 1483 2326 xt
1500 2305 1585 2326 const.
1603 2299 1646 2326 cd.
1665 2305 1825 2332 unctxxvtt,

1061 2334 1063 2375 ᾗ
1083 2341 1126 2368 die
1146 2342 1177 2368 tt
1200 2341 1356 2368 decembris
1369 2363 1375 2375 ,
1398 2341 1492 2377 pontif.
1514 2348 1552 2374 113
1575 2345 1601 2368 et
1620 2340 1756 2368 nonnullis
1775 2341 1823 2367 Di-

1061 2377 1063 2423 ξ
1083 2383 1223 2410 scalceatis
1243 2382 1466 2418 Congregationis
1483 2382 1626 2418 Hispaniae
1643 2386 1670 2409 et
1684 2382 1822 2409 indiarum

1083 2425 1116 2451 ah
1137 2425 1189 2452 hoc
1209 2425 1341 2452 Pontiiice
1361 2427 1447 2452 const.
1469 2425 1513 2451 ed.
1535 2431 1641 2459 MDCCtV,
1663 2424 1705 2451 die
1734 2424 1764 2451 13
1784 2423 1826 2450 fe-

1060 2466 1062 2476 *
1083 2466 1183 2493 bruarii
1197 2488 1203 2500 ‚
1224 2466 1322 2502 pontif.
1343 2473 1388 2499 1v;
1409 2467 1436 2492 in
1457 2466 1595 2493 Benedicti
1626 2465 1684 2492 xttt
1702 2485 1708 2497 ,
1738 2468 1824 2492 const.

1083 2509 1125 2536 ed.
1147 2515 1303 2543 unccxxvu,
1315 2509 1358 2536 die
1371 2509 1403 2535 14
1422 2508 1500 2542 iunii,
1518 2508 1614 2544 pontis.
1632 2514 1674 2542 xv,
1698 2507 1826 2534 statuitur

1061 2564 1062 2588 χ
1082 2559 1115 2578 ne
1136 2553 1252 2587 amplius
1273 2551 1456 2579 concedantur
1475 2551 1615 2586 privilegia
1636 2549 1824 2585 exprovincia-

1059 2609 1062 2618 t
1082 2593 1149 2620 lium
1169 2594 1195 2620 in
1216 2593 1355 2629 provincia
1375 2593 1570 2628 portugalliae.

1719 181 1779 215 ⁶251
1830 190 1878 217 An.
1896 189 1923 217 c.
1948 190 2015 218 ¹706

1861 622 2016 644 contrat-torum

1833 650 1950 675 derogatio.

1528 1092 1645 1136 quibus
1671 1091 1822 1124 omnibus
1845 1089 1848 1093 ’
