2269 3203
244 197 339 225 Amo
366 196 432 224 1712
479 188 541 223 533

287 469 422 491 Confirmatio

238 497 299 517 relati
315 497 404 520 deci-eii.

257 1743 380 1765 clausulae.

256 2532 414 2554 Contrariorum

233 2558 351 2585 derogatio,

436 246 568 277 obstante
602 247 758 277 enunciato
781 247 864 278 Brevi
898 247 979 277 Pauli
1003 248 1023 276 V
1057 252 1084 276 et
1112 247 1176 276 aliis

435 295 679 335 quibuscumque.
706 297 825 333 Romae,
850 307 864 325 x
890 297 961 326 iunii
985 305 1114 326 ›incoxir
1138 313 1176 318 —

435 345 469 375 G.
493 345 651 375 cardinalis
673 346 848 376 Caurixssrs.
870 365 901 367 ⁷—
927 346 957 375 If.
976 346 1056 375 arch.
1076 345 1175 375 Nicae-

435 403 490 424 nus
513 399 618 423 secret.
644 394 729 423 Locus
751 396 768 430 ἦ·
790 394 887 432 sigilli.

477 461 492 504 ἓ
517 460 547 493 2.
576 460 651 493 Cum
673 466 790 500 autem,
810 460 891 492 sicut
914 460 1017 492 dictus
1040 460 1175 493 Didacus

434 512 529 546 nobis
547 513 687 545 subinde
709 512 826 555 exponi
853 512 939 553 lecit,
967 512 1036 555 ipse
1063 512 1175 545 decre-

434 572 501 598 tum
536 565 736 605 huiusmodi,
765 576 828 609 quo
863 564 985 598 firmius
1020 565 1175 599 subsistat

434 624 467 652 et
491 623 639 652 servetur
666 618 831 658 exactius,
860 619 1063 661 apostolicae
1100 630 1175 652 con-

434 671 628 705 firmationis
654 677 788 704 nostrae
815 671 1000 715 patrocinio
1032 683 1175 706 commu-

433 726 496 758 niri
538 725 714 769 plurimum
752 725 932 758 desideret:
957 736 1027 765 nos,
1070 726 1174 769 ipsius

433 778 540 812 Didaci
576 778 656 812 votis
693 778 808 811 bacin
840 789 887 819 re,
920 784 1074 822 quantum
1101 790 1171 812 cum

430 831 567 864 Domino
585 842 772 875 possumus,
793 831 1012 865 favorabiliter
1030 842 1173 866 annuere

430 885 587 924 volentes,
626 895 762 928 eumque
796 896 813 917 a
845 885 1012 927 quibusvis
1045 895 1174 918 excom-

431 937 671 977 municationis,
694 937 922 980 suspensionis
946 943 975 970 et
994 938 1172 978 interdicti,

431 990 568 1033 aliisque
583 990 813 1023 ecclesiasticis
827 990 1011 1031 sententiis,
1028 991 1172 1024 censuris

430 1050 463 1076 et
491 1043 619 1086 poenis,
638 1054 655 1075 a
678 1043 746 1075 iure
770 1044 819 1076 vel
840 1044 879 1075 ab
899 1043 1043 1083 homine,
1063 1045 1173 1087 quavis

431 1096 603 1129 occasione
631 1097 678 1129 vel
696 1098 789 1128 causa
809 1096 892 1135 latis,
910 1096 936 1129 si
957 1097 1074 1140 quibus
1092 1108 1173 1140 quo-

430 1149 611 1182 modolibet
629 1148 804 1182 innodatus
826 1149 944 1189 existit,
966 1150 1004 1182 ad
1023 1149 1172 1183 effectum

429 1201 655 1246 praesentium
692 1201 858 1234 dumtaxat
884 1203 1170 1245 consequendum,

430 1256 546 1288 harum
572 1254 655 1287 serie
682 1254 890 1287 absolventes
923 1261 953 1287 et
985 1255 1171 1289 absolutum

430 1308 498 1340 sore
525 1312 716 1345 censentes,
743 1307 929 1340 huiusmodi
952 1309 1168 1351 supplicatio-

430 1361 525 1394 nibus
557 1360 715 1401 iuclinati,
742 1361 911 1394 decretum
929 1362 1170 1404 praeinsertum

429 1414 623 1447 auctoritate
652 1414 843 1457 apostolica,
877 1419 989 1447 tenore
1014 1425 1170 1458 praesen-

431 1468 508 1500 tium
523 1467 739 1510 approbamus
759 1473 789 1500 et
804 1466 1040 1506 confirmamus,
1057 1468 1170 1511 illique

429 1520 626 1553 inviolabilis
654 1520 855 1563 apostolicae
882 1520 1042 1553 firmitatis
1071 1521 1192 1570 robur÷

429 1574 609 1614 adiicimus,
637 1575 723 1607 salva
746 1579 850 1607 tamen
877 1585 1008 1617 semper
1026 1575 1056 1607 in
1080 1585 1170 1618 prae·
1190 1576 1192 1603 ἶ

1190 1639 1356 1676 stioccx-n,
1383 1629 1593 1672 pontificatus
1619 1630 1723 1663 nostri
1749 1640 1836 1663 anno
1862 1639 1917 1664 xii.

428 1627 534 1660 missis
560 1628 752 1660 auctoritate
790 1633 988 1659 memoratae
1021 1627 1167 1670 Congre-

429 1680 570 1723 gationis
596 1680 824 1713 cardinalium.

472 1735 486 1777 ξ
511 1733 540 1767 3.
567 1734 799 1773 Decernentes,
821 1734 950 1767 easdem
976 1738 1191 1777 praesentes¹

427 1788 550 1820 litteras
577 1797 706 1830 semper
733 1786 856 1825 firmas,
883 1787 1006 1820 validas
1044 1793 1076 1820 et
1107 1783 1191 1833 effi-J

427 1850 520 1873 caces
547 1840 688 1873 existere
707 1845 739 1873 et
758 1840 989 1883 sore‚suosque
1000 1840 1166 1883 plenarios
1189 1835 1190 1852 ³

427 1898 458 1926 et
483 1894 627 1935 integros
653 1892 786 1926 ell'ectus
812 1892 920 1925 sortiri
948 1898 980 1925 et
1004 1893 1165 1934 obtinere,

426 1956 462 1978 ac
486 1946 570 1985 illis,
608 1945 645 1977 ad
679 1956 763 1989 quos
789 1951 916 1989 spectat
945 1951 977 1978 et
999 1956 1058 1989 pro
1086 1952 1167 1980 tem-

426 2009 504 2041 pore
524 1999 797 2042 quandocumque
817 1998 993 2041 spectabit,
1012 1999 1043 2031 in
1063 2000 1168 2032 omni-

426 2053 486 2084 bus
511 2058 542 2085 et
567 2062 626 2095 per
650 2051 757 2085 omnia
782 2052 973 2095 plenissime
1000 2052 1166 2095 suffragari

426 2111 457 2137 et
474 2105 513 2137 ab
532 2106 577 2138 eis
596 2105 772 2148 respective
798 2105 1029 2138 inviolabiliter
1054 2106 1167 2139 obser·
1187 2095 1189 2115 '¹

425 2157 508 2197 vari,
527 2158 638 2200 sicque
654 2158 685 2190 in
710 2158 902 2200 praemissis
921 2169 980 2200 per
998 2168 1168 2201 quoscum·
1187 2164 1189 2200 ξ

426 2220 488 2252 que
524 2209 647 2243 iudices
686 2210 870 2243 ordinarios
908 2216 939 2243 et
976 2211 1165 2253 delegatos,
1187 2233 1188 2237 =

426 2262 523 2294 etiam
548 2273 718 2295 causarum
742 2264 853 2306 palatii
879 2264 1052 2307 apostolici
1078 2265 1188 2304 audi-3

427 2321 524 2354 iores,
555 2315 690 2348 iudicari
718 2322 747 2349 et
783 2317 911 2349 definiri
945 2318 1088 2358 debere,
1131 2329 1166 2352 ac

426 2368 555 2400 irritum
581 2374 612 2400 et
637 2368 733 2401 inane
760 2369 786 2401 si
809 2380 904 2402 secus
932 2381 1031 2413 super
1063 2371 1114 2403 his
1149 2382 1165 2404 a

427 2431 601 2464 quoquam,
632 2421 742 2464 quavis
782 2422 983 2461 auctoritate,
1024 2423 1167 2457 scienter

425 2474 473 2506 rel
506 2473 716 2516 ignoranter,
747 2474 924 2516 contigerit
949 2475 1113 2508 attentari.

470 2526 484 2569 ξ
509 2527 539 2558 4.
568 2525 638 2558 Non
675 2525 879 2559 obstantibus
906 2527 1102 2569 praemissis,
1130 2538 1165 2560 ac

426 2578 712 2612 constitutionibus
746 2584 777 2613 et
801 2571 1062 2613 ordinationibus
1089 2591 1166 2624 apo-

1021 199 1197 223 Et'tmtitt‘n
1224 198 1376 223 ROMANL'M

1221 247 1368 288 stolicis,
1401 258 1461 281 nec
1493 258 1571 289 non,
1606 253 1766 292 quatenus
1797 259 1878 292 opus
1903 248 1953 290 sit,

1218 301 1455 345 provinciarum
1493 306 1524 334 et
1560 300 1689 334 OrdInis
1723 302 1954 345 praefatorum,

1218 354 1315 387 etiam
1340 355 1533 394 iuramento,
1555 353 1801 388 confirmatione
1826 359 1958 398 aposto-

1217 408 1290 448 lica,
1317 408 1365 441 vel
1391 407 1502 451 qiuivis
1529 406 1679 440 firmitate
1706 408 1768 441 alia
1784 408 1956 449 roboratis,

1217 460 1346 494 statutis
1375 466 1406 494 et
1435 460 1742 501 consuctudinibus,
1776 460 1956 503 privilegiis

1217 524 1357 557 quoque,
1396 514 1530 547 indultis
1564 520 1596 547 et
1624 514 1742 547 litteris
1769 514 1957 557 apostolicis

1216 567 1248 599 in
1275 567 1479 600 contrarium
1504 567 1758 611 praemissorum
1779 568 1958 611 quomodo-

1216 620 1297 653 libet
1337 621 1523 660 concessis,
1556 620 1756 654 confirmatis
1796 626 1827 654 et
1865 620 1957 654 inno-

1217 673 1313 713 vatis,
1341 673 1458 717 quibus
1484 673 1636 706 omnibus
1664 678 1695 706 et
1717 672 1867 716 singulis,
1883 673 1957 706 illo-

1218 737 1286 759 rum
1309 732 1437 760 tenores
1459 727 1687 771 praesentibus
1712 737 1773 769 pro
1803 727 1901 769 plene
1926 731 1958 759 et

1217 779 1418 813 sufficienter
1443 781 1607 823 expressis
1636 791 1672 813 ac
1705 780 1744 813 de
1780 779 1880 813 verbo
1916 780 1956 812 ad

1216 832 1349 866 verbum
1375 833 1505 866 insertis
1530 833 1712 873 habentes,
1732 833 1800 866 illis
1819 832 1899 866 alias
1923 833 1956 865 in

1216 895 1272 918 suo
1292 887 1412 919 robore
1436 886 1674 929 permansuris,
1699 887 1738 919 ad
1762 886 1956 930 praemisso-

1217 949 1288 970 rum
1308 938 1467 979 effectum,
1501 940 1562 972 hac
1591 939 1662 972 vice
1691 939 1869 979 dumtaxat,
1888 949 1957 982 spe·

1216 991 1344 1025 cialiter
1367 997 1399 1024 et
1417 1002 1571 1035 expresse
1593 992 1811 1035 derogamus,
1827 991 1957 1026 ceteris-

1216 1055 1279 1087 que
1300 1045 1474 1078 contrariis
1493 1045 1765 1088 quibuscumque.

1259 1099 1274 1142 ἓ
1299 1097 1330 1131 5.
1364 1098 1516 1132 Volumus
1540 1103 1649 1132 autem
1674 1103 1707 1131 ut
1731 1098 1955 1142 praesentium
2006 1108 2068 1129 mes
2092 1110 2150 1128 iran-

1966 1138 2057 1162 sumptui
2064 1141 2106 1155 um.

1215 1151 1400 1185 litterarum
1435 1151 1659 1196 transumptis,
1685 1162 1744 1185 seu
1774 1151 1954 1195 exemplis,

1214 1204 1311 1237 etiam
1338 1205 1523 1248 impressis,
1550 1216 1649 1238 manu
1675 1205 1813 1238 alicuius
1834 1204 1955 1238 notarii

1214 1258 1338 1301 publici
1366 1258 1570 1302 subscriptis,
1602 1264 1634 1291 et
1658 1258 1767 1301 sigillo
1797 1268 1956 1301 personae

1214 1310 1246 1342 in
1269 1310 1488 1344 ecclesiastica
1504 1311 1662 1353 dignitate
1681 1311 1875 1344 constitutae
1892 1321 1956 1343 mu-

1213 1363 1306 1403 nitis,
1334 1363 1446 1396 eadem
1472 1373 1605 1406 prorsus
1636 1364 1716 1397 tides
1742 1363 1952 1404 adhibeatur,

1214 1427 1297 1460 quae
1323 1416 1538 1449 adhiberetur
1563 1416 1640 1460 ipsis
1667 1416 1894 1460 praesentibus
1928 1417 1954 1450 si

1213 1470 1322 1502 forent
1347 1469 1512 1502 exhibitae
1540 1471 1587 1503 vel
1610 1475 1772 1503 ostensae.

1258 1522 1371 1555 Datum
1398 1523 1529 1562 Romae,
1550 1523 1635 1566 apud
1657 1523 1687 1556 S.
1708 1522 1841 1556 Mariam
1858 1522 1955 1556 Maio-

1213 1587 1292 1615 rem,
1309 1576 1368 1609 sub
1386 1577 1508 1609 annulo
1538 1576 1723 1616 piscatoris,
1754 1576 1806 1610 die
1836 1587 1858 1610 ιι
1883 1576 1953 1610 iulii

1248 1691 1307 1718 Dat.
1326 1691 1370 1718 die
1386 1692 1403 1718 2
1418 1691 1475 1718 iulii
1497 1692 1574 1723 1712,
1596 1691 1698 1726 pontif.
1721 1699 1795 1718 anuo
1815 1699 1864 1718 xxi.

1504 1859 1658 1892 CLXXIII.

1211 1946 1431 1981 Declarccntztr
1455 1947 1551 1980 nulla
1576 1947 1737 1980 decretum
1758 1957 1775 1981 a
1795 1951 1954 1991 potestate

1254 2001 1426 2033 comitatus
1451 2000 1613 2033 Niciensz's
1638 2000 1760 2034 editum
1781 2005 1809 2034 et
1828 2011 1952 2034 concor-

1254 2055 1310 2086 dia
1336 2055 1375 2087 ab
1399 2054 1621 2087 ecclesiasticis
1638 2065 1709 2086 cum
1727 2054 1874 2098 syndicis
1892 2058 1953 2087 ter-

1256 2118 1309 2140 rae
1339 2107 1475 2140 Vinaria·
1500 2108 1583 2140 inita
1608 2118 1705 2150 super
1729 2107 1889 2140 solutione
1921 2117 1951 2139 o-

1254 2171 1365 2193 nerum
1392 2159 1576 2200 laicalium,
1605 2171 1677 2193 cum
1693 2161 1802 2204 poenis
1827 2161 1859 2193 in
1883 2170 1953 2193 con-

1255 2214 1467 2247 travem'entes
1478 2213 1498 2246 ⁴.

1250 2330 1257 2353 1
1284 2327 1375 2354 Const.
1398 2328 1440 2354 ed,
1464 2334 1571 2362 nnccxi,
1595 2327 1637 2354 die
1657 2326 1690 2353 28
1711 2326 1776 2359 iulii,
1798 2327 1892 2362 pontif.
1913 2335 1950 2363 xi,

1209 2371 1281 2397 nulla
1315 2371 1453 2398 declarata
1482 2371 1558 2397 suere
1589 2371 1698 2397 decreta
1729 2370 1817 2406 magni
1844 2371 1951 2398 consilii

1209 2414 1350 2442 Varsaviae
1370 2423 1451 2450 super
1471 2415 1565 2441 eadem
1586 2415 1738 2447 solutione3
1761 2420 1787 2442 et
1802 2419 1886 2443 const.
1904 2415 1947 2443 ed.

1208 2464 1348 2490 iinccxvm,
1370 2459 1412 2485 die
1434 2459 1466 2485 10
1485 2458 1647 2491 decembris,
1670 2459 1763 2493 pontif.
1786 2466 1836 2493 xix,
1859 2459 1949 2486 decla-

1208 2506 1282 2528 ratur
1303 2503 1390 2529 nullus
1412 2507 1538 2530 tractatus
1560 2504 1753 2538 pacificationis
1775 2504 1844 2531 iuter
1863 2504 1949 2531 abba-

1209 2550 1259 2573 tem
1281 2546 1306 2573 S.
1329 2547 1395 2574 Galli
1417 2551 1442 2574 et
1463 2548 1648 2582 magistratum
1671 2547 1834 2576 tiernensem
1855 2551 1880 2575 et
1901 2548 1947 2575 Ti-

1206 2598 1341 2626 gustuum.

1964 201 2012 228 An.
2029 202 2058 228 C.
2081 202 2148 229 1712

2262 2058 2269 2206 .>„--,-,—⁴=.

2258 2282 2267 2405 -N-...-..„
2266 2265 2267 2269 „

2256 2558 2268 2654 uua-
2257 2478 2269 2537 μς.
