2269 3203
235 205 288 234 An.
305 204 334 232 C.
358 202 425 232 1705
469 193 534 229 238

427 257 459 286 et
482 251 794 291 consuetudinibus,
818 250 998 295 privilegiis
1025 260 1165 293 quoque,

426 306 561 338 indultis
586 311 617 339 et
643 305 758 338 litteris
784 304 970 348 apostolicis
993 304 1024 335 in
1044 308 1169 335 contra-

428 358 510 390 rium
537 358 789 401 praemissorum
816 356 1063 400 quomodolibet
1095 365 1169 387 con-

428 411 540 450 cessis,
567 410 763 443 confirmatis
793 416 822 443 et
847 408 1025 448 innovatis,
1053 407 1168 450 quibus

428 464 578 497 omnibus
611 469 643 496 et
676 463 836 505 singulis,
870 462 1002 495 illorum
1040 466 1168 492 tenores

428 517 654 560 praesentibus
687 527 746 559 pro
780 517 876 559 plene
907 522 938 547 et
971 513 1169 546 sufficienter

429 570 588 613 expressis
613 575 643 602 et
667 570 706 602 de
731 569 829 601 verbo
855 568 893 600 ad
914 567 1047 599 verbum
1067 565 1169 597 inser-

428 623 469 655 tis
495 622 673 662 habentes,
700 622 763 655 illis
790 622 868 654 alias
904 620 936 652 in
966 630 1023 652 suo
1049 619 1167 651 robore

428 676 659 719 permansuris,
678 676 715 708 ad
734 675 988 718 praemissorum
1010 672 1166 710 effectum,

429 729 490 762 hac
505 729 574 762 vice
599 729 774 766 dumtaxat,
795 727 979 772 specialiter
994 731 1026 758 et
1041 735 1169 768 expres-

429 792 463 815 se
483 783 695 825 derogamus3
715 782 896 824 ceterisque
915 778 1086 814 contrariis
1100 777 1168 821 qui-

428 836 644 879 huscumque.

473 889 586 922 Datum
620 889 749 929 Romae,
782 888 869 931 apud
894 887 926 920 S.
953 886 1083 919 Mariam
1108 884 1169 917 Ma-

429 942 542 983 iorem,
561 942 621 975 sub
647 943 769 975 annulo
794 940 980 980 PiscatorIsy
999 939 1050 971 die
1068 949 1104 971 xv
1125 948 1170 970 se-

430 995 589 1039 ptembris
614 1004 731 1035 Mnccv,
753 993 961 1038 pontificatus
985 991 1087 1025 nostri
1114 1001 1169 1023 an-

430 1050 473 1072 no
497 1050 526 1072 v.

465 1102 527 1129 Dat.
546 1101 590 1129 die
608 1102 639 1128 15
655 1101 821 1137 septembris
839 1100 918 1134 1705,
943 1099 1039 1135 pontif.
1057 1106 1127 1125 anno
1142 1105 1168 1125 v.

718 1244 875 1276 LXXVIII.

432 1324 624 1360 Conceditur
647 1325 788 1367 facultas
811 1324 966 1357 mittendi
996 1323 1171 1356 discretum

475 1383 504 1412 et
521 1379 659 1422 juvenes
682 1379 870 1421 provinciae
891 1378 1095 1421 Aquitaniae
1115 1388 1172 1410 an-

477 1432 641 1475 tiquioris,
660 1431 794 1465 Ordinis
811 1431 844 1464 S.
863 1432 1035 1465 Franrz'sci
1058 1430 1096 1463 de
1114 1430 1172 1464 Ob-

476 1485 653 1525 servantia,
674 1484 716 1517 ad
736 1484 921 1517 coenobium
945 1484 1132 1518 parisiense
1149 1484 1169 1517 ¹.

648 1565 784 1592 Clemens
811 1565 893 1598 Papa
913 1566 958 1596 XI,

577 1610 613 1637 ad
633 1611 767 1637 futuram
786 1610 831 1637 rei
849 1610 1032 1637 memoriam.

268 1698 426 1730 aeternamm
482 1682 496 1725 ἓ
513 1682 544 1714 1.
565 1681 688 1725 Exponi
705 1682 800 1715 nobis
818 1693 921 1725 nuper
939 1681 1014 1715 fecit
1034 1681 1173 1714 dilectus

242 1730 328 1748 'enum'
344 1728 383 1746 sun
400 1732 426 1772 ἓξ
437 1734 522 1768 fitius
540 1735 711 1778 Philippus
734 1736 846 1776 Faure,
864 1735 1058 1768 exdefinitor
1076 1746 1175 1777 gene—

242 1754 346 1779 praedicti

242 1780 368 1800 coenobium
389 1781 426 1799 Pa—

242 1807 328 1836 ‚1510050
338 1806 426 1831 ammius
437 1789 514 1822 ralis
539 1793 571 1822 et
594 1790 743 1822 minister
766 1789 974 1832 provincialis
992 1788 1175 1832 provinciae

241 1835 382 1855 ¹⁰¹²²⁰“⁰¹¹¹‘'
437 1842 628 1885 Aquitaniae
654 1843 860 1886 antiquioris,
887 1842 1014 1876 Ordinis
1039 1842 1173 1875 fratrum

436 1897 594 1930 Minorum
604 1897 635 1931 S.
647 1897 810 1930 Francisci
825 1898 863 1930 de
873 1897 1085 1930 Observantia
1098 1907 1175 1929 nun-

437 1955 640 1994 cupatorum,
666 1951 753 1993 quod
778 1961 795 1983 a
815 1950 981 1983 nonnullis
1007 1950 1100 1982 annis
1117 1960 1176 1992 per

439 2004 594 2047 quasdam
630 2004 734 2037 felicis
762 2003 999 2037 recordationis
1027 2003 1176 2036 Clemen-

440 2057 479 2090 tis
497 2057 556 2090 Pr.
575 2057 601 2089 X
618 2057 884 2100 praedecessoris
911 2057 1014 2090 nostri
1033 2057 1177 2100 desuper

439 2109 473 2142 in
494 2110 590 2143 simili
608 2111 709 2143 forma
727 2110 836 2144 Brevis
855 2110 1022 2153 expeditas
1040 2110 1175 2151 litteras,

440 2163 479 2196 ad
511 2163 699 2196 instantiam
732 2169 807 2197 tunc
839 2164 1006 2196 existentis
1035 2163 1176 2196 ministri

439 2216 650 2259 provincialis
686 2217 788 2250 dictae
825 2217 1019 2260 provinciae,
1045 2217 1175 2249 nomine

440 2269 569 2302 Ioannis
604 2270 762 2303 Jourdain
801 2270 1003 2313 prohibitum
1042 2270 1101 2302 fuit
1136 2280 1177 2302 ne

441 2323 599 2357 discretus
623 2328 655 2356 et
678 2323 844 2356 studentes
871 2323 1017 2356 eiusdem
1046 2323 1178 2367 provin-

478 2422 488 2447 1
513 2420 564 2447 Pro
583 2420 754 2447 restitutione
774 2419 854 2447 huius
873 2419 1008 2447 facultatis
1028 2428 1043 2446 a
1057 2420 1180 2446 Clemen-

442 2465 499 2494 teX
516 2466 589 2493 edita
603 2466 655 2492 iam
671 2465 760 2492 fuerat
773 2468 858 2492 const.
875 2465 918 2491 ed.
935 2471 1074 2497 unchxu,
1089 2465 1132 2492 die
1150 2465 1181 2492 18

442 2511 574 2539 octobris:
591 2511 618 2537 in
637 2510 717 2538 huius
733 2509 870 2537 Pontifieis
890 2512 976 2536 const.
994 2508 1038 2536 ed.
1052 2515 1180 2541 mecerin,

443 2557 486 2584 die
507 2556 540 2584 18
559 2555 731 2591 decembris,
752 2554 848 2590 pontif.
873 2560 914 2587 ix,
934 2553 1099 2589 praecipitur
1118 2561 1181 2581 exe-

444 2602 517 2630 cutio
537 2599 739 2629 constitutionis
758 2598 907 2627 Clementis
926 2596 957 2625 X.

1012 199 1193 225 BULLARIUM
1217 198 1374 224 ROMANUM

1961 194 2011 222 An.
2025 193 2056 222 C.
2075 193 2145 222 1705

1211 249 1279 282 ciae
1295 249 1333 281 ad
1352 257 1503 290 magnum
1521 245 1736 279 Parisiensem
1755 247 1949 278 conventum

1212 302 1288 335 dicti
1315 301 1442 333 Ordinis
1480 299 1617 341 amplius
1654 298 1883 337 mitterentur,
1912 308 1950 331 eo

1212 355 1298 397 quod
1325 353 1485 395 regularis
1511 351 1719 384 observantia
1749 351 1781 383 in
1807 351 1863 384 illo
1892 350 1952 383 mi-

1212 407 1297 439 nime
1323 407 1457 448 vigeret,
1483 405 1624 447 indeque
1646 404 1816 437 timeretur
1843 414 1884 436 ne
1911 403 1950 436 ad

1212 459 1410 503 provinciam
1436 457 1635 501 praedictam
1655 456 1823 489 transactis
1837 455 1951 489 studiis

1213 513 1389 545 redeuntes
1414 511 1445 544 in
1471 512 1542 554 ipsa
1567 511 1710 553 regulari
1747 509 1952 544 observantia

1212 566 1319 608 aliquo
1344 565 1442 598 modo
1469 564 1682 597 declinarent.

1256 620 1270 662 ξ
1296 618 1327 651 ⁶2.
1354 618 1431 652 Cum
1466 623 1586 659 autem,
1612 617 1696 650 sieut
1715 617 1829 650 eadem
1854 627 1952 660 expo·
1998 627 2099 649 nationes
2118 630 2148 659 ,οι

1212 673 1287 706 sitio
1314 672 1551 715 subiungebat,
1575 671 1765 704 reformatio
1798 671 1830 703 in
1855 659 2148 714 prae-iiiiiffprss'ifliiil

1213 726 1298 759 dioto
1324 730 1487 759 conventu
1506 724 1681 757 Parisiensi
1700 735 1717 757 a
1738 729 1813 756 tunc
1832 708 2147 766 pariterisssslilssus.d'⁰²³⁰

1214 779 1372 811 existente
1391 778 1539 810 ministro
1558 777 1702 820 generali
1718 776 1846 810 Ordinis
1860 785 1953 819 prae-

1213 832 1288 865 dicti
1315 832 1499 865 introducta
1524 831 1640 871 fuerit,
1667 841 1796 863 necnon
1830 829 1953 862 ibidem

1213 885 1373 928 regularis
1387 884 1594 917 observantia
1611 883 1795 916 huiusmodi
1812 883 1851 915 de
1864 892 1955 926 prae-

1213 939 1297 972 senti
1312 939 1608 981 vigeatcessetque
1623 937 1761 980 proinde
1777 936 1847 969 talis
1862 946 1956 979 prae-

1214 997 1329 1031 textus,
1356 1001 1462 1034 neque
1488 990 1594 1023 simile
1616 989 1796 1033 perieulum
1815 987 1955 1031 amplius

1214 1045 1255 1077 sit
1274 1044 1474 1083 timendum;
1501 1054 1537 1075 ac
1562 1048 1738 1086 propterea
1756 1042 1862 1075 dictus
1881 1041 1956 1073 Phi-

1214 1098 1322 1142 lippus
1348 1097 1543 1131 exdefinitor
1567 1096 1733 1140 generalis
1752 1101 1785 1129 et
1807 1094 1957 1127 minister

1214 1152 1425 1196 provincialis
1458 1151 1659 1194 provinciam
1691 1149 1893 1193 praedictam
1922 1148 1957 1180 in

1215 1216 1308 1238 suum
1333 1205 1407 1245 ius,
1434 1215 1499 1247 quo
1529 1209 1603 1237 ante
1634 1206 1796 1236 emanatas
1827 1201 1954 1234 litteras

1215 1259 1398 1301 praedictas
1424 1257 1559 1300 pacifice
1585 1262 1616 1289 et
1639 1257 1761 1298 absque
1787 1255 1854 1288 ulla
1870 1264 1953 1287 con-

1216 1311 1373 1344 troversia
1397 1310 1583 1349 fruebatur,
1610 1308 1758 1349 restitui,
1785 1308 1879 1350 eique
1911 1307 1956 1340 fa-

1215 1365 1366 1397 cultatem
1379 1362 1530 1395 mittendi
1549 1362 1726 1395 discretum
1741 1366 1773 1393 et
1786 1360 1954 1393 studentes

1215 1428 1305 1450 more
1332 1416 1428 1449 solito
1455 1415 1494 1448 ad
1520 1415 1669 1448 eumdem
1687 1417 1887 1446 conventum
1905 1411 1958 1444 Pa-

1216 1470 1385 1503 risiensem
1410 1467 1546 1501 concedi
1571 1466 1750 1510 plurimum
1781 1465 1956 1505 desideret,

1217 1528 1249 1556 ct
1283 1533 1343 1567 pro
1379 1522 1458 1554 iuris
1496 1519 1681 1553 huiusmodi
1709 1517 1916 1552 restitutione
1941 1527 1959 1550 a

1218 1576 1386 1619 praedicto
1412 1574 1576 1608 Clemente
1602 1573 1856 1617 praedecessore
1873 1571 1958 1604 aliae

1218 1631 1331 1663 itidem
1357 1629 1389 1662 in
1410 1629 1513 1661 forma
1531 1627 1641 1660 Brevis
1661 1626 1789 1660 litterae
1811 1625 1863 1658 die
1880 1634 1958 1658 xvm

1219 1682 1361 1716 octobris
1386 1691 1538 1715 unctxxn
1558 1680 1737 1723 expeditae,
1754 1679 1795 1712 ob
1813 1678 1959 1721 legitima

1220 1742 1327 1769 tamen
1352 1735 1590 1778 impedimenta
1615 1732 1800 1766 executioni
1825 1732 1959 1765 deman-

1219 1790 1311 1822 datae
1336 1787 1470 1820 minime
1496 1787 1636 1819 suerint:
1664 1796 1733 1825 nos,
1760 1785 1860 1828 ipsius
1885 1784 1960 1817 Phi-

1219 1842 1299 1885 lippi
1325 1840 1548 1873 exdesinitoris
1574 1838 1736 1882 generalis
1762 1843 1794 1870 et
1817 1836 1959 1870 ministri

1219 1893 1428 1939 provincialis
1449 1892 1531 1925 votis
1553 1892 1613 1924 liae
1634 1893 1666 1924 in
1685 1902 1719 1924 re
1737 1889 1961 1923 favorabiliter

1219 1958 1364 1981 annuere
1390 1947 1559 1985 volentes,
1585 1954 1726 1987 eumque
1751 1954 1768 1976 a
1793 1943 1960 1987 quibusvis

1220 1998 1583 2038 excommunicationis,
1606 1997 1831 2041 suspensionis
1857 2001 1888 2030 et
1911 1996 1961 2029 in-

1220 2054 1360 2094 terdicti,
1379 2053 1515 2096 aliisque
1531 2050 1759 2085 ecclesiasticis
1778 2050 1958 2090 sententiis,

1220 2107 1364 2141 censuris
1383 2113 1414 2140 et
1432 2106 1558 2150 poenis,
1574 2116 1592 2138 a
1608 2105 1677 2138 iure
1692 2106 1741 2138 vel
1759 2105 1798 2137 ab
1814 2104 1959 2145 homine,

1221 2161 1332 2205 quavis
1357 2159 1530 2193 occasione
1556 2160 1605 2191 vel
1631 2160 1728 2191 causa
1745 2158 1830 2197 latis,
1848 2158 1873 2190 si
1894 2157 1961 2200 qui-

1220 2217 1280 2249 bus
1308 2212 1559 2258 quomodolibet
1583 2212 1760 2244 innodatus
1786 2211 1903 2252 existit,
1920 2211 1959 2244 ad

1221 2268 1371 2302 effectum
1405 2264 1624 2308 praesentium
1656 2263 1822 2295 dumtaxat
1846 2272 1962 2294 conse-

1222 2320 1408 2365 quendum,
1435 2318 1552 2350 harum
1589 2316 1671 2348 serie
1696 2316 1904 2348 absolventes
1930 2320 1963 2348 et

1221 2375 1406 2407 absolutum
1431 2372 1500 2404 fore
1532 2374 1726 2408 censentes,
1752 2369 1963 2412 supplicatio-

1221 2427 1317 2460 nibus
1338 2426 1406 2459 eius
1432 2423 1565 2457 nomine
1583 2422 1676 2455 nobis
1696 2431 1796 2465 super
1817 2422 1881 2454 hoe
1902 2422 1962 2454 hu-

1221 2481 1342 2514 militer
1366 2477 1528 2522 porrectis
1554 2476 1715 2516 inclinati,
1736 2476 1776 2509 de
1791 2475 1962 2509 venerabi-

1222 2536 1303 2569 lium
1328 2534 1462 2565 fratrum
1486 2535 1674 2563 nostrorum
1703 2529 1736 2563 S.
1762 2529 1800 2562 R.
1830 2528 1866 2562 E.
1892 2538 1963 2562 car·
2009 2541 2011 2543 ·

1224 2586 1381 2624 dinatium
1413 2584 1552 2628 negotiis
1593 2588 1625 2617 et
1665 2581 1961 2618 consultationibus

2005 1792 2116 1818 Concedit,
2131 1794 2153 1814 ut

1970 1820 1990 1840 in
2005 1820 2098 1841 rubrica.
