2269 3203
119 195 168 222 An.
184 194 213 222 C.
235 194 301 222 ¹718

312 255 464 290 expressa
487 245 536 279 vel
565 245 705 278 totaliter
730 255 795 279 non
828 244 951 277 inserta
977 245 1053 278 ess'e-

311 304 382 332 ctus
408 299 596 331 huiusmodi
623 299 745 341 gratiae
771 298 922 341 impediri
949 299 1053 331 valcat

311 352 558 396 quomodolibet
584 353 634 385 vel
661 351 794 391 dill'erri,
822 357 853 383 et
878 351 916 384 de
934 352 1051 394 quibus

311 416 490 449 eorumque
518 406 594 439 totis
631 405 798 439 tenoribus
824 405 862 437 de
888 405 986 438 verbo
1013 405 1050 437 ad

310 459 444 492 verbnm
471 459 621 492 habenda
646 459 687 491 sit
712 458 742 491 in
776 459 895 492 nostris
933 459 1050 491 litteris

310 513 432 546 mentio
458 513 618 556 specialis.

354 566 368 609 ἓ
394 566 424 599 7.
452 566 535 600 Nulli
557 577 634 609 ergo
660 566 793 599 omnino
819 565 987 599 hominum
1014 565 1050 599 li-

311 624 382 652 ceat
407 619 491 651 lianc
505 619 655 663 paginam
674 624 806 652 nostrae
825 619 1050 659 absolutionis,

310 672 574 716 approbationis,
600 671 870 711 confirmationis,
897 673 1053 705 eonstitu-

311 726 416 765 tionis,
443 725 675 769 deputationis,
703 726 956 769 subrogationis,
982 736 1052 759 ere—

310 779 436 819 ctionis‚
465 779 690 819 institutionis,
716 779 947 819 concessionis,
974 779 1052 812 assi-

307 831 483 874 gnationis,
502 832 723 872 subiectionis,
749 832 978 876 exemptionis,
998 833 1050 865 de-

309 885 510 926 clarationis,
551 885 686 926 indulti,
727 886 861 926 decreti,
897 886 1049 927 mandati,

309 939 533 982 derogationis
571 944 603 972 et
638 940 816 973 voluntatis
853 939 1050 982 infringere,

307 993 356 1025 vel
382 992 410 1026 ei
433 1003 512 1025 ausu
536 993 711 1026 temerario
731 992 914 1033 contraire,
934 993 960 1025 si
979 993 1050 1037 quis

309 1051 417 1078 antem
442 1046 504 1079 hoc
530 1051 693 1079 attentare
712 1046 982 1089 praesumpserit,
1002 1047 1050 1079 iu-

309 1099 532 1142 dignalionem
567 1099 801 1142 omnipotentis
837 1099 892 1132 Dei
920 1105 951 1132 et
975 1099 1050 1132 bea-

311 1159 416 1186 torum
442 1154 526 1186 Petri
553 1159 584 1187 et
608 1153 697 1186 Pauli
724 1153 956 1196 Apostolorum
983 1153 1049 1186 eius

309 1216 342 1239 se
367 1207 495 1239 noverit
519 1207 737 1239 incursurum.

352 1259 465 1292 Datum
491 1259 621 1299 Romae,
654 1259 739 1302 apud
776 1259 807 1292 S.
831 1259 959 1291 Mariam
989 1258 1050 1291 Ma-

307 1312 428 1352 iorem,
466 1323 551 1345 anno
588 1312 827 1345 incarnationis
866 1312 1049 1345 dominicae

307 1375 483 1405 Moccxvur,
502 1376 533 1399 vi
552 1365 707 1398 kalendas
728 1365 818 1406 iunii,
839 1364 1048 1408 pontificatus

307 1418 414 1451 nostri
434 1428 518 1451 anno
539 1429 629 1452 xvni.

346 1480 405 1507 [tat.
423 1481 467 1508 die
483 1481 515 1508 ‘27
535 1480 596 1507 maii
616 1482 692 1515 1718,
716 1482 816 1516 pontis.
836 1489 906 1508 auno
923 1488 996 1508 xvut.

142 574 229 595 &ructio
249 580 300 600 poo-

115 602 177 622 ualis.

607 1606 753 1640 CCLvnl.

309 1676 531 1718 Confirmatio·
575 1677 737 1709 decretum
781 1678 1049 1721 Conpreyaliom's

350 1730 637 1772 indulyentiarum
679 1730 717 1763 de
756 1732 1050 1763 communicatione

351 1783 635 1826 inclulyentiarum
665 1784 931 1827 Conqreqatiom's
956 1784 1049 1816 Laee-

350 1837 500 1868 ranensis
533 1836 786 1879 Conpregyationi
817 1837 1049 1869 canonicorum

357 1888 658 1922 Windesinensium
684 1890 715 1922 in
744 1890 882 1934 ulmique
908 1890 1046 1924 Germa-

350 1942 409 1975 m‘cc
434 1940 455 1975 ¹.

526 2005 662 2033 Clemens
681 2005 761 2038 Papa
780 2005 830 2038 xl,

445 2049 481 2076 ad
500 2049 635 2077 futuram
655 2050 700 2077 rei
720 2050 906 2077 memoriam.

112 2114 296 2166 prozenlll'ssuffissffi
350 2112 367 2154 ξ
385 2111 415 2144 1.
436 2110 558 2155 Nuper,
576 2122 634 2155 pro
652 2118 743 2155 parte
763 2112 872 2145 dilecti
899 2113 957 2145 filit
975 2113 1049 2145 Ber-

113 2167 297 2221 :ffiffifffflffgeigj
306 2165 398 2198 nardi
416 2164 548 2198 Goelten
570 2165 689 2208 prioris
709 2165 896 2199 monasterii
919 2166 1049 2209 Georgi-

112 2221 296 2272 ggfffifffiffij
307 2219 449 2252 montani
474 2219 507 2252 in
528 2219 677 2252 Granhos
694 2220 942 2253 Hildesimensis
960 2219 1048 2253 dioe-

113 2277 191 2296 m‘nsis·
306 2272 388 2305 cesis
403 2277 435 2305 et
447 2273 626 2316 praepositi
638 2273 800 2316 generalis
815 2273 1046 2306 canonicorum

305 2325 504 2367 regularium
529 2325 799 2369 Congregationis
818 2325 1048 2359 Windesinen-

305 2375 348 2408 sis
366 2375 495 2410 Ordinis
513 2378 545 2411 S.
565 2379 739 2421 Augustini
756 2379 789 2411 in
815 2381 952 2423 utraque
971 2378 1048 2412 Ger-

342 2466 352 2491 1
376 2465 527 2492 Innocentii
545 2466 602 2493 Xlll
623 2470 711 2494 const.
740 2467 805 2494 edit.
835 2474 975 2501 moccxxu,
1004 2468 1047 2495 die

306 2509 339 2535 19
358 2509 431 2543 maii,
453 2510 546 2545 pontif.
567 2517 587 2543 1,
608 2511 761 2538 declaratur
780 2512 935 2539 huiusmodi
956 2513 1046 2539 fruitio

304 2553 533 2588 indulgentiarum
563 2564 611 2590 pro
639 2557 776 2585 canonicis
797 2557 946 2593 superioris
975 2558 1044 2585 Ger-

305 2607 420 2628 maniae.

939 196 1080 221 CLEMENS
1106 196 1140 220 XI
1165 197 1213 220 FP.

1735 190 1799 224 805

1096 245 1214 286 mania,
1242 244 1490 288 Congregationi
1516 247 1750 281 venerabilium
1777 248 1834 282 fra<

1097 305 1180 331 trum
1218 304 1404 332 nostrorum
1438 299 1468 331 S.
1493 299 1528 331 P..
1558 300 1590 331 E.
1621 301 1835 333 cardinalium

1097 352 1311 395 indulgentiis
1346 358 1377 385 et
1402 352 1499 385 saeris
1525 353 1672 396 reliqniis
1697 364 1837 396 praepo-

1096 405 1174 437 sitae
1214 405 1375 448 exposito,
1416 405 1501 448 qnod
1540 406 1608 448 ipse
1637 407 1837 448 praedictam

1096 468 1184 490 snam
1200 458 1504 502 Congregationem,
1521 459 1656 502 eiusque
1672 460 1836 499 ccclesias,

1097 517 1158 544 tam
1185 513 1374 545 eorumdem
1408 512 1639 545 canonicorum
1666 523 1761 555 quam
1788 524 1838 545 ca-

1096 565 1324 605 uouissarnm,
1350 566 1493 599 omnium
1532 566 1779 609 privilegiorum
1808 573 1838 599 et

1096 619 1295 659 gratiarum,
1321 619 1439 662 quilius
1465 618 1680 662 Congregatio
1706 619 1838 652 eanoni-

1096 681 1204 703 corum
1241 672 1506 704 Lateranensinm
1542 672 1672 710 fruitur,
1710 682 1836 705 necnon

1096 723 1374 766 indulgentiarum
1393 724 1424 756 in
1450 730 1636 757 sanctorum
1655 725 1836 767 Augustini,

1096 781 1127 809 et
1163 777 1305 810 Mon1cac
1341 777 1427 810 illius
1462 778 1655 820 genitricis,
1688 777 1835 817 Pan-itii,

1096 830 1258 872 Frigdiani
1289 836 1320 864 et
1344 830 1459 864 Ubaldi
1487 831 1713 874 episcoporum
1747 831 1835 864 sestis

1096 882 1235 924 diebus,
1266 888 1298 916 et
1330 883 1382 916 die
1410 893 1429 916 v
1459 883 1580 916 mensis
1612 884 1744 925 martii,
1774 894 1837 927 qna

1094 935 1244 969 Omnium
1285 937 1474 970 Sanctorum
1507 937 1638 970 Ordinis
1676 938 1835 981 praedicti

1094 990 1359 1023 commemoratio
1374 990 1494 1024 ibidem
1510 990 1578 1023 {ieri
1594 992 1687 1032 solet,
1707 1002 1743 1024 ac
1761 991 1836 1024 alia-

1095 1054 1162 1077 rum
1180 1044 1430 1087 Congregationi
1456 1045 1666 1077 Lateranensi
1690 1045 1835 1078 eiusdem

1093 1097 1222 1129 Ordinis
1245 1097 1276 1130 S.
1297 1097 1470 1140 Augustini
1496 1109 1512 1130 a
1537 1098 1620 1130 Sede
1646 1098 1836 1141 Apostoliczi

1093 1161 1338 1191 concessarum,
1359 1151 1551 1194 participem
1577 1162 1634 1194 per
1651 1162 1710 1184 nos
1730 1152 1837 1185 decla-

1095 1204 1156 1236 rari
1175 1205 1353 1247 plurimum
1369 1204 1539 1246 cupiebat,
1557 1205 1834 1247 quemadmodum

1093 1256 1124 1288 in
1151 1257 1342 1299 quibusdam
1381 1256 1482 1289 felicis
1518 1257 1756 1289 recordationis
1779 1256 1837 1289 Ur-

1092 1309 1166 1341 bani
1193 1309 1255 1341 t‘lll
1282 1314 1312 1342 et
1337 1309 1515 1342 innocentii
1535 1310 1587 1342 XII
1613 1310 1835 1343 Romanorum

1093 1362 1285 1396 Pontificum
1324 1364 1611 1406 praedecessorum
1647 1369 1834 1397 nostrorum

1094 1417 1185 1449 annis
1212 1426 1352 1449 nocxxw
1378 1421 1409 1449 et
1433 1426 1553 1450 MDcxci
1578 1417 1758 1460 respective
1783 1428 1836 1450 ex-

1093 1469 1211 1512 peditis
1229 1469 1346 1502 litteris
1366 1476 1516 1503 constare
1535 1470 1725 1503 dicebatur:
1749 1481 1835 1503 ema-

1094 1523 1182 1556 navit
1207 1524 1245 1556 ab
1268 1523 1381 1556 eadem
1400 1523 1662 1567 Congregatiene
1689 1524 1836 1557 cardina-

1092 1577 1171 1610 lium
1208 1577 1373 1610 decretum
1412 1578 1534 1610 tenoris
1569 1578 1622 1621 qui
1660 1578 1832 1622 sequitur,

1093 1631 1266 1664 videlicet:

1132 1684 1219 1715 Sacra
1243 1684 1437 1722 Congregatio
1461 1684 1653 1723 indulgentiis
1685 1685 1833 1725 sacrisque
1919 1698 2029 1719 neemiam

1093 1733 1224 1772 reliquiis
1248 1733 1410 1772 praeposita
1433 1733 1593 1763 declaravit
1622 1734 1763 1763 ecclesias
1787 1724 2021 1776 εει-,ξῖὶῖῗζξξξζᾞῇῗρἶ

1093 1783 1265 1812 nonicorum
1298 1787 1326 1812 et
1350 1783 1570 1812 canonissarum
1593 1783 2029 1830 Coflgl'egatiffllisffi]‘,'„²j}{¹‡,²fff{,¹,⁰,{ss,''

1093 1831 1326 1861 Windesinensis
1348 1831 1456 1870 ubique
1486 1832 1646 1861 existentes
1676 1832 1833 1871 participes
1845 1834 1932 1853 “mlum-

1093 1888 1156 1908 esse
1174 1880 1304 1909 omnium
1326 1879 1574 1917 indulgentiarum
1599 1880 1704 1919 quibus
1727 1880 1834 1918 gaudet

1092 1928 1284 1967 Congregatio
1312 1929 1519 1958 canonicorum
1549 1929 1729 1967 regularium
1752 1930 1835 1960 Late-

1093 1978 1274 2007 ranensium.
1291 1977 1383 2013 Quam
1400 1987 1498 2007 sacrae
1515 1978 1753 2016 Congregationis
1769 1988 1835 2008 sen-

1093 2027 1224 2063 tentiam,
1243 2035 1293 2065 per
1309 2035 1355 2055 me
1373 2026 1565 2056 secretarium
1588 2027 1771 2056 sanctissimo
1784 2028 1834 2057 do-

1093 2075 1171 2104 mino
1187 2079 1287 2104 nostro
1304 2075 1425 2104 relatam
1444 2075 1490 2105 die
1513 2084 1583 2105 xx111
1605 2075 1734 2105 eiusdem
1752 2085 1834 2106 meu-

1091 2124 1141 2162 sis,
1174 2124 1320 2154 Sanctitas
1342 2124 1397 2155 Sua
1431 2124 1556 2162 benigne
1589 2124 1771 2164 approbavit.
1795 2143 1834 2148 —

1091 2171 1120 2201 C.
1146 2171 1184 2200 DF.
1209 2171 1404 2208 llissnoxmffi,
1428 2175 1532 2201 secret.

1135 2221 1149 2264 ἓ
1174 2221 1205 2253 Q.
1234 2221 1310 2254 Cum
1344 2227 1474 2261 antem,
1500 2221 1582 2255 sieut
1619 2223 1723 2256 dictus
1754 2223 1832 2256 Ber-

1091 2274 1211 2306 nardns
1236 2275 1327 2317 prior
1363 2279 1394 2307 et
1429 2275 1637 2318 praepositus
1671 2276 1831 2319 generalis

1091 2327 1186 2360 nobis
1212 2327 1348 2360 subinde
1375 2328 1493 2370 exponi
1517 2328 1602 2368 feeit,
1628 2328 1697 2372 ipse
1724 2330 1833 2362 decre-

1092 2385 1156 2412 tum
1183 2380 1378 2419 huiusmodi,
1408 2391 1472 2423 qno
1507 2381 1630 2414 firmins
1663 2383 1831 2421 subsistat,

1091 2433 1289 2476 apostolicae
1309 2432 1563 2467 confirmationis
1582 2440 1709 2468 nostrae
1727 2440 1833 2478 patro-

1091 2486 1175 2519 cinio
1202 2487 1395 2520 communiri
1422 2497 1630 2530 summopere
1649 2487 1830 2521 desideret:

1090 2549 1159 2580 nos,
1178 2539 1280 2583 ipsius
1307 2540 1462 2573 Bet-nardi
1488 2540 1609 2584 prioris
1635 2546 1666 2574 et
1690 2551 1830 2584 praepo-

1089 2592 1141 2626 siti
1162 2594 1323 2636 generalis
1349 2594 1432 2627 votis
1451 2594 1511 2628 hac
1538 2594 1570 2626 in
1597 2605 1643 2636 re,
1671 2599 1829 2637 qnantum

1846 199 1895 226 An.
1912 199 1940 226 C.
1963 201 2029 228 1718

1892 2229 2029 2250 Confirmatio

1842 2256 1904 2277 relati
1919 2256 2008 2277 decreti.
