2269 3203
273 221 309 246 An
342 220 359 244 Γ,
392 219 452 245 t'ifll

319 267 382 288 Contu
389 271 454 287 rnatao

273 294 333 314 relati
375 295 453 314 ΛΜΗ-Η

273 321 335 346 c-«ngu
342 324 453 345 aganonis,

295 1658 414 1680 Clausulam.

282 2399 393 2425 Deromtio
402 2406 450 2421 con·

269 2428 389 2449 uariorum.

503 210 546 243 44

509 268 540 300 2.
568 268 644 301 Cum
670 274 797 307 autem,
823 268 906 301 sicut
936 269 1033 302 etiam
1066 270 1202 301 dilectus

466 321 549 355 filius
581 322 776 355 Verissimus
807 333 824 355 a
849 322 1080 365 Coneeptione,
1104 322 1203 353 frater

466 386 616 419 expresse
641 377 802 420 professus
828 382 858 409 et
883 380 1073 420 procurator
1099 375 1202 407 dictae

465 430 651 472 provinciae
686 430 919 472 Portugaltiae,
945 428 1039 461 nobis
1065 427 1202 460 subinde

466 482 582 525 exponi
610 483 693 522 fecit,
716 483 784 525 ipse
806 484 972 516 decretum
1000 480 1200 520 huiusmodi,

466 546 530 578 quo
556 535 678 569 firmius
703 536 874 575 subsistat,
901 534 1102 578 apostolicae
1127 544 1203 566 con-

467 589 656 622 firmationis
691 594 819 622 nostrae
852 588 1033 631 patrocinio
1059 597 1203 620 commu-

464 641 526 673 nii-i
552 652 758 684 summopere
785 641 971 674 desideret:
999 651 1066 679 nos,
1094 639 1201 682 ipsum

464 694 670 727 Verissimum
690 694 887 738 specialibus
905 693 1069 726 favoribus
1088 698 1119 725 et
1136 704 1204 736 gra-

466 748 517 780 tiis
541 748 695 791 prosequi
729 748 903 785 volentes,
936 751 968 778 et
993 757 1009 779 a
1034 746 1203 789 quibusvis

465 799 818 839 excommunicationis,
840 799 1068 842 suspensionis
1098 804 1130 831 et
1154 799 1203 832 in-

465 854 592 886 terdicti
610 881 617 893 ,
642 853 778 897 aliisque
810 852 1043 885 ecclesiasticis
1077 858 1205 885 senten-

464 906 531 946 tiis,
565 907 710 939 censuris
733 911 763 938 et
794 905 922 949 poenis,
950 916 967 938 a
993 905 1061 938 iure
1086 907 1135 939 vel
1163 907 1203 939 ab

464 959 607 999 homine,
632 959 742 1002 quavis
766 959 936 992 occasione
962 960 1011 992 vel
1038 961 1134 992 causa
1159 960 1204 992 la-

463 1012 503 1045 tis
519 1039 526 1052 ,
551 1013 576 1044 si
603 1013 720 1055 quibus
745 1012 997 1056 quomodolibet
1026 1012 1202 1045 innodatus

463 1066 580 1106 existit,
599 1067 637 1098 ad
660 1065 807 1098 effectum
832 1065 1053 1108 praesentium
1081 1066 1204 1098 dumta-

462 1125 516 1152 καὶ
539 1120 818 1163 consequendum,
840 1120 956 1152 barum
982 1120 1067 1153 serie
1094 1120 1204 1153 absol-

461 1178 574 1206 ventes
592 1179 624 1206 et
640 1173 825 1206 absolutum
839 1173 905 1206 sore
923 1178 1109 1214 censentes,
1129 1184 1203 1217 sup-

461 1225 693 1267 plicationibus
725 1226 793 1259 eius
824 1226 956 1259 nomine
981 1226 1077 1260 nobis
1103 1237 1202 1270 super

463 1278 524 1311 hoc
544 1278 713 1312 humiliter
730 1279 891 1322 porrectis
917 1279 1074 1320 inclinati,
1093 1279 1201 1313 deere-

461 1336 529 1365 tum
561 1332 814 1376 praeinsertum,
848 1333 1040 1366 auctoritate
1071 1338 1201 1377 aposto-

461 1386 533 1423 lica,
549 1392 660 1419 tenore
678 1387 909 1429 praesentium,
927 1387 1156 1420 confirmamus
1170 1393 1201 1420 et

461 1439 688 1482 approbamus,
710 1439 823 1483 illique
849 1440 1044 1484 apostolieae
1071 1440 1198 1473 firmita-

462 1492 501 1525 tis
525 1492 624 1525 robur
656 1493 847 1533 adiicimus3
874 1494 959 1526 salva
986 1499 1092 1527 tamen
1119 1504 1201 1527 sern-

460 1555 520 1588 per
537 1546 567 1578 in
586 1547 771 1589 praemissis
797 1547 985 1580 auctoritaie
1004 1547 1107 1580 dictae
1125 1546 1200 1580 Con-

461 1599 657 1642 gregationis
683 1600 909 1634 cardinalium.

504 1652 518 1695 ἓ
542 1652 574 1686 3.
600 1652 833 1694 Decernentes‚
855 1655 983 1688 easdem
1011 1660 1199 1698 praesentes

460 1705 584 1739 litteras
609 1717 739 1750 semper
772 1708 880 1741 firmas
905 1714 937 1742 et
962 1708 1108 1741 efficaces
1135 1709 1199 1741 exi-

460 1765 545 1793 stere
571 1766 601 1792 et
627 1761 706 1801 sore,
731 1772 869 1805 suosque
896 1762 1062 1805 plenarios
1089 1767 1120 1795 et
1145 1762 1196 1794 in-

459 1818 569 1853 tegros
587 1813 719 1847 efl‘ectus
745 1815 850 1848 sortiri
873 1821 902 1848 et
924 1815 1084 1854 obtinere,
1104 1826 1139 1849 ac
1159 1816 1199 1848 ab

459 1865 546 1904 illis,
572 1867 609 1899 ad
636 1878 717 1910 quos
755 1873 878 1911 spectat
903 1873 934 1901 et
965 1879 1023 1911 pro
1052 1874 1199 1912 tempore

460 1920 730 1963 ‹piandocumque
752 1922 928 1964 spectabit,
949 1922 979 1954 in
1000 1922 1152 1955 omnibus
1170 1927 1199 1954 et

458 1982 518 2014 per
543 1973 650 2006 omnia
674 1974 908 2008 iuviolabiliter
934 1975 1118 2014 observari⁷
1143 1975 1202 2007 sic—

460 2034 521 2066 que
542 2025 571 2056 in
590 2026 779 2068 praemissis
796 2038 855 2070 per
873 2038 1099 2071 quoscumque
1118 2028 1201 2061 iudi-

460 2086 514 2109 ces
539 2078 719 2111 ordinarios
745 2085 777 2111 ct
802 2080 981 2123 delegatos,
1004 2081 1100 2114 etiam
1128 2092 1200 2113 cau-

459 2139 565 2162 sarum
588 2132 698 2174 palatii
725 2134 898 2175 apostolici
918 2135 1093 2173 auditores,
1115 2135 1199 2167 iudi-

460 2184 526 2216 cari
559 2190 589 2217 et
622 2185 749 2218 definiri
786 2187 930 2227 debere,
956 2198 991 2220 ac
1015 2188 1143 2221 irritum
1170 2193 1201 2221 et

459 2236 556 2270 inane
594 2238 618 2271 si
656 2250 747 2272 secus
773 2251 871 2284 super
893 2242 943 2274 his
968 2253 984 2274 a
1011 2253 1197 2286 quoquam,

461 2291 573 2333 quavis
600 2293 799 2333 auctoritate,
818 2295 961 2327 scienter
978 2296 1029 2328 vel
1047 2296 1200 2338 ignoran-

461 2348 521 2383 ter,
546 2345 719 2387 contigerit
745 2348 911 2381 attentari.

506 2397 520 2440 ἓ
544 2397 575 2430 lt.
599 2398 666 2431 Nou
695 2399 897 2434 obstantibus
929 2402 1116 2445 praemissis
1132 2429 1139 2442 ‚
1164 2413 1200 2435 ac

462 2451 747 2485 constitutionibus
781 2460 812 2486 et
843 2455 1103 2489 ordinationibus
1128 2467 1200 2500 apo-

463 2503 598 2543 stolicis,
616 2515 753 2548 necnon,
772 2515 931 2550 quatenus
949 2520 1030 2552 opus
1055 2511 1104 2549 sit,
1126 2520 1199 2553 pro-

462 2557 639 2590 vinciarum
665 2564 696 2591 et
720 2559 848 2593 Ordinis
875 2562 1079 2604 huiusmodi,
1102 2563 1197 2595 etiam

1046 219 1224 244 BULLARIUM
1249 219 1404 243 ROMANUM

1247 268 1357 310 quavis
1383 266 1532 299 firmitate
1565 267 1627 300 alia
1653 266 1833 308 roboratis,
1859 266 1986 301 statutis

1247 326 1277 353 et
1302 319 1608 360 consuetudinibus,
1635 321 1812 364 privilegiis
1841 331 1984 365 quoque,

1246 373 1380 405 indultis
1408 378 1439 406 et
1462 372 1579 406 litteris
1606 374 1794 418 apostolicis
1812 375 1843 407 in
1863 379 1987 408 eontra-

1247 427 1327 459 rium
1355 426 1607 470 praemissorum
1634 428 1882 471 quomodolibet
1911 438 1988 462 con-

1246 479 1357 519 cessis,
1384 479 1584 513 confirmatis
1609 485 1641 513 et
1661 480 1840 522 innovatis;
1868 481 1987 525 quibus

1247 532 1400 565 omnibus
1439 538 1470 566 ct
1502 533 1649 576 singulis,
1687 533 1818 567 illorum
1855 539 1986 567 tenores

1246 585 1476 627 praesentibus
1501 596 1562 629 pro
1595 587 1692 629 plene
1719 592 1750 620 et
1786 586 1987 620 sufficienter

1247 638 1407 682 expressis
1433 650 1470 671 ac
1490 639 1528 672 ad
1551 640 1685 672 verbum
1712 639 1842 672 insertis
1869 640 1987 673 haben-

1248 698 1305 732 tes,
1324 693 1389 725 illis
1410 693 1487 725 alias
1514 693 1546 725 in
1568 704 1625 726 suo
1651 693 1772 726 robore
1796 703 1988 737 permansu-

1246 745 1300 784 ris,
1319 746 1357 778 ad
1376 746 1629 789 praemissorum
1651 746 1810 787 effectum,
1830 747 1892 779 hac
1918 747 1986 779 viee

1248 799 1422 838 dumtaxat,
1448 800 1634 842 specialiter
1654 806 1686 833 et
1711 811 1862 844 expresse
1893 801 1988 833 ‹lero-

1248 862 1376 894 garnus3
1418 853 1603 896 ceterisque
1637 853 1809 886 contrariis
1847 853 1983 896 quibus-

1247 916 1398 948 cumque.

1291 958 1402 991 Datum
1430 958 1562 999 Romae,
1584 960 1668 1003 apud
1688 960 1720 993 S.
1740 960 1869 992 Mariam
1888 959 1986 992 Maio-

1247 1022 1336 1052 rem,
1374 1013 1433 1045 sub
1470 1013 1589 1045 annulo
1621 1013 1814 1052 piscatoris,
1857 1013 1908 1046 die
1948 1023 1987 1046 xv

1247 1065 1392 1098 octobris
1420 1075 1540 1106 uocet,
1568 1065 1778 1108 pontificatus
1807 1067 1909 1099 nostri
1931 1076 1986 1099 an—

1247 1129 1289 1151 no
1308 1129 1329 1152 1.

1283 1181 1340 1208 llat.
1358 1181 1402 1208 die
1423 1183 1451 1209 15
1467 1182 1584 1209 octobris
1602 1182 1679 1216 1701,
1697 1182 1795 1217 pontif¹
1813 1190 1886 1209 anno
1906 1188 1924 1208 1.

1571 1325 1703 1358 XXVIII.

1247 1405 1465 1449 confirmatur
1485 1405 1646 1438 decretum
1673 1406 1828 1449 mayislri
1850 1416 1987 1450 ponera-

1290 1458 1330 1491 le's
1348 1458 1484 1492 Ordinis
1501 1459 1772 1492 Praedicatorum
1790 1459 1986 1502 confirmans

1288 1511 1527 1545 abdicationem
1550 1512 1713 1555 praelatum
1738 1517 1766 1545 et
1788 1512 1984 1556 privz'leyio-

1255 1570 1259 1574 ”
1288 1576 1360 1598 rum
1385 1565 1610 1609 personalium
1643 1567 1762 1609 factam
1795 1577 1814 1598 a
1841 1565 1983 1609 Conpre-

1287 1619 1419 1662 9atione
1444 1619 1651 1652 observantis
1675 1620 1714 1652 B.
1743 1618 1853 1653 Iacobi
1882 1619 1987 1653 Vene-

1290 1672 1413 1704 tiarum
1431 1671 1451 1704 ¹.

1457 1754 1592 1780 Clemens
1614 1753 1693 1787 Papa
1717 1753 1753 1780 XI
1767 1774 1773 1784 ,

1386 1797 1422 1824 ad
1443 1798 1577 1825 futuram
1596 1798 1641 1825 rei
1662 1798 1842 1825 memoriam.

1288 1869 1302 1911 ξ
1320 1869 1351 1901 1.
1371 1869 1493 1912 Exponi
1509 1869 1602 1902 nobis
1621 1880 1726 1912 nuper
1747 1869 1892 1902 fecerunt
1910 1869 2181 1931 dile-‘efflikpgnffiggi

1244 1923 1284 1954 cti
1306 1923 1359 1955 tilii
1379 1923 1517 1956 vicarius
1542 1923 1702 1965 generalis
1722 1927 1753 1955 et
1772 1922 1885 1955 fratres
1906 1922 2051 1956 Con-cium
2071 1933 2181 1953 remissurn

1229 1976 1443 2018 *greg-ationis
1462 1975 1669 2009 Observautis
1694 1975 1779 2008 beati
1806 1975 1912 2009 Iacobi
1929 1976 1986 2009 Ve-

1244 2030 1406 2062 netiarum
1435 2029 1563 2062 Ordinis
1591 2029 1868 2070 Praedicatorum,
1898 2029 1984 2073 quod

1244 2081 1316 2125 ipsi,
1341 2083 1380 2114 ad
1407 2082 1590 2124 regularem
1613 2081 1817 2124 disciplinam
1843 2082 1875 2114 in
1902 2082 1987 2116 dicta

1244 2145 1356 2168 eorum
1383 2134 1643 2178 Congregatione
1670 2136 1936 2178 promovendam,
1955 2140 1987 2169 et

1244 2189 1380 2222 sublatis
1416 2189 1565 2222 omnibus
1603 2188 1780 2222 obstaculis
1816 2189 1984 2233 perpetuis

1243 2242 1479 2280 stabiliendam,
1495 2242 1646 2275 omnibus
1668 2242 1831 2284 gradibus,
1851 2253 1987 2285 praece-

1244 2295 1361 2329 dentiis
1386 2300 1417 2328 et
1442 2295 1620 2338 privilegiis
1644 2295 1883 2338 personalibus,
1905 2305 1985 2339 quo-

1280 2360 1290 2384 1
1309 2357 1347 2384 Ab
1365 2357 1519 2384 lnnocentio
1535 2356 1568 2383 XI
1584 2360 1672 2384 const.
1686 2358 1903 2391 ed.MDCLxxx111,
1915 2357 1957 2384 die
1968 2357 1985 2384 7

1243 2403 1348 2438 aprilis,
1365 2401 1532 2428 declaratum
1561 2401 1612 2428 suit
1636 2409 1689 2428 non
1716 2409 1775 2428 esse
1791 2401 1984 2429 admittendam

1243 2447 1391 2474 cessionem
1408 2446 1458 2472 loci
1475 2446 1572 2472 factam
1589 2454 1604 2472 a
1619 2445 1751 2472 fratribus
1766 2445 1849 2472 Gallis
1864 2446 1984 2474 strictio-

1243 2492 1279 2518 ris
1293 2491 1500 2518 observantiae:
1518 2490 1586 2517 etin
1611 2490 1690 2516 huius
1715 2490 1851 2516 Pontificis
1874 2491 1982 2518 constit.

1243 2536 1305 2563 edit.
1322 2541 1422 2567 Moceu,
1439 2535 1481 2561 die
1501 2535 1518 2561 8
1538 2534 1868 2570 februarii,·pontificatus
1883 2542 1911 2570 11,
1927 2536 1985 2570 agi·

1243 2584 1286 2607 tur
1301 2579 1333 2606 de
1349 2579 1504 2614 receptione
1523 2579 1713 2615 religiosorum
1735 2580 1768 2606 ad
1791 2580 1983 2616 Congregatio-

462 2610 652 2653 iuramento,
672 2612 915 2648 confirmatione
934 2614 1124 2659 apostolica,
1148 2618 1198 2650 vel
1242 2632 1304 2652 nem
1319 2624 1462 2651 Venetam.

1991 218 2044 245 An.
2064 218 2095 246 C.
2113 220 2178 249 170¹

1996 1958 2036 1979 fuit
2080 1958 2182 1983 gradibus

1996 1985 2092 2006 omuibus
2107 1987 2128 2006 ot
2142 1985 2182 2011 prl-

1996 2012 2079 2038 vit-agiis
2109 2017 2182 2039 perno-

1996 2039 2088 2065 nalibuS.

2267 1912 2269 1936 t

2267 1944 2269 1971 l
