2269 3203
250 237 298 262 An.
316 233 344 260 C.
369 233 431 261 1711

274 1407 395 1429 Exordium.

276 2205 433 2226 Contrariorum

249 2229 367 2257 derogatio.

481 225 546 258 [too

442 282 597 316 Thomam
619 282 761 327 priorem
781 284 965 326 generalem
987 283 1181 327 specialibus

443 336 606 369 favoribus
626 341 658 370 et
675 337 785 380 gratiis
806 336 959 381 prosequi
977 338 1133 376 volentes,
1152 342 1183 369 et

443 401 459 422 a
483 389 648 432 quibusvis
669 390 1020 430 excommunicationis,
1047 400 1182 433 suspen-

442 442 542 475 sionis
573 448 605 475 et
637 442 823 483 interdicti,
861 443 996 486 aliisque
1032 442 1183 475 ecclesia-

443 494 530 527 sticis
563 495 745 534 sententiis,
770 495 914 528 censuris
946 501 976 528 et
1010 495 1140 538 poenis,
1167 506 1183 527 a

443 548 512 580 iure
530 549 577 580 vel
597 549 635 581 ab
654 548 797 589 homine,
818 548 930 591 quavis
947 548 1117 581 occasione
1134 549 1182 581 vel

442 602 537 633 causa
554 601 638 641 latis,
653 601 677 633 si
695 601 812 644 quibus
827 600 1075 644 quomodolibet
1090 601 1183 633 inno-

443 654 535 686 datus
569 653 688 694 existit,
717 654 756 686 ad
790 653 938 686 effectum
963 654 1181 697 praesentium

444 707 609 740 dumtaxat
629 707 897 750 consequendum
918 735 924 746 ‚
950 707 1065 740 barum
1100 707 1181 740 serie

442 759 650 793 absolventes
666 765 697 793 et
710 761 896 793 absolutum
915 760 983 793 sore
999 765 1181 800 censentes,

442 812 626 846 huiusmodi
652 813 946 856 supplicationibus
965 812 1121 853 inclinati,
1143 813 1181 845 de

443 866 678 900 venerabilium
701 866 833 899 fratrum
853 872 1035 900 nostrorum
1054 865 1085 899 S.
1099 866 1180 898 RE.

442 919 652 953 cardinalium
678 919 821 962 negociis
842 924 873 952 et
890 918 1181 952 consultationibus

442 972 670 1016 episcoporum
701 979 727 1005 et
756 973 954 1015 regularium
982 972 1182 1016 praeposito—

444 1035 513 1057 rum
540 1025 686 1064 consilio,
712 1025 815 1058 studia
841 1031 872 1057 et
897 1025 1014 1068 gradus
1039 1024 1113 1057 dicti
1132 1024 1185 1057 Or-

443 1077 527 1110 dinis
565 1078 603 1110 ad
641 1078 772 1110 sormam
811 1077 1016 1110 decretorum
1049 1077 1181 1121 capituli

443 1131 607 1173 generalis
634 1130 777 1163 eiusdem
799 1130 927 1163 Ordinis
953 1141 1038 1163 anno
1065 1140 1183 1164 sinccw

443 1183 610 1223 celebrati,
636 1184 826 1216 auctoritate
856 1184 1043 1226 apostolica,
1072 1189 1182 1216 tenore

443 1236 665 1279 praesentium
683 1264 690 1276 ,
717 1237 927 1277 reducimus,
960 1238 1045 1270 salva
1078 1242 1184 1270 tamen

443 1300 574 1332 semper
607 1290 638 1322 iu
670 1290 854 1333 praemissis
887 1290 1077 1323 auctoritate
1103 1289 1184 1323 Con-

445 1343 642 1386 gregationis
668 1343 858 1376 eorumdem
884 1344 1110 1376 cardinalium.

485 1396 500 1439 g
524 1395 556 1429 3.
583 1396 815 1437 Decernentes,
838 1396 968 1429 easdem
995 1401 1183 1440 praesentes

440 1449 565 1482 litteras
589 1459 721 1492 semper
747 1449 871 1489 sirmaS‚
899 1450 1021 1482 validas
1055 1455 1087 1482 et
1119 1450 1185 1482 effi-

441 1513 533 1535 caces
549 1502 688 1535 existere
710 1509 741 1535 et
763 1503 840 1543 sore,
859 1513 1000 1545 suosque
1018 1503 1186 1546 plenarios

442 1562 474 1590 et
497 1557 642 1600 integros
667 1555 798 1590 effectus
829 1557 939 1590 sortiri
966 1561 997 1589 ct
1023 1556 1184 1598 obtinere,

441 1621 477 1643 ac
498 1609 573 1650 illis,
590 1610 629 1642 ad
656 1620 737 1653 quos
763 1615 890 1653 spectat
908 1616 940 1643 et
957 1621 1016 1653 pro
1039 1615 1186 1654 tempore

442 1664 714 1707 ‹piandocumque
734 1664 909 1706 spectabit,
931 1664 963 1696 in
984 1664 1135 1696 omnibus
1156 1669 1187 1697 et

441 1727 502 1760 per
523 1716 633 1750 omnia
656 1717 847 1760 plenissime
881 1717 1063 1760 suflragari,
1092 1723 1122 1750 ct
1147 1719 1186 1750 ab

442 1770 488 1802 eis
514 1769 694 1813 respective
728 1770 960 1803 iuviolabiliter
998 1771 1183 1811 observari,

441 1823 551 1866 sicque
588 1823 619 1855 in
656 1823 846 1866 praemissis
876 1834 935 1866 per
961 1834 1185 1867 quoscumque

440 1875 565 1909 iudices
596 1876 783 1909 ordinarios
810 1882 842 1909 et
867 1877 1059 1918 delegatos,
1088 1877 1185 1909 etiam

441 1939 612 1961 causarum
637 1930 750 1973 palatii
785 1930 958 1973 apostolici
995 1929 1186 1969 auditores,

441 1983 579 2016 iudicari
605 1989 636 2016 et
660 1984 788 2017 definiri
806 1984 937 2025 debere,
952 1995 988 2017 ac
1011 1984 1139 2016 irritum
1155 1989 1187 2016 et

442 2037 539 2070 inane
565 2038 591 2070 si
621 2048 715 2071 secus
738 2048 838 2081 super
870 2038 922 2071 his
951 2049 968 2071 a
998 2048 1184 2081 quoquam,

442 2090 557 2133 quavis
583 2091 788 2131 auctoritate,
806 2091 948 2124 scienter
968 2092 1018 2124 vel
1037 2091 1187 2133 ignoran-

442 2147 506 2184 ter,
533 2144 709 2187 contigerit
737 2145 904 2177 attentari.

488 2197 503 2240 ἓ
529 2197 558 2229 4.
585 2197 651 2230 Non
678 2197 882 2230 obstantibus
907 2198 1080 2241 praedictis
1096 2198 1188 2230 Inno-

445 2249 540 2283 centii
566 2250 617 2282 XII
643 2251 906 2293 praedecessoris
933 2250 1037 2283 nostri
1058 2251 1185 2291 litteris,

445 2303 581 2346 aliisque
608 2303 803 2346 praemissis,
831 2314 866 2336 ac
898 2304 1185 2336 constitutionibus

446 2363 478 2390 et
503 2357 765 2390 ordinationibus
802 2357 988 2400 apostolicis
1005 2384 1012 2397 ,
1039 2367 1185 2397 necnon,

445 2415 604 2453 quatenus
629 2420 709 2453 opus
730 2411 778 2449 sit,
797 2410 1038 2453 praedictorum
1056 2409 1185 2442 Ordinis

446 2468 478 2495 et
489 2463 738 2506 provinciarum,
751 2462 888 2505 aliisque
901 2462 1077 2505 quibusvis,
1090 2462 1186 2494 etiam

445 2516 635 2555 iuramento,
657 2514 905 2548 confirmatione
930 2514 1118 2558 apostolica,
1137 2514 1186 2546 vel

447 2568 557 2612 quavis
574 2568 722 2601 firmitate
741 2567 801 2601 alia
820 2568 991 2608 roboratis,
1007 2567 1134 2600 statutis
1157 2572 1189 2601 et

1029 233 1209 259 ammantat
1233 233 1388 258 ROMANUM

1977 229 2066 258 An.⁴!.
2091 229 2154 259 1711

1227 283 1324 317 dultis
1341 289 1372 316 et
1386 281 1502 316 litteris
1518 281 1703 325 apostolicis
1717 280 1748 313 in
1766 276 1962 314 contrarium

1226 336 1476 378 praemissorum
1511 333 1758 378 quomodolibet
1791 332 1964 372 concessis,

1227 388 1422 422 confirmatis
1449 394 1480 421 et
1512 386 1691 428 innovatis,
1719 387 1836 430 quibus
1862 385 1966 419 omni-

1226 443 1286 475 bus
1314 448 1344 475 et
1368 442 1518 485 singulis,
1551 441 1681 474 illorum
1713 447 1839 474 tenores
1870 450 1964 483 prae-

1227 495 1375 528 sentibus
1391 505 1450 538 pro
1465 495 1562 538 plene
1579 499 1610 527 et
1627 493 1825 527 sufficienter
1840 503 1966 536 expres-

1228 548 1270 580 sis
1296 559 1331 580 ac
1358 548 1396 581 de
1423 547 1520 580 verbo
1540 547 1578 580 ad
1605 547 1737 580 verbum
1761 546 1891 579 insertis
1910 545 1966 578 ha-

1226 601 1362 641 bentes,
1392 600 1456 634 illis
1489 600 1568 633 alias
1599 599 1630 632 in
1665 610 1723 632 suo
1755 599 1871 632 robore
1896 609 1968 642 per-

1228 653 1389 686 mansuris
1407 681 1414 693 ,
1442 654 1481 686 ad
1512 653 1765 696 praemissorum
1797 652 1964 692 effectum,

1228 706 1288 738 hac
1322 706 1390 738 vice
1425 706 1610 745 dumtaxat,
1636 705 1823 749 specialiter
1851 710 1882 738 et
1913 715 1967 738 ex-

1227 769 1339 801 presse
1358 759 1566 801 derogamus,
1588 758 1771 802 ceterisque
1793 757 1966 791 contrariis

1227 812 1496 855 quibuscumque.

1271 864 1342 908 55.
1376 865 1529 897 Volumus
1566 870 1672 897 autem
1709 870 1743 897 ut.
1778 863 1965 897 earumdem
2013 874 2162 901 Tantummo-

1228 918 1450 961 praesentium
1469 918 1651 950 litterarum
1668 917 1891 961 transumptis,
1908 906 2022 951 seurum
2037 900 2096 922 ⁰⁵⁰*

1228 971 1393 1014 exemplis,
1409 970 1505 1003 etiam
1519 970 1701 1014 impressis,
1719 981 1814 1003 manu
1830 970 1967 1003 alicuius

1228 1024 1344 1057 notarii
1361 1023 1484 1066 publici
1497 1023 1703 1066 subscriptis,
1723 1029 1753 1056 et
1771 1023 1880 1066 sigillo
1893 1034 1968 1067 per-

1229 1087 1327 1110 sonae
1354 1076 1385 1109 in
1413 1076 1635 1110 ecclesiastica
1665 1076 1824 1119 dignitate
1854 1076 1969 1109 consti-

1231 1135 1317 1163 tutae
1336 1129 1478 1169 munitis,
1490 1130 1602 1162 eadem
1621 1139 1755 1172 prorsus
1776 1128 1856 1163 tides
1876 1129 1968 1162 adbi-

1228 1183 1351 1222 beatur,
1378 1193 1460 1225 quae
1484 1182 1697 1215 adliiberetm·
1714 1181 1793 1225 ipsis
1811 1191 1967 1225 praesen-

1231 1235 1315 1268 tibus
1340 1236 1365 1268 si
1394 1236 1500 1268 forent
1525 1235 1691 1268 exhibitae
1719 1236 1768 1268 vel
1798 1239 1968 1270 ostensae.

1272 1289 1386 1322 Datum
1412 1289 1548 1327 Romae,
1576 1288 1662 1332 apud
1688 1288 1720 1321 S.
1747 1287 1878 1321 Mariam
1906 1287 1967 1320 Ma-

1230 1341 1330 1374 iorem
1350 1368 1357 1381 ,
1391 1341 1449 1374 sub
1481 1342 1604 1374 annulo
1638 1339 1810 1373 Piscatoris
1830 1367 1837 1380 ‚
1868 1340 1920 1373 die
1951 1350 1969 1373 x

1229 1395 1416 1428 novembris
1443 1404 1582 1435 uocem,
1620 1393 1828 1437 pontificatus
1863 1393 1969 1426 nostri

1230 1458 1315 1482 anno
1344 1458 1384 1482 xt

1266 1509 1323 1537 Dat.
1341 1510 1384 1537 die
1402 1510 1435 1537 10
1450 1509 1608 1538 novembris
1623 1510 1703 1544 1711,
1720 1509 1814 1545 pontis.
1831 1517 1901 1537 anno
1917 1515 1951 1536 xt.

1546 1653 1646 1687 CLXI.

1230 1734 1449 1774 Declarastcr,
1481 1734 1604 1767 aclibus
1636 1738 1663 1767 et
1696 1733 1922 1776 saecnclionibus
1950 1743 1971 1765 α

1273 1788 1304 1821 S.
1333 1788 1411 1821 Sede
1433 1787 1550 1830 peragi
1573 1787 1679 1820 solitis
1701 1791 1772 1830 post
1786 1787 1971 1820 electionem

1273 1842 1357 1884 reglis
1382 1841 1605 1874 Romanorum
1630 1841 1666 1873 in
1689 1841 1849 1883 saturum*
1872 1840 1972 1884 impe-

1273 1899 1422 1933 ratorem,
1435 1905 1505 1926 eam
1520 1904 1584 1926 uon
1598 1894 1784 1937 approbari,
1795 1897 1971 1936 antequam

1274 1946 1311 1979 ab
1336 1947 1405 1989 ipso
1431 1946 1526 1979 electo
1551 1946 1756 1988 confirmatio
1778 1950 1912 1989 petatur
1942 1949 1971 1978 et

1274 2000 1466 2043 impetretur
1490 1999 1511 2032 ¹.

1427 2080 1564 2107 Clemens
1591 2079 1671 2113 Papa
1690 2079 1739 2112 XI,

1370 2124 1407 2151 ad
1427 2123 1562 2151 futuram
1581 2123 1627 2150 rei
1647 2122 1830 2151 memoriam.

1229 2451 1320 2478 nullae
1340 2451 1491 2477 declaratae
1511 2451 1586 2478 fuere
1608 2459 1701 2484 preces
1721 2450 1866 2485 primariae
1886 2458 1901 2477 a
1931 2451 1970 2476 vi-

1230 2495 1507 2530 cariisimperialibus
1517 2495 1673 2530 expeditae;
1693 2499 1778 2522 const.
1793 2494 1838 2522 ed.
1854 2501 1970 2521 MDccxttt

1231 2539 1322 2574 (1714)
1341 2538 1383 2565 die
1401 2539 1433 2565 10
1447 2540 1485 2573 (et
1500 2538 1569 2573 291²)
1584 2539 1683 2573 martii,
1700 2539 1796 2573 pontis.
1811 2545 1865 2571 xiv,
1880 2542 1972 2566 extant

1230 2592 1324 2619 preces
1344 2584 1489 2618 primariae
1509 2592 1556 2619 pro
1576 2592 1640 2618 rege
1662 2583 1844 2611 Romanorum
1858 2584 1884 2610 in
1900 2583 1971 2610 sutu-

1275 2195 1335 2238 Μ.
1353 2195 1500 2238 Acceptis
1518 2195 1705 2238 nuperrime
1721 2206 1737 2227 a
1751 2193 1919 2226 carissimo
1937 2193 1970 2226 in
2042 2202 2106 2223 Actus
2128 2200 2165 2248 qut

1230 2248 1360 2281 Christo
1386 2248 1452 2280 silio
1479 2253 1592 2280 nostro
1606 2248 1722 2280 Carolo
1741 2232 2149 2290 Hispaniarum⁹s³⁰⁰⁰⁵s⁰¹⁰n'
2251 2258 2268 2295 ..ς

1231 2301 1391 2334 catholico
1410 2311 1535 2333 necnon
1551 2299 1734 2342 ilungariae
1750 2305 1782 2332 et
1795 2299 1970 2332 Bobemiae
2248 2291 2267 2354 {l

2248 2355 2266 2387 t:

1266 2408 1275 2433 1
1300 2406 1390 2433 Const.
1412 2407 1453 2434 ed.
1465 2413 1569 2440 MDCCM,
1586 2406 1629 2433 die
1645 2406 1660 2432 3
1676 2406 1804 2439 octobris,
1821 2395 1916 2441 pontis.
1934 2412 1970 2440 111,
2246 2390 2257 2468 ᾗ

447 2622 749 2658 consuetudinibus,
776 2620 953 2665 privilegiis
975 2631 1120 2664 quoque,
1142 2621 1187 2654 in-
1231 2638 1290 2655 rum
1312 2630 1512 2664 imperatorem.
