2269 3203
274 224 324 252 An.
345 223 372 250 c,
398 223 463 250 1720
509 214 572 247 8:34

466 278 597 312 rentur3
636 282 671 304 ac
706 271 845 315 proinde
880 269 954 303 dicti
982 273 1205 312 exponentes,

467 330 592 358 attento
619 329 831 368 praenarrato
857 328 1075 357 conventuum
1102 327 1133 354 et
1158 331 1209 354 re·
1230 339 1232 365 ς

467 380 661 422 ligiosoi·u1n
690 371 836 418 numero,
864 388 922 420 pro
949 375 1077 409 meliori
1105 380 1136 408 et
1160 370 1232 407 sat-l

467 433 602 466 lubriori
629 432 786 475 regimine
812 436 843 464 et
868 430 1012 473 regulari
1037 429 1210 462 observan-

467 487 510 519 tia
537 492 567 520 et
595 486 767 529 disciplina
792 484 962 527 augenda,
990 483 1092 515 dietas
1117 481 1210 514 binas
1231 512 1233 533 ἶ

469 539 604 572 vicarias
631 539 660 571 in
689 539 767 571 duas
785 536 969 581 provincias
988 536 1140 568 formales
1161 545 1211 568 se-

468 598 596 636 paratas
622 597 655 624 et
680 592 719 624 de
742 602 800 634 per
825 601 857 623 se
883 594 1006 622 stantes
1033 589 1070 621 ad
1109 588 1212 620 instar

469 646 604 679 aliarum
631 644 874 687 provinciarum
899 642 1046 676 eiusdem
1083 641 1211 674 Ordinis

471 699 551 741 erigi
579 707 694 741 posse,
720 697 851 740 illisque
878 696 924 729 sie
951 695 1066 729 erectis
1103 694 1212 727 omnia

471 758 503 785 et
527 752 655 794 singula
682 750 853 794 privilegia
871 777 878 789 ,
903 749 1020 792 gratias
1053 755 1084 781 et
1120 758 1212 792 prae-

473 804 666 838 eminentias
693 814 728 836 ac
745 803 879 843 indulta,
895 802 1014 846 quibus
1030 802 1111 834 aliae
1129 801 1212 834 eius-

473 859 546 892 dem
572 857 700 891 Ordinis
726 857 916 900 provinciae
943 856 981 889 de
1006 856 1087 895 iure,
1105 865 1166 887 usu
1182 860 1214 887 et

472 911 721 950 consuetudine,
741 910 826 943 iuxta
848 910 924 943 dieti
950 909 1077 943 Ordinis
1096 909 1214 942 consti-

474 965 615 998 tutiones
641 970 671 997 et
696 969 814 997 statuta
829 964 912 997 dicta
928 963 1121 996 auctoritate
1139 973 1214 996 con-

473 1019 623 1058 firmata,
652 1019 802 1050 sruiuitur
827 1023 859 1050 et
883 1017 1045 1059 gaudent,
1072 1026 1131 1059 per
1155 1026 1213 1049 nos

474 1073 609 1105 concedi
630 1071 806 1115 plurimum
819 1070 1018 1103 desiderent:
1038 1069 1131 1102 nobis
1146 1080 1216 1112 pro·
1236 1096 1238 1106 i

475 1130 588 1167 pterea
615 1124 782 1156 humiliter
807 1122 983 1166 supplicari
1014 1122 1164 1155 fecerunt
1181 1128 1216 1154 ut

474 1178 506 1210 in
533 1177 718 1220 praemissis
738 1182 922 1220 opportune
940 1176 1113 1219 providere
1133 1181 1164 1208 et
1181 1181 1217 1208 ut

476 1232 560 1264 infra
586 1231 759 1273 indulgere
786 1230 825 1263 de
855 1230 1058 1272 benignitate
1088 1235 1216 1273 aposto-

1057 221 1189 245 BULLARI
1196 220 1236 243 CM
1262 219 1417 243 noitANtJM

1999 216 2048 243 An.
2064 216 2095 243 C.
2116 214 2185 244 1720

1251 267 1444 300 auctoritate
1489 266 1759 309 Congregationis
1802 265 1991 299 eorumdem

1252 320 1480 353 cardinalium.

1296 374 1310 417 ᾗ
1335 373 1366 406 3.
1394 373 1613 406 Dccernentes
1639 373 1767 405 easdem
1800 376 1992 415 praesentes
2028 382 2151 404 ciauzuiae.

1252 426 1395 466 litteras,
1421 426 1555 465 firmas,
1583 425 1704 458 validas
1730 430 1761 458 et
1786 424 1934 457 efficaces
1960 435 1992 456 e-

1251 479 1371 512 xistere
1397 484 1429 511 et
1454 479 1532 518 sore,
1558 488 1699 521 suosque
1717 477 1881 521 plenarios
1899 481 1931 509 et
1949 477 1994 509 in-

1255 538 1363 574 tegi-os
1389 532 1522 564 ell'esstus
1549 531 1658 564 sortiri
1685 536 1715 563 et
1745 530 1922 569 obtinere,
1959 539 1995 561 ac

1254 585 1339 625 illis,
1367 586 1405 618 ad
1431 596 1513 628 quos
1539 590 1667 628 spectat
1692 589 1722 617 et
1747 594 1806 627 pro
1845 589 1994 627 tempore

1254 638 1424 681 spectabit,
1441 638 1472 670 in
1499 638 1648 671 omnibus
1673 643 1704 670 et
1724 647 1784 680 per
1805 636 1915 670 omnia
1932 637 1995 679 ple-

1255 691 1389 725 nissime
1415 691 1595 734 suffragari,
1623 691 1746 735 sicque,
1775 690 1874 723 etc.¹.

1299 745 1314 787 g
1338 744 1370 777 4.
1398 744 1467 777 Non
1496 744 1700 777 obstantibus
1732 742 1932 787 praemissis,
1958 753 1995 775 ac
2032 753 2189 784 muniminum

1256 797 1547 831 constitutionibus
1573 802 1605 830 et
1627 796 1887 830 ordinationibus
1920 781 2128 840 apo-‘¹⁸r''²''⁹¹⁰'

1256 851 1389 891 stolicis
1409 862 1456 892 ae,
1485 855 1644 894 quatenus
1670 861 1751 894 opus
1777 850 1830 891 sit,
1856 860 1997 883 conven-

1256 911 1435 943 ventuum,
1461 904 1653 937 vicariarum
1680 909 1711 936 et
1733 903 1862 936 Ordinis
1888 903 1999 936 huius-

1257 959 1369 998 modi,
1396 958 1492 991 etiam
1520 958 1724 997 iuramento,
1751 955 1850 989 etc.³.

1300 1012 1315 1055 ξ
1341 1011 1371 1044 5.
1399 1011 1554 1044 Volumus
1580 1016 1686 1043 autem
1705 1037 1712 1050 ,
1738 1015 1772 1041 ut
1805 1010 1997 1043 earumdem

1258 1065 1481 1109 praesentium
1497 1064 1681 1097 litterarum
1694 1063 1914 1106 transumptis,
1926 1063 2001 1096 ete-:⁸

1301 1119 1417 1152 Datum
1443 1117 1578 1158 Romae,
1597 1117 1685 1160 apud
1703 1116 1735 1150 S.
1755 1116 1885 1149 Mariam
1904 1116 2002 1148 Maio-

1259 1183 1336 1212 rem,
1350 1172 1409 1205 sub
1424 1172 1548 1204 annulo
1564 1170 1752 1210 Piscatoris‚
1768 1169 1822 1203 die
1836 1179 1875 1203 xx
1889 1169 2001 1213 aprilis

1259 1235 1404 1265 mccxx,
1427 1223 1642 1268 pontificatus
1670 1223 1777 1256 nostri
1801 1233 1887 1256 anno
1912 1234 1963 1257 xx.

2045 1018 2083 1038 Tm
2089 1020 2193 1044 asumpto-

2011 1051 2054 1065 ium
2071 1045 2131 1066 ihtes.

1297 1287 1353 1313 Dat*
1375 1286 1418 1313 die
1438 1286 1473 1313 20
1493 1284 1588 1320 aprilis
1609 1284 1690 1319 1720,
1712 1284 1810 1319 pontif.
1832 1292 1903 1311 anno
1925 1291 1970 1312 xx.

476 1286 537 1318 lica
563 1285 784 1328 dignaremur.

521 1339 535 1382 g
560 1338 591 1372 3.
619 1338 681 1372 Nos
707 1338 815 1380 igitur,
836 1337 1027 1371 eorumdem
1053 1347 1218 1380 exponen-

280 1407 303 1420 ι»)
320 1407 348 1419 ι·-
367 1392 556 1443 ‘ulfy-vuum
582 1391 662 1424 votis
688 1392 748 1424 liae
774 1392 805 1424 in
833 1402 867 1424 re
893 1391 1036 1433 benigne
1073 1400 1217 1423 annuere

301 1434 305 1446 ¹
361 1433 466 1477 nocivi-il
477 1446 631 1484 volentes,
655 1450 685 1477 et
711 1454 821 1477 eorum
847 1444 1028 1486 singulares
1060 1453 1217 1486 personas

1550 1427 1718 1461 CCLXXII.

281 1479 494 1531 iiiiiiiinJ-reswa
512 1498 677 1541 quibusvis
702 1495 1055 1534 excomnnmicationis,
1082 1505 1219 1538 suspen-

477 1550 577 1584 sionis
593 1556 621 1584 et
642 1550 819 1589 interdicti,
837 1549 972 1592 aliisque
992 1547 1219 1581 ecclesiasticis

477 1604 659 1643 sententiis,
682 1603 826 1636 censuris
845 1608 874 1636 et
892 1602 1023 1646 poenis,
1043 1612 1059 1634 a
1081 1602 1149 1634 iure
1170 1602 1218 1634 vel

478 1659 517 1691 ab
544 1657 697 1697 homine,
720 1657 832 1700 quavis
853 1656 1024 1690 occasione
1050 1657 1099 1688 vel
1125 1657 1221 1688 causa

477 1712 561 1753 latis,
582 1712 607 1744 si
634 1711 750 1754 quibus
776 1709 1023 1753 quomodolibet
1045 1709 1219 1741 innodatae

478 1766 630 1805 existunt,
651 1765 690 1798 ad
706 1764 852 1797 effectum
867 1763 1085 1806 praesentium
1097 1763 1221 1795 dumta-

479 1825 531 1852 xat
555 1818 832 1861 consequendum,
861 1816 978 1848 harum
1003 1816 1088 1849 serie
1113 1816 1220 1848 absol-

478 1878 588 1906 ventes
607 1878 637 1904 et
658 1872 823 1903 absolutas
849 1870 918 1902 sore
949 1874 1131 1908 censentes,
1162 1869 1221 1900 hu-

478 1925 615 1958 iusmodi
653 1922 945 1966 supplicationibus
976 1922 1145 1961 inclinati,
1181 1922 1220 1954 de

480 1978 719 2012 venerabilium
746 1978 881 2009 t'ratrum
900 1980 1089 2008 nostrorum
1111 1974 1219 2008 SRE.

480 2032 693 2065 cardinalium
720 2030 862 2072 negotiis
881 2028 1222 2062 eteonsultationibus

481 2085 714 2129 episcoporum
741 2090 772 2116 et
798 2082 995 2125 regularium
1022 2081 1224 2125 praeposito-

481 2149 563 2177 rum,
590 2138 643 2181 qui
672 2137 867 2170 relationem
894 2135 1004 2168 dilecti
1031 2135 1127 2168 etiam
1166 2134 1222 2167 filii

480 2190 629 2224 moderni
656 2188 776 2233 prioris
802 2189 965 2232 generalis
991 2187 1067 2221 dicti
1092 2187 1222 2220 OrdiniS

481 2244 695 2287 rationesque
722 2242 875 2275 deductas
894 2246 1020 2274 mature
1042 2241 1224 2284 perpende-

483 2302 560 2330 runt
579 2323 586 2337 ,
616 2295 754 2329 consilio
772 2321 779 2335 ,
806 2295 1010 2338 supradictas
1037 2293 1172 2326 vicarias
1191 2293 1223 2325 in

483 2351 560 2383 (luas
586 2348 774 2392 provincias
801 2348 956 2380 formales
974 2347 1012 2380 ad
1033 2346 1224 2379 instaralia-

483 2413 552 2435 rum
569 2401 808 2444 provinciarum
820 2398 1224 2438 eiusdeniOrdinis‚salx·is
1245 2411 1247 2420 ·

485 2462 591 2488 tamen
603 2453 782 2498 privilegiis
798 2453 988 2486 eorumdem
1006 2457 1223 2485 conventuum

482 2510 756 2546 reformatorum,
791 2506 981 2539 auctoritate
1021 2505 1197 2548 apostolica
1216 2531 1223 2545 ,

486 2568 598 2595 tenore
625 2559 859 2604 praesentium,
887 2559 973 2592 iuxta
993 2558 1107 2602 petita,
1129 2559 1225 2602 erigi-

486 2627 568 2657 mus3
595 2615 681 2649 salv-a
708 2619 815 2648 tamen
829 2623 958 2657 semper
979 2612 1012 2647 in
1036 2612 1226 2657 praemissis

1264 1509 1484 1551 Confirmatur
1513 1508 1678 1541 ‹leco-etum
1710 1508 1814 1541 dietae
1841 1508 2005 1551 ρεπεν-αἰῶ

1309 1561 1577 1605 Conqreyulz'onis
1597 1561 1833 1593 monachorum
1846 1561 2008 1594 Silvestri-

1307 1625 1426 1647 norum
1452 1615 1489 1647 de
1513 1615 1667 1647 exercitio
1691 1624 1866 1647 munerum
1892 1625 1911 1647 a
1938 1624 2007 1647 con-

1306 1668 1537 1700 stitutionibus
1562 1667 1764 1710 praescripto
1789 1666 1831 1699 ad
1859 1667 2007 1700 obtinen-

1308 1721 1385 1753 dum
1409 1720 1573 1753 abbatiam
1599 1720 1769 1752 lieularem
1784 1719 1805 1752 ¹.

1478 1800 1613 1827 Clemens
1634 1800 1717 1833 Papa
1737 1799 1787 1831 XI,

1385 1847 1420 1873 ad
1441 1848 1619 1880 perpetuam
1638 1845 1682 1872 rei
1702 1844 1884 1872 memoriam.

1309 1918 1323 1961 ξ
1342 1917 1371 1950 1.
1394 1916 1519 1960 Exponi
1538 1916 1632 1949 nobis
1651 1926 1756 1960 nuper
1773 1916 1846 1948 fecit
1865 1916 2007 1950 dilectus
2043 1918 2200 1946 speciest-wst-

1266 1970 1351 2004 silius
1377 1971 1513 2003 Ioannes
1531 1969 1713 2002 Matthaeus
1731 1968 1838 2002 Sestili
1858 1969 1957 2003 abbas
1975 1976 2008 2004 et

1265 2025 1414 2057 visitator
1439 2023 1604 2066 generalis
1640 2022 1912 2065 Congregationis
1936 2034 2005 2056 mo·

1267 2078 1447 2111 nachorum
1463 2076 1727 2110 Silvestrinorum
1747 2081 2008 2119 nuncupatorum

1266 2131 1394 2164 Ordinis
1419 2130 1450 2163 S.
1478 2128 1670 2169 Benedicti,
1706 2129 1790 2172 quod
1825 2129 1856 2161 in
1888 2129 2008 2162 consti-

1268 2184 1448 2218 tutionibus
1474 2183 1577 2216 dictae
1602 2181 1875 2229 Congregationis
1909 2193 1925 2215 a
1962 2183 2008 2215 se·

1268 2238 1337 2271 licis
1364 2235 1603 2271 recordationis
1630 2235 1814 2268 Alexandro
1849 2235 1908 2268 Pr.
1944 2235 2007 2267 Vlll

1268 2291 1521 2339 praedecessore
1531 2295 1641 2323 nostro
1653 2288 1860 2329 confirmatis
1872 2288 1948 2322 dist.
1961 2299 2008 2330 111,

1305 2399 1312 2423 1
1339 2396 1370 2423 [ἶῖ
1390 2404 1472 2432 supra
1491 2403 1550 2431 pag.
1575 2395 1625 2421 703
1645 2403 1662 2421 a
1680 2397 1718 2428 (R.
1735 2394 1784 2430 τ.).

1302 2442 1317 2466 2
1339 2440 1370 2467 Ut
1389 2448 1473 2476 supra
1492 2448 1553 2475 pag.
1576 2439 1626 2466 703
1646 2448 1663 2466 a
1683 2441 1720 2470 (R.
1737 2439 1786 2468 ΤΛ.

1303 2484 1318 2512 3
1338 2485 1370 2512 Ut
1389 2493 1471 2519 supra
1491 2492 1551 2519 pag.
1574 2484 1625 2510 704
1645 2492 1663 2510 a
1676 2486 1718 2516 (n.
1735 2487 1784 2512 τ.).

1304 2532 1315 2557 1
1338 2529 1555 2557 Constitutiones
1576 2527 1673 2555 horum
1693 2528 1889 2555 monachorum
1909 2528 2010 2554 coufir-

1269 2578 1356 2602 matae
1369 2575 1443 2601 fuere
1455 2573 1488 2600 ab
1501 2572 1657 2600 Alexandro
1670 2572 1728 2599 Vlll
1743 2576 1830 2601 const.
1848 2573 1892 2601 eut.
1910 2579 2008 2606 nume,

1269 2619 1311 2648 die
1332 2619 1366 2647 15
1386 2617 1521 2652 octobris,
1545 2617 1640 2654 pontif.
1662 2623 1679 2645 1.
