2269 3203
87 211 139 241 An.
156 211 185 241 C.
207 211 275 240 1708

115 274 196 295 Caum
213 279 274 300 prae-

89 304 154 320 semus
179 301 274 321 deflata-

89 328 152 348 nonis
171 327 196 347 de
213 327 273 347 nulli-

88 356 131 373 nun
150 354 274 376 pinu-dusto-

88 379 274 401 ruinelertiomur.

111 1602 231 1623 uoci-mun
247 1605 269 1624 ut

85 1630 104 1650 in
120 1629 211 1650 rubrica.

919 206 1059 232 CLEMENS
1086 207 1117 231 Xl
1143 207 1190 230 ΓΡ.

330 262 345 305 {³
370 262 400 295 4.
429 261 505 295 Cum
531 266 635 294 autem
655 260 733 293 haec
751 258 859 292 omnia
874 267 933 301 per
950 267 1021 289 exe-

285 315 460 354 crabilem,
488 315 713 348 scandalosum
741 323 776 345 ac
801 323 818 343 a
847 311 945 344 sacris
971 320 1020 342 ca-

285 368 426 401 nonibus
450 373 482 400 et
506 366 718 400 conciliorum
746 365 948 407 generalium
968 363 1021 395 de-

284 421 408 461 cretis,
443 419 698 464 apostolicisque
735 416 1020 451 constitutionilms

284 475 343 507 sub
361 475 566 508 anathemate
592 473 722 516 saepius
749 472 934 505 damnatum
953 481 1021 503 sae-

283 528 402 561 cularis
427 527 597 571 potestatis
623 527 756 558 abusum
776 530 865 567 gesta
884 523 1017 562 fuerint,

282 581 430 624 adeoque
456 580 640 613 libertatem
675 577 939 615 ecclesiasticam,
964 576 1019 609 Dei

282 633 488 667 ordinatione
526 637 556 665 et
592 630 755 664 canonicis
795 629 1019 663 sanctionibus

280 686 498 725 constitutam,
518 685 690 718 manifeste
718 684 874 716 laeserint
899 693 934 715 ac
955 683 1021 715 lae-

281 740 374 779 dant,
402 745 613 782 nostramque
640 743 671 770 et
697 737 903 780 Apostolicae
929 736 1020 769 Sedis

281 792 520 832 anctoritatem,
547 802 611 835 qua
636 790 834 823 Stanislaum
860 789 1021 832 archiepi-

281 856 416 890 scopum
450 845 722 888 metropolitanae
755 843 963 883 Gnesnensi,
990 848 1042 876 et,

280 899 526 933 Constantinum
551 897 741 941 episcopum
769 897 932 940 praefatos
951 896 1021 929 Yla-

280 952 468 986 dislaviensi
495 952 674 995 respective
701 950 849 983 ecclesiis
876 950 1042 993 sapsam-1

279 1005 359 1045 ctis,
386 1005 470 1038 sicut
507 1005 746 1048 praemittitur,
780 1003 1018 1047 praefecimus,

280 1058 468 1102 gravissime
495 1064 527 1091 et
551 1064 662 1101 aperte
689 1058 880 1091 violaverint
910 1063 941 1089 et
959 1057 1020 1090 vio·
1041 1069 1042 1091 1

279 1113 366 1151 lent,
393 1122 429 1145 ac
453 1118 625 1155 praeterea
650 1111 773 1144 animas
795 1111 939 1154 pretioso
954 1111 1020 1143 Sal-
1040 1116 1042 1155 ξ

278 1166 396 1198 vatoris
425 1171 456 1198 et
492 1165 618 1198 Domini
658 1165 760 1197 nostri
795 1165 862 1197 lesu
901 1164 1042 1197 emisit

279 1218 438 1261 sanguine
465 1218 649 1261 redemptas
675 1218 707 1250 in
741 1218 927 1260 gravissima
964 1227 1042 1260 pe-3'

278 1271 380 1305 ricula
400 1270 613 1309 coniecerim,
642 1276 673 1303 et
690 1271 903 1314 deplorandis
926 1271 1019 1304 malis

278 1326 386 1359 adhuc
406 1325 571 1358 involvere
586 1330 743 1368 pergant,
763 1335 926 1368 novasque
945 1335 1020 1368 pro-

278 1378 354 1412 inde
395 1383 427 1411 et
465 1388 544 1411 sane
573 1378 739 1421 graviores
782 1378 1018 1421 multiplicibus

277 1432 342 1467 illis
377 1437 473 1476 atque
508 1432 694 1473 diuturnis,
722 1432 837 1476 quibus
862 1433 1019 1466 florentis-

278 1486 394 1519 simum
419 1486 508 1526 olim,
529 1496 615 1520 nunc
630 1486 945 1530 perturbatissimum
964 1487 1019 1519 Po-

279 1540 388 1574 loniae
412 1550 549 1583 regnum
575 1540 737 1573 aerumnis
762 1541 941 1584 premitur,
968 1551 1018 1573 ca·
1039 1542 1041 1589 ξ

280 1593 440 1627 lamitates
462 1593 643 1636 adiungere
666 1599 858 1627 noscantur:
879 1594 955 1627 hinc
971 1599 1019 1627 est
1039 1592 1041 1608 ¹

280 1647 368 1691 quod
394 1657 472 1687 nos,
499 1646 552 1689 qui
578 1646 698 1680 iurium
715 1647 1018 1680 ecclesiasticorum

279 1700 424 1744 supremi
450 1704 629 1733 assertores
654 1700 686 1732 in
713 1701 808 1733 terris
833 1712 850 1733 a
883 1701 1019 1734 Domino

279 1753 448 1787 constituti
474 1764 584 1786 sumus
606 1780 613 1793 ‚
647 1764 773 1786 necnon
799 1754 942 1787 omnium
969 1765 1019 1788 ec-

279 1807 453 1841 clesiarum
480 1812 512 1840 et
536 1807 799 1841 christifidelium
840 1818 949 1841 curam
988 1813 1020 1841 et

278 1859 533 1894 sollicitudinem
559 1862 713 1904 suprema
736 1860 952 1904 dispositione
972 1871 1021 1903 ge·

278 1914 400 1954 rimus,
428 1923 632 1957 regnumque
658 1914 839 1957 praefatum
866 1919 897 1946 et
932 1914 1020 1947 illius

278 1967 431 2010 inclytam
470 1966 637 2000 nationem
681 1969 816 2011 paterna
862 1967 1020 2001 charitate

279 2020 528 2064 complectimur
547 2047 554 2061 ,
583 2020 709 2054 tametsi
738 2031 801 2054 non
834 2020 1018 2054 dubitemus

278 2074 498 2108 venerabilem
519 2074 652 2107 fratrem
670 2074 782 2107 Iulium
801 2074 1020 2118 archiepisco-

279 2138 395 2171 porum
420 2127 621 2161 Nazarenum
639 2155 646 2168 ‚
673 2133 819 2161 nostrum
847 2133 878 2161 et
914 2128 1017 2161 dictae

278 2180 370 2214 Sedis
395 2181 427 2214 in
454 2181 569 2214 eodem
593 2191 695 2224 regno
713 2181 879 2221 nuncium,
899 2181 1017 2221 onmia,

278 2244 361 2278 quae
386 2234 414 2267 ei
441 2234 501 2267 hac
525 2234 558 2267 in
584 2244 617 2268 re
635 2245 652 2267 a
673 2234 768 2268 nobis
784 2235 932 2268 mandata
953 2235 1020 2268 sue-

279 2292 379 2328 runt,
406 2297 554 2331 quaeque
586 2288 727 2331 proinde
765 2288 859 2321 firma
891 2298 1020 2332 semper

279 2345 311 2374 et
335 2341 422 2373 salva
448 2351 517 2374 esse
543 2342 689 2374 volumus
706 2368 713 2381 ,
741 2341 853 2374 sedulo
879 2352 915 2374 ac
941 2341 1019 2374 fide—

279 2393 373 2433 liter,
398 2398 557 2437 quantum
583 2394 643 2427 sibi
669 2395 700 2427 in
728 2394 891 2438 praesenti
916 2394 1020 2428 inseii-

280 2445 408 2480 cissimo
433 2447 563 2480 illarum
588 2458 696 2480 remim
723 2453 807 2481 statu
822 2448 1017 2491 permissum

280 2497 388 2538 suerit,
413 2499 475 2531 iam
500 2499 703 2543 implevisse,
733 2500 960 2541 nihilominus,
981 2512 1017 2534 ex

279 2550 426 2583 iniuncto
451 2551 546 2584 nobis
572 2552 724 2586 divinitus
738 2554 935 2597 apostolicae
950 2564 1018 2587 ser-

278 2603 387 2639 vitutis
413 2613 561 2646 munere,
581 2606 799 2649 praefatarum
819 2606 1015 2642 Gnesnensis

1064 257 1092 288 el
1119 255 1379 288 Vladislaviensis
1407 254 1636 293 ecclesiarum,
1660 254 1804 287 illarum-

1065 319 1127 351 que
1153 308 1339 351 praesulum
1357 306 1562 340 indemnitati
1579 306 1709 339 uberius
1730 317 1805 339 eon-

1065 362 1196 399 sulere,
1224 366 1401 404 nostraque
1428 366 1459 392 et
1485 360 1589 393 dictae
1615 359 1707 392 Sedis
1735 361 1804 392 iura

1064 420 1148 447 sarta
1175 419 1257 447 tecta
1284 420 1380 457 atque
1407 413 1532 447 illibata
1557 413 1684 446 enixius
1720 413 1803 446 tueri

1065 472 1096 500 et
1121 477 1323 506 conservare,
1344 477 1469 500 necnon
1492 467 1673 499 animarum
1693 467 1805 499 liuius-

1064 521 1151 554 modi
1178 521 1351 563 periculis,
1378 526 1536 564 quantum
1564 520 1658 553 nobis
1684 531 1719 553 ex
1740 521 1804 553 alto

1065 574 1277 613 conceditur,
1303 574 1502 617 peramplius
1540 584 1714 607 occurrere
1751 584 1805 606 cu-

1066 627 1209 669 pientes,
1237 638 1273 660 ac
1300 627 1445 659 omnium
1473 633 1504 660 et
1529 628 1735 670 singulorum
1772 628 1804 660 in

1065 680 1251 723 praemissis
1279 685 1340 712 tam
1368 691 1384 712 a
1406 680 1559 722 capitulis
1586 685 1617 712 et
1642 680 1805 713 canonicis

1064 733 1309 766 Gnesnensibus
1340 738 1370 765 et
1388 733 1700 766 l'ladislaviensibus
1718 743 1805 776 prae-

1066 787 1158 826 fatis,
1185 797 1280 830 quam
1315 786 1354 818 ab
1392 786 1711 819 administratoribus
1748 797 1806 830 per

1065 849 1130 879 eos,
1156 845 1190 871 ut
1215 838 1410 882 praefertur,
1439 840 1559 879 electis,
1587 845 1618 872 et
1643 839 1714 872 aliis
1736 839 1806 882 qui-

1064 894 1264 935 buscumque
1300 892 1551 935 quomodolibet
1588 897 1735 925 actorum
1774 897 1806 926 et

1064 952 1230 989 gestorum
1255 946 1382 986 seriem,
1405 956 1533 979 causam
1553 951 1584 979 et
1602 946 1804 987 occasiones,

1064 1001 1164 1033 aliave
1191 1001 1365 1043 quaelibet,
1386 1000 1482 1033 etiam
1505 1001 1688 1044 specificam
1708 1005 1740 1034 et
1758 1001 1806 1034 in-

1064 1054 1227 1087 dividuam
1253 1054 1454 1087 mentionem
1492 1059 1522 1087 et
1559 1055 1805 1098 expressionem

1063 1106 1290 1150 requirentia,
1316 1106 1544 1150 praesentibus
1567 1118 1626 1151 pro
1653 1108 1750 1150 plene
1774 1114 1806 1141 et

1064 1160 1263 1192 sufficienter
1288 1161 1451 1204 expressis
1478 1171 1513 1193 ac
1538 1161 1739 1194 exactissime
1773 1166 1806 1194 et

1064 1213 1302 1246 accuratissime
1317 1213 1509 1256 specificatis
1524 1214 1694 1255 babentes,
1716 1221 1805 1247 motu

1040 1265 1209 1309 ²proprio,
1238 1277 1274 1298 ac
1300 1276 1336 1298 ex
1363 1269 1451 1298 certa
1477 1267 1611 1299 scientia
1629 1272 1660 1299 et
1681 1270 1806 1300 matura

1063 1318 1299 1352 deliberatione
1326 1320 1453 1359 nostris,
1473 1320 1579 1363 deque
1605 1321 1805 1364 apostolicae

1062 1372 1232 1414 potestatis
1269 1372 1497 1415 plenitudine,
1535 1374 1712 1407 electiones
1750 1385 1805 1407 eo-

1062 1425 1209 1458 rumdem
1235 1425 1364 1458 loannis
1390 1425 1534 1469 episcopi
1569 1426 1601 1458 in
1639 1433 1805 1471 metropo-

1062 1479 1180 1511 litanae
1207 1479 1430 1520 Gnesnensis,
1467 1490 1595 1513 necnon
1633 1481 1805 1515 Adalberti

1063 1532 1173 1575 lgnatii
1215 1532 1245 1564 in
1288 1533 1553 1566 l'ladislaviensis
1594 1535 1805 1568 ecclesiarum

1062 1585 1307 1628 praefatarum,
1334 1596 1510 1630 earumque
1537 1588 1710 1628 bonorum,
1734 1589 1806 1621 red-

1063 1639 1188 1671 dituum
1215 1644 1245 1672 et
1271 1646 1488 1682 proventuum
1514 1641 1806 1685 administratores,

1063 1702 1099 1724 ac
1130 1692 1363 1736 cuiuscumcpie
1401 1693 1634 1727 iurisdictionis
1671 1706 1806 1730 conces-

1063 1746 1190 1778 sionem
1227 1751 1259 1778 et
1295 1745 1461 1788 regiminis
1496 1747 1724 1789 traditionem,
1758 1750 1804 1784 eis

1064 1799 1103 1831 ab
1122 1799 1308 1831 earumdem
1328 1799 1541 1832 ecclesiarum
1560 1800 1759 1836 Gnesnensis
1775 1810 1806 1836 et

1064 1852 1327 1885 Vladislaviensis
1354 1853 1503 1896 capitulis
1522 1860 1553 1888 et
1570 1857 1737 1889 canonicis
1757 1868 1807 1890 re-

1815 204 1862 230 An.
1881 203 1908 230 C.
1930 202 1997 230 ⁴708

1063 1906 1205 1948 spective
1232 1906 1354 1945 factas,
1380 1912 1412 1938 ut
1438 1908 1642 1950 praefertur,
1668 1915 1701 1942 et
1726 1921 1807 1954 quo·
1854 1925 1865 1937 ·

1064 1958 1245 1992 modolibet
1275 1959 1448 1993 ratificatas
1482 1971 1540 1994 seu
1578 1963 1804 2004 confirmatas,

1063 2012 1190 2055 aliaque
1216 2013 1323 2045 omnia
1350 2018 1381 2046 et
1410 2013 1536 2061 singula
1560 2016 1592 2048 in
1614 2017 1804 2060 praemissis

1063 2066 1114 2098 vel
1140 2065 1225 2097 circa
1251 2076 1298 2105 ea,
1325 2071 1388 2098 tam
1409 2078 1424 2099 a
1448 2068 1599 2110 capitulis
1625 2075 1657 2102 et
1674 2072 1806 2105 canoni-

1063 2118 1107 2150 cis
1125 2145 1132 2155 ,
1160 2128 1254 2161 quam
1282 2119 1321 2150 ab
1348 2119 1666 2156 administratorilms
1691 2124 1805 2158 huius-

1064 2172 1177 2212 modi,
1202 2172 1252 2205 vel
1279 2172 1408 2206 illorum
1436 2175 1556 2218 aliquo,
1585 2178 1805 2220 praefatarum

1062 2236 1192 2258 suarum
1218 2226 1429 2267 electionum,
1459 2228 1579 2272 eisque,
1607 2230 1688 2264 sicut
1711 2242 1807 2275 prae-

1062 2279 1202 2312 mittitur
1223 2306 1230 2317 ,
1266 2281 1448 2323 respective
1475 2284 1722 2318 commissarum
1748 2286 1805 2319 ad-

1062 2333 1336 2366 ministrationum
1368 2334 1478 2378 vigore
1516 2347 1572 2370 seu
1607 2344 1804 2381 praetextu,

1061 2397 1121 2429 per
1151 2397 1185 2419 se
1218 2388 1268 2420 vel
1306 2388 1387 2421 alios
1424 2392 1734 2436 quomodocumque
1773 2398 1806 2425 et

1062 2446 1347 2490 qualitercumque
1375 2452 1452 2486 acta,
1473 2445 1563 2485 sacta,
1590 2450 1690 2488 gesta,
1714 2455 1805 2478 man-

1062 2501 1155 2540 data,
1181 2500 1312 2533 decreta
1329 2527 1336 2540 ,
1364 2499 1517 2533 ordinata
1541 2499 1590 2532 vel
1623 2499 1779 2542 disposita
1796 2525 1803 2538 ,

1061 2563 1098 2587 ac
1123 2553 1229 2587 forsan
1255 2553 1286 2586 in
1312 2553 1453 2585 futurum
1479 2552 1579 2595 (quod
1606 2551 1688 2584 Deus
1714 2561 1805 2583 aver·

1063 2607 1127 2650 tat.)
1155 2607 1299 2650 agenda,
1335 2605 1500 2650 gerenda,
1529 2604 1691 2645 facienda,
1717 2614 1805 2636 man-
