2269 3203
84 253 134 281 An.
151 252 179 281 C.
201 253 268 282 ¹712

132 1162 267 1183 (Iontirma'io

26 1193 33 1200 ·
83 1189 145 1210 retati
161 1189 244 1211 decreti

889 253 1030 277 Quum}
1058 252 1088 275 xl
1115 252 1161 275 ll'.

279 303 356 334 edito
380 303 505 335 libertati
529 305 703 336 electionum
728 302 934 334 canonicarum
951 310 1018 331 con-

280 353 380 390 trario3
398 357 425 383 et
441 353 540 383 eadem
554 352 739 387 auctoritate,
758 360 813 391 qua
833 359 931 390 supra,
950 359 1018 379 con-

278 401 409 431 cedimus
433 402 579 440 praefatae
604 400 770 440 provinciae
792 398 968 434 Turonensi,
986 402 1014 427 ut

279 449 307 478 in
331 449 467 489 capitulis
490 448 718 488 provincialibus
740 448 768 477 in
796 453 943 487 posterum
974 455 1019 476 ce-

280 497 426 528 lebrandis
450 498 626 537 propositam
648 502 704 527 tam
720 500 916 526 conventuum
931 504 1017 535 quam

278 546 505 583 guardianorum
528 545 777 584 designationem,
802 545 926 574 duorum
949 544 1019 573 deti-

278 594 406 624 nitorum
436 604 470 624 ex
505 596 563 624 una
585 599 611 623 et
643 587 766 623 duorum
793 595 799 609 ¹
830 593 1017 622 definitorum

278 653 311 673 cx
335 643 453 680 altera,
478 652 592 672 necnon
617 642 744 672 ministri
768 641 956 681 provincialis
979 640 1018 670 al-

280 692 417 722 ternatim
441 692 525 721 modo
548 700 582 720 ex
605 692 666 720 una
687 696 713 720 et
743 690 827 720 modo
860 700 893 719 ex
927 689 1017 719 altera
1039 718 1041 727 Ι

279 740 407 770 custodia
419 739 590 770 electionem
604 740 638 769 ad
653 739 765 778 praxim
782 739 933 776 reducere,
948 744 1019 768 tam-

280 798 365 829 quam
389 789 452 828 paci
474 793 502 818 et
526 788 728 828 tranquillitati
751 787 914 817 communis
931 787 1019 817 totius

281 837 446 877 provinciae
470 836 628 876 plurimum
653 836 846 876 profuturam,
865 835 976 875 possint
992 840 1016 865 et

279 886 405 917 valeant.
435 886 479 917 Ita
507 886 651 924 dicimus,
681 886 864 916 declaramus
882 910 889 923 ,
919 885 1020 914 decer-

280 935 388 974 nimus,
413 936 467 966 hoo
490 941 518 966 et
541 936 630 971 omni⁷
655 941 711 965 ete.
730 935 832 964 Datum
858 935 966 964 Itomae
990 934 1018 963 in

278 989 378 1014 nostro
391 985 511 1024 palatie,
529 984 575 1014 die
591 993 608 1013 x
625 984 687 1014 iulii
705 992 809 1014 nmanx
826 983 1019 1013 —NtCOLAUS

278 1033 368 1072 episc.
389 1034 558 1064 Portnensis
572 1033 652 1063 card.
666 1033 844 1063 Acetuotus
860 1038 1017 1072 protector.

278 1100 315 1105 -—-
332 1083 373 1112 Ita
395 1087 441 1113 est.
464 1082 626 1113 Cardinalis
650 1083 822 1111 Acctsiottrs
846 1086 1001 1120 protector.

322 1150 336 1193 ξ
361 1149 392 1182 ⁶2.
419 1149 495 1183 Cum
522 1155 637 1188 autem,
656 1149 739 1182 sicut
757 1149 870 1182 eadem
894 1148 1021 1192 exposi-

280 1202 323 1236 tio
353 1202 586 1245 subiungebat,
622 1202 724 1235 dictus
750 1201 939 1234 Timotheus
965 1201 1020 1234 de-

278 1259 399 1289 cretum
426 1255 626 1294 huiusmodi,
642 1267 706 1298 quo
723 1255 842 1288 tirmius
868 1255 1021 1287 subsistat

277 1314 308 1342 et
328 1314 472 1341 servetur
496 1308 651 1349 exactius,
678 1309 875 1352 apostolicae
903 1308 1019 1341 contir-

276 1361 427 1395 mationis
457 1367 584 1395 nostrae
616 1361 799 1404 patrocinio
825 1361 1018 1394 communiri

277 1425 483 1458 summopere
505 1414 686 1448 desideret:
707 1426 775 1456 nos,
798 1415 898 1458 ipsius
919 1415 1020 1448 Timo-

278 1468 346 1501 tliei
371 1467 454 1501 votis
480 1468 540 1501 hac
567 1467 596 1500 in
616 1479 663 1509 re,
683 1475 840 1512 quantum
865 1479 937 1502 cum
959 1470 1020 1503 Do-

276 1521 364 1555 mino
400 1531 572 1564 possumus
589 1548 596 1562 ,
626 1521 848 1555 favorabiliter
874 1532 1019 1555 annuere

277 1576 435 1614 volentes,
455 1585 592 1618 eumque
611 1586 627 1607 a
646 1574 812 1618 quibusvis
836 1586 1020 1608 excommu-

274 1627 450 1670 nicationis
469 1655 476 1668 ‚
504 1629 734 1671 suspensionis
770 1634 803 1662 et
837 1629 1018 1670 interdicti,

275 1680 415 1724 aliisque
447 1679 680 1713 ecelesiasticis
701 1682 885 1721 sententiis,
910 1693 1020 1715 censu-

275 1734 319 1767 ris
345 1739 376 1767 et
401 1734 520 1777 poenis
537 1762 544 1775 ,
573 1745 589 1765 a
613 1734 683 1766 inre
720 1736 770 1767 vel
797 1736 836 1767 ab
863 1735 1017 1777 bomine,

275 1787 388 1831 quavis
414 1787 587 1821 occasione
609 1789 658 1821 vel
678 1790 775 1821 causa
796 1789 877 1828 latis,
900 1789 924 1821 si
951 1790 1019 1832 qui-

274 1840 336 1874 bus
368 1841 620 1884 quomodolibet
644 1841 819 1875 innodatus
845 1843 962 1883 existit,
981 1843 1019 1875 ad

275 1893 426 1928 ellectum
447 1895 675 1938 praesentium
710 1896 877 1928 dumtaxat
904 1907 1019 1930 eonse-

276 1948 452 1992 quendum,
484 1949 602 1982 harum
633 1950 720 1983 serie
751 1950 964 1984 absolventes
989 1956 1019 1984 et

274 2001 459 2035 absolutum
489 2002 559 2036 sore
584 2008 779 2043 censentes,
806 2004 1019 2047 supplicatio-

276 2054 370 2087 nibus
411 2055 479 2088 eius
514 2055 648 2089 nomine
686 2056 780 2089 nobis
818 2067 917 2100 super
955 2057 1019 2090 boc

277 2107 448 2141 humiliter
472 2108 635 2151 porrectis
661 2109 827 2148 inclinati,
860 2109 898 2143 de
924 2119 1019 2143 vene-

277 2159 429 2193 rabilium
446 2161 580 2194 fratrum
600 2168 784 2196 nostrorum
799 2162 828 2195 S.
848 2162 884 2195 R.
901 2162 933 2195 E.
953 2173 1019 2196 ear·
1038 2166 1041 2196 t

278 2213 434 2247 dinalium
448 2214 587 2256 negotiis
602 2220 632 2248 et
647 2215 937 2248 consultationibus
953 2216 1019 2259 epi-

277 2276 449 2309 scoporum
474 2272 505 2300 et
530 2268 726 2310 regularium
746 2268 1015 2311 praepositorum,

277 2319 331 2362 qui
358 2319 508 2353 dilectum
543 2321 664 2364 pariter
696 2320 797 2354 filium
823 2322 1016 2355 modernum

277 2378 523 2415 procuratorem
556 2375 744 2417 generalem
779 2375 854 2408 dicti
887 2375 1016 2408 Ordinis

277 2435 374 2468 super
400 2426 586 2468 praemissis
612 2427 801 2460 audiverunt
836 2433 867 2461 et
891 2433 1017 2461 senten-

277 2477 352 2510 tiam
379 2476 523 2510 eiusdem
549 2477 671 2512 Nicolai
698 2480 843 2524 episcopi
870 2480 1016 2513 cardina-

277 2530 315 2564 lis
341 2536 371 2563 et
396 2532 591 2574 protectoris
614 2534 846 2574 attenderunt,
865 2534 1014 2575 consilio,

275 2583 517 2627 praeinscrtum
542 2584 609 2617 eius
635 2585 820 2626 decretum,
843 2587 1015 2630 omniaque

311 2648 321 2673 t
347 2645 497 2682 Praepositi
520 2645 566 2672 Es
586 2646 646 2673 hinc
668 2647 808 2675 abiicinius
827 2648 865 2684 (a.
887 2650 934 2684 τ,).

1062 305 1093 333 et
1118 300 1247 343 singula
1282 299 1311 331 in
1350 309 1389 332 eo
1415 305 1584 338 contenta,
1611 300 1804 332 auctoritate

1061 353 1257 397 apostolica,
1286 360 1397 386 tenore
1424 351 1661 396 praesentium,
1688 352 1803 385 contir-

1062 417 1185 440 mamus
1211 411 1242 440 ct
1266 406 1502 450 approbamus,
1531 405 1644 449 illique
1671 405 1805 438 inviola-

1062 460 1136 493 bilis
1155 460 1356 504 apostolicae
1382 458 1542 491 firmitatis
1567 458 1669 491 robur
1693 458 1804 491 adiici-

1062 523 1143 552 mus,
1163 524 1198 546 ac
1220 523 1332 546 omnes
1351 518 1383 546 et-
1400 513 1544 555 singulos
1570 511 1648 544 iuris
1674 517 1705 544 ct
1731 512 1803 544 facti

1063 566 1229 605 desectus,
1257 566 1282 598 si
1309 566 1362 610 qui
1391 566 1531 609 desuper
1556 564 1806 609 quomodolibet

1062 619 1313 659 intervenerint,
1341 620 1544 663 supplemus.

1106 672 1120 715 g
1145 672 1176 705 3.
1204 672 1437 712 Dec-eruenteS,
1461 673 1593 706 easdem
1616 677 1806 716 praesentes

1040 730 1041 753 1
1064 725 1185 757 litteras
1210 735 1340 768 semper
1361 724 1477 765 sirmas,
1492 725 1614 758 validas
1640 730 1672 758 et
1702 725 1806 758 effica-

1063 787 1115 809 ces
1134 776 1271 810 existere
1301 782 1331 810 et
1363 778 1442 817 fore,
1469 788 1609 821 suosque
1640 778 1804 821 plenarios

1063 835 1095 863 et
1119 830 1266 873 integros
1294 830 1425 863 effeetus
1451 831 1561 864 sortiri
1589 837 1619 864 et
1644 831 1806 870 obtinere,

1063 894 1099 916 ac
1118 883 1193 923 iltis,
1212 884 1250 916 ad
1271 895 1353 927 quos
1376 889 1500 927 spectat
1519 889 1549 918 et
1574 895 1633 928 pro
1661 890 1805 928 tempore

1063 937 1335 980 ‹pratuloeumtpie
1353 937 1523 980 spectabit,
1544 937 1734 981 plenissime
1748 938 1807 970 sul·

1064 990 1191 1033 sragari,
1212 996 1243 1022 et
1268 990 1307 1022 ab
1334 990 1378 1023 eis
1408 991 1590 1034 respective
1612 990 1806 1024 inviolabili-

1066 1048 1114 1075 ter
1135 1042 1320 1082 observari,
1342 1043 1452 1087 sicque
1475 1043 1506 1076 in
1533 1043 1720 1087 praemissis
1747 1054 1807 1087 per

1065 1106 1291 1140 quoscumque
1318 1096 1441 1130 iudices
1475 1097 1656 1130 ordinarios
1689 1102 1720 1130 et
1751 1098 1807 1130 de-

1064 1150 1209 1190 legatos,
1237 1149 1331 1182 etiam
1358 1159 1526 1182 causarum
1545 1149 1653 1193 palatii
1676 1155 1807 1193 aposto-

1064 1202 1116 1235 liei
1144 1202 1328 1243 auditores,
1368 1203 1503 1236 iudicari
1530 1209 1562 1236 et
1598 1203 1727 1236 definiri
1753 1204 1806 1236 dc-

1064 1256 1162 1295 bere,
1185 1266 1219 1287 ae
1245 1256 1370 1289 irritum
1396 1262 1427 1289 et
1456 1257 1551 1290 inane
1577 1257 1602 1289 si
1633 1267 1725 1290 secus
1755 1267 1806 1289 su-

1064 1320 1122 1352 per
1143 1309 1192 1341 liis
1215 1320 1231 1341 a
1258 1321 1441 1353 quoquam,
1466 1310 1575 1353 quavis
1601 1310 1804 1351 auctoritate,

1063 1362 1202 1395 scienter
1221 1363 1268 1395 vel
1291 1363 1492 1406 ignoranter,
1515 1364 1691 1407 contigerit
1712 1368 1807 1398 atten-

1064 1415 1135 1448 tari.
1167 1415 1237 1448 Non
1275 1416 1484 1449 obstantibus
1520 1417 1732 1460 praemissis,
1771 1429 1807 1451 ac

1062 1468 1355 1502 constitutionibus
1381 1475 1411 1502 et
1437 1470 1702 1503 ordinationibus
1732 1481 1808 1515 apo-

1062 1521 1196 1561 stolicis,
1214 1532 1352 1563 necnon,
1368 1528 1529 1566 quatenus
1555 1534 1636 1567 opus
1658 1524 1708 1564 sit,
1731 1536 1806 1568 pro-

1062 1574 1187 1608 vinciae
1214 1580 1247 1607 et
1272 1575 1401 1609 Ordinis
1428 1577 1682 1620 praedictorum,
1710 1578 1806 1611 etiam

1062 1627 1245 1662 iuramento
1270 1655 1277 1668 ,
1316 1630 1564 1664 confirmatione
1605 1632 1805 1675 apostolica,

1061 1682 1111 1714 vel
1128 1681 1239 1725 quavis
1255 1682 1406 1715 firmitate
1433 1683 1495 1716 alia
1512 1684 1683 1725 roboratis,
1709 1691 1808 1718 statu-

1064 1735 1102 1767 tis
1129 1740 1160 1767 et
1185 1736 1495 1777 consuetudinibus,
1524 1737 1705 1780 privilegiis
1730 1750 1809 1782 qno-

1062 1798 1148 1830 que,
1174 1788 1307 1821 indultis
1342 1795 1373 1821 et
1410 1790 1530 1822 litteris
1568 1791 1753 1834 apostolicis
1775 1792 1807 1824 iu

1062 1843 1260 1875 eontrarium
1303 1843 1560 1886 praemissorum
1596 1845 1804 1887 quomodoli-

1062 1895 1117 1928 bet
1141 1896 1320 1935 concessis,
1341 1896 1541 1930 confirmatis
1562 1902 1594 1930 et
1619 1897 1780 1931 innovatis
1798 1910 1804 1939 3

1063 1948 1180 1991 quibus
1202 1949 1354 1981 omnibus
1380 1954 1412 1981 et
1436 1949 1585 1992 singulis,
1612 1950 1742 1984 illorum
1767 1956 1806 1984 te-

1062 2011 1160 2034 nores
1195 2002 1424 2044 praesentibus
1457 2014 1518 2046 pro
1553 2005 1651 2047 plene
1679 2009 1709 2037 et
1742 2005 1807 2037 sus-

1062 2054 1189 2087 eienter
1214 2055 1376 2098 expressis
1396 2066 1432 2088 ae
1451 2056 1489 2088 ad
1511 2057 1647 2089 verbum
1671 2057 1806 2091 insertis

1062 2107 1233 2147 babentes,
1256 2108 1320 2141 illis
1346 2108 1426 2142 alias
1454 2109 1485 2141 in
1504 2119 1562 2142 suo
1588 2109 1708 2143 robore
1733 2121 1807 2154 per-

1061 2161 1243 2201 mansuris,
1269 2161 1309 2194 ad
1346 2161 1603 2205 praemissorum
1641 2162 1803 2205 effectum,

1061 2213 1120 2246 hae
1134 2213 1202 2246 vice
1217 2214 1393 2255 dumtaxat,
1410 2215 1597 2258 specialiter
1610 2220 1641 2248 et
1654 2226 1806 2259 expresse

1062 2267 1275 2310 derogamus3
1304 2268 1487 2310 ceterisque
1527 2269 1700 2302 contrariis
1727 2270 1802 2314 qui-

1061 2320 1277 2364 buscumque.

1103 2374 1118 2416 g
1152 2373 1183 2406 4.
1219 2374 1375 2407 Volumus
1407 2379 1516 2408 autem
1549 2380 1583 2407 ut
1615 2376 1803 2410 earumdem

1059 2427 1284 2470 praesentium
1305 2427 1488 2461 litterarum
1506 2429 1730 2472 transumptis,
1748 2440 1805 2462 seu

1059 2479 1230 2523 exemplis,
1255 2480 1352 2513 etiam
1378 2481 1557 2525 impressis,
1581 2492 1679 2514 manu
1704 2482 1805 2515 alicu-

1057 2533 1107 2566 ius
1129 2534 1249 2567 notarii
1275 2534 1401 2578 publici
1419 2535 1624 2579 subscriptis,
1647 2541 1678 2568 et
1695 2535 1804 2578 sigillo

1059 2597 1218 2629 personae
1240 2588 1272 2621 in
1298 2588 1520 2622 ecclesiastica
1545 2588 1702 2631 dignitate
1730 2598 1805 2621 con-

1060 2640 1188 2674 stitutae
1228 2642 1376 2681 munitis,
1404 2642 1516 2674 eadem
1555 2651 1688 2684 prorsus
1723 2640 1801 2673 tides

1703 241 1767 274 5453
1813 250 1860 278 An.
1879 249 1906 276 e.
1933 250 1997 277 1712

1844 682 1963 704 clausulae.

1856 2382 1918 2403 tutes
1944 2384 2000 2404 tran·

1815 2412 1953 2436 sumptorum.
