2269 3203
252 204 300 230 An,
318 202 347 231 c.
371 203 438 231 1707
484 193 549 228 278

448 253 595 287 nutentio
615 281 623 295 ,
651 253 756 288 dictus
789 260 956 299 promotor
993 256 1109 290 fiscalis
1146 257 1184 290 ad

448 307 598 340 eumdem
624 314 770 341 senatum
797 311 1043 353 appellaverat,
1071 322 1087 343 a
1121 320 1184 354 quo

447 360 633 394 citationem
670 363 789 395 nedum
830 369 944 396 contra
981 364 1092 407 ipsos,
1128 365 1182 398 sed

447 413 542 446 ctiam
559 420 672 447 contra
691 414 832 448 iudicem
852 416 1106 449 ecclesiasticum
1128 417 1184 450 ob-

447 467 566 507 tinuit;
593 478 629 500 ac
662 469 814 509 tandem,
851 480 1039 512 comparere
1066 471 1184 503 coactis

445 520 560 554 iisdem
585 522 749 555 canonicis
774 523 978 565 regularibus
1003 534 1110 557 coram
1138 524 1184 556 di-

446 579 496 607 cto
521 581 648 615 senatu,
676 575 799 618 prodiit
823 577 995 615 sententia,
1015 587 1182 621 perquam

445 633 593 660 revocata
618 628 677 660 suit
703 629 916 672 praecedens,
944 635 1107 673 tamquam
1135 630 1185 672 (ut

445 681 528 713 male
553 687 760 724 praetensum
787 682 859 725 fuit)
886 683 1020 716 nulliter
1051 689 1081 716 et
1110 683 1183 716 abu-

444 734 509 767 sive
535 745 593 778 per
619 736 759 770 tribunal
785 735 1002 769 Nunciaturae
1035 736 1119 778 lata,
1144 737 1184 769 si-

443 788 574 831 mulque
599 788 752 822 omnibus
785 789 1015 823 ecclesiasticis
1051 795 1082 822 et
1113 789 1183 822 aliis

442 840 646 884 prohibitum
673 842 749 882 fuit,
785 842 844 875 sub
880 843 986 886 poena
1013 843 1181 883 nullitatis‚

442 905 480 926 ac
505 900 668 928 scutorum
695 896 783 929 mille
810 896 876 929 auri
897 924 904 937 ,
941 896 1105 939 aliisque,
1141 907 1181 929 ne

442 947 481 980 ad
514 948 631 981 dictum
669 949 807 982 tribunal
839 960 951 983 causas
986 951 1179 983 deferrent:

442 1005 474 1032 et
499 1000 580 1033 haec
599 1001 729 1044 quidem
752 1002 914 1035 sententia
929 1002 959 1035 in
975 1002 1104 1035 civitate
1122 1003 1182 1035 Au-

441 1054 576 1095 gustana
602 1054 640 1086 ad
667 1065 782 1087 sonum
810 1055 904 1088 tubae
931 1055 1094 1098 publicata
1123 1056 1182 1088 fuit

440 1105 492 1138 die
517 1116 535 1138 x
561 1106 633 1138 maii
661 1107 735 1140 anni
760 1116 871 1140 MDCCt.
899 1108 1013 1140 Gravia
1033 1109 1180 1151 profecto

440 1157 570 1191 fuerunt
606 1159 717 1199 haec,
756 1165 787 1191 et
811 1171 968 1193 mucrone
1003 1161 1178 1194 canonicae

438 1212 620 1244 severitatis
645 1213 845 1253 resecanda·,
873 1214 958 1247 unde
991 1217 1105 1247 contra
1142 1225 1178 1248 ea

439 1264 579 1297 clamare
606 1275 669 1298 non
707 1266 925 1307 cessavimus,
963 1267 1005 1299 ita
1041 1268 1177 1301 Domino

438 1328 497 1350 1105
522 1328 581 1361 per
606 1318 803 1362 Proplictam
828 1320 1025 1353 admonente
1046 1347 1054 1361 ,
1081 1331 1117 1353 ac
1147 1332 1179 1354 a-

437 1371 589 1414 postolici
614 1372 761 1404 muneris
788 1372 899 1405 debito
925 1373 1101 1416 exigente,
1136 1385 1176 1407 nc

437 1424 535 1457 veluti
561 1434 657 1457 canes
682 1425 760 1457 muti
795 1435 860 1458 non
886 1427 1032 1459 valentes
1058 1427 1176 1460 latrare

437 1486 473 1508 ac
493 1477 588 1520 lupos
606 1488 738 1520 gregem
757 1478 954 1512 dominicum
974 1479 1175 1513 devastantes

438 1540 549 1563 arcere
563 1531 768 1573 negligentes
787 1532 1045 1576 corriperemur',
1065 1539 1096 1566 et
1112 1534 1177 1577 spi-

436 1581 561 1615 ritualis
587 1583 739 1616 interitus
766 1585 872 1617 ovium
894 1585 987 1618 nobis
1005 1596 1021 1618 a
1039 1586 1175 1620 Domino

436 1636 681 1668 commissarum
720 1637 765 1669 rei
798 1638 1019 1671 evaderemus.
1059 1639 1175 1673 Verum

435 1689 570 1731 praefati
597 1695 725 1722 senatus
752 1690 871 1734 aliique
909 1691 1010 1723 laicae
1046 1692 1176 1725 iurisdi-

435 1742 552 1774 ctionis
578 1742 717 1775 ministri
744 1748 841 1787 atque
868 1744 1023 1777 ofliciales
1043 1772 1050 1785 ,
1078 1747 1173 1779 veluti

435 1795 565 1838 aspides
590 1796 679 1828 surdi
707 1801 739 1829 et
762 1807 853 1829 aures
880 1808 953 1830 suas
980 1799 1174 1833 obturantes

434 1859 476 1881 ne
504 1860 615 1882 vocem
642 1849 777 1883 venefici
796 1850 990 1883 incantantis
1009 1852 1175 1896 sapienter

434 1901 609 1942 audirent,
635 1903 742 1935 adhuc
766 1903 797 1936 in
823 1906 880 1936 sua
904 1905 1026 1937 matitia
1062 1916 1175 1949 perse-

433 1961 583 1989 verantes
609 1962 639 1989 et
666 1956 836 1998 obdurati,
863 1968 922 1991 nec
946 1960 1094 2002 paternis
1122 1971 1175 1993 ex-

434 2009 673 2043 hortationibus
699 2011 839 2052 nostris,
865 2022 926 2044 nec
960 2013 1054 2046 minis
1089 2014 1172 2046 flecti

434 2067 624 2104 potuerunt,
651 2068 685 2095 ut
707 2063 889 2096 animarum
919 2075 1046 2097 suarum
1079 2067 1172 2099 saluti

434 2116 666 2155 consulerent,
694 2122 724 2148 01
749 2116 932 2157 Ecclesiae,
958 2129 1053 2161 quam
1081 2119 1173 2152 toties

433 2173 465 2200 et
489 2174 551 2201 tam
577 2169 717 2210 graviter
741 2170 910 2210 laeserant,
935 2171 1169 2205 satisfacerent.

432 2220 512 2259 Quin
526 2221 644 2264 potius,
661 2222 740 2254 haec
765 2222 859 2263 inter,
881 2233 1001 2255 novum
1022 2225 1107 2257 aliud
1127 2235 1174 2257 cc-

433 2274 630 2307 clesiasticae
645 2275 785 2307 libertati
805 2281 836 2308 et
853 2275 945 2308 Sedis
965 2278 1171 2319 Apostolicae

433 2327 614 2359 auctoritati
639 2328 754 2360 vulnus
781 2327 937 2360 inflictum
976 2329 1034 2361 suit
1052 2355 1059 2368 ,
1098 2330 1172 2362 dum

433 2390 469 2412 ex
497 2380 652 2423 abrupto,
679 2391 883 2424 quacumque
910 2381 1055 2414 eiusdem
1081 2381 1173 2415 Sedis

433 2432 615 2466 reverentia
655 2433 861 2476 postposita,
906 2434 1044 2467 dilectus
1087 2434 1171 2467 filius

433 2487 617 2520 Alexander
649 2486 779 2519 Codebo
816 2487 1008 2530 iampridem
1045 2488 1174 2521 auditor

432 2539 649 2573 Nunciaturae
674 2540 853 2583 praefatae,
874 2546 1015 2583 tuncque
1034 2540 1120 2573 illam
1141 2542 1171 2573 in

470 2604 480 2630 1
503 2601 569 2630 Male
585 2602 649 2630 edit.
668 2602 748 2629 1110111.
764 2602 830 2638 tegit
844 2603 1055 2637 corriperemus
1067 2606 1104 2639 (a.
1123 2604 1172 2639 T.).

1030 207 1211 232 minantum
1236 207 1393 232 ROMANUM

1229 256 1354 290 civitate
1381 256 1572 289 Taurinensi
1603 257 1734 290 nomine
1772 262 1884 290 nostro
1902 257 1969 290 ’011-

1230 310 1441 351 ministrans,
1468 311 1506 344 ab
1532 310 1683 344 omnibus
1708 310 1810 355 ipsius
1835 311 1967 344 'Victorii

1229 364 1359 397 Amedei
1386 364 1486 404 (lucis,
1505 375 1543 397 eo
1571 371 1716 408 tempore
1741 375 1758 397 a
1783 364 1867 398 dicta
1893 365 1969 398 civi-

1228 421 1290 449 tate
1316 417 1456 450 absentis
1474 445 1481 458 ,
1509 417 1674 458 dominiis,
1699 418 1730 450 in
1760 418 1966 450 manifestum

1229 475 1290 502 tani
1317 470 1478 503 clericalis
1514 470 1651 504 ordinis
1673 482 1768 514 quam
1802 471 1965 512 muneris,

1228 523 1313 565 quod
1330 523 1368 556 (10
1388 524 1539 557 mandato
1558 529 1670 557 nostro
1689 524 1876 565 exercebat,
1891 535 1968 557 cou-

1229 578 1392 618 temptum,
1409 576 1562 609 dimissus
1589 577 1662 616 fuit,
1682 577 1844 619 assignato
1863 577 1968 610 eidem

1227 628 1314 662 brevi
1349 629 1485 662 (1110111111
1519 630 1644 662 dierum
1670 630 1810 662 termino
1836 641 1895 673 pro
1921 631 1968 663 di-

1227 691 1336 715 scessu
1374 693 1390 715 a
1416 683 1546 716 civitate
1580 683 1741 726 praefata,
1776 688 1807 716 et
1831 688 1968 728 quatuor

1227 734 1265 767 ab
1292 735 1442 768 universa
1470 736 1544 769 dicti
1572 736 1702 769 victorii
1724 737 1859 770 Amedei
1877 737 1966 770 ducis

1227 788 1361 829 ditione,
1387 800 1426 821 ne
1456 789 1586 833 quidem
1614 789 1659 822 illi
1685 790 1842 833 permissa
1868 790 1966 823 facul-

1227 845 1290 875 tate
1310 853 1369 875 1105
1391 843 1429 876 (10
1449 843 1511 876 1100
1528 843 1590 876 51111
1611 843 1756 876 1111110010
1776 843 1965 877 discedendi

1226 900 1400 938 praecepto
1437 906 1496 938 per
1532 906 1698 930 cursorem
1734 897 1839 930 citatis
1874 897 1966 941 equis

1227 949 1511 981 transmittendum
1537 949 1695 983 certiores
1722 950 1887 991 reddendi,
1910 961 1965 984 no-

1224 1005 1393 1044 strumque
1406 1001 1548 1044 desuper
1559 1012 1751 1045 responsum
1763 1004 1965 1045 expectandi,

1225 1053 1304 1086 itaut
1322 1054 1352 1086 in
1374 1055 1480 1087 locum
1506 1054 1708 1088 Tilliolarum
1730 1062 1964 1099 nuncupatum,

1226 1106 1299 1138 11010
1316 1106 1449 1140 Sanctae
1466 1107 1539 1140 Sedi
1566 1107 1661 1141 etiam
1679 1107 1711 1140 in
1730 1110 1964 1152 temporalibus

1223 1160 1416 1200 subiectum,
1443 1170 1475 1193 se
1501 1161 1648 1204 recipere
1673 1167 1804 1194 coactus
1832 1162 1939 1196 fuerit.

1266 1213 1336 1256 ἓξ).
1364 1214 1419 1246 1115
1458 1215 1609 1247 omnibus
1646 1217 1770 1247 matura
1803 1216 1963 1250 delibera-

1224 1268 1310 1300 tione
1338 1268 1521 1311 perpensis,
1549 1273 1579 1299 et
1604 1267 1775 1311 implorato
1802 1269 1890 1312 prius
1917 1271 1962 1303 (11-

1223 1321 1295 1354 vino
1321 1321 1497 1364 pracsidio,
1525 1321 1575 1354 die
1603 1331 1644 1355 vu
1671 1322 1822 1355 februarii
1849 1333 1960 1357 1111111011

1221 1385 1319 1418 super
1343 1374 1531 1418 praemissis
1566 1375 1715 1408 omnibus
1746 1375 1849 1409 dietae
1874 1376 1958 1409 Con-

1222 1427 1420 1470 gregationis
1446 1428 1670 1469 cardinalium,
1689 1429 1743 1471 qui
1770 1439 1838 1462 rem
1864 1434 1962 1463 totam

1221 1480 1394 1523 diligenter
1413 1492 1447 1514 ac
1466 1487 1591 1514 mature
1606 1492 1714 1514 coram
1732 1482 1826 1515 nobis
1845 1483 1962 1516 discus-

1221 1539 1342 1574 serunt,
1370 1539 1443 1567 vota
1469 1534 1718 1577 exquisivimus,
1746 1535 1851 1578 iisque
1877 1536 1962 1568 audi-

1222 1586 1271 1626 tis,
1298 1597 1414 1619 novum
1442 1587 1528 1619 aliud
1558 1592 1713 1630 paternae
1738 1593 1867 1621 nostrae
1893 1590 1962 1622 1011-

1221 1640 1417 1682 ganimitatis
1454 1640 1716 1683 experimentum
1754 1641 1860 1674 facere
1898 1643 1958 1675 de-

1220 1692 1394 1725 crevimus:
1420 1703 1457 1725 ac
1481 1692 1620 1735 proinde
1646 1699 1774 1726 nostras
1803 1694 1834 1726 in
1860 1695 1960 1728 forma

1220 1747 1326 1779 Brevis
1351 1747 1519 1790 expeditas
1547 1747 1670 1779 litteras
1702 1747 1842 1780 victorio
1868 1749 1961 1782 Α1110-

1219 1801 1278 1833 (100
1305 1800 1376 1833 duci
1399 1800 1664 1843 conscripsimus,
1682 1801 1713 1833 in
1733 1801 1850 1844 quibus
1876 1812 1959 1834 acer-

1219 1853 1383 1886 bissimum
1410 1853 1516 1886 cordis
1541 1854 1642 1886 nostri
1669 1854 1817 1887 dolorem
1843 1855 1884 1887 011
1910 1865 1957 1894 00,

1219 1917 1298 1950 quae
1318 1907 1356 1938 ab
1375 1906 1461 1938 illius
1480 1906 1721 1949 magistratibus
1743 1907 1894 1940 adversus
1908 1918 1958 1940 ee-

1218 1960 1431 1993 clesiasticam
1458 1960 1652 2000 libertatem,
1674 1960 1728 1993 Dei
1750 1961 1956 1994 ordinatione

1218 2019 1250 2045 et
1274 2013 1439 2045 canonicis
1470 2013 1690 2045 sanctionibus
1726 2014 1955 2054 constitutam,

1218 2066 1423 2109 debitamque
1450 2066 1524 2099 111110
1542 2065 1678 2099 Sanctae
1696 2066 1771 2099 Sedi
1789 2068 1957 2100 observan-

1218 2120 1292 2152 tiam
1326 2125 1481 2152 attentata
1516 2120 1654 2161 fuerunt,
1681 2120 1751 2153 fuse
1786 2120 1957 2163 explicavi—

1217 2183 1310 2212 mus;
1339 2183 1475 2215 eumque
1501 2179 1675 2215 propterea
1706 2173 1954 2213 admonuimus,

1217 2226 1400 2268 rogavimus
1433 2230 1529 2268 atque
1555 2225 1816 2266 obsecravimus,
1840 2231 1874 2257 ut
1897 2237 1956 2269 per

1217 2278 1393 2320 egregiam,
1412 2278 1494 2310 etad
1513 2276 1630 2320 magna
1649 2289 1797 2321 quaeque
1816 2289 1851 2311 ac
1868 2289 1955 2322 prae·

1216 2332 1302 2363 clara
1328 2341 1537 2374 propensam,
1570 2341 1665 2373 quam
1691 2332 1824 2364 sortitus
1851 2333 1954 2366 fuerat

1216 2384 1314 2417 animi
1341 2385 1498 2423 indolem,
1524 2394 1582 2426 per
1603 2385 1736 2417 uberem
1755 2395 1832 2427 erga
1849 2385 1953 2428 ipsum

1217 2437 1351 2479 eiusque
1389 2437 1520 2469 domum
1558 2437 1683 2470 divinae
1719 2438 1952 2472 beneticentiae

1217 2490 1348 2530 sontem,
1362 2500 1422 2532 per
1439 2494 1580 2522 veterem
1599 2490 1737 2534 denique
1756 2497 1784 2523 et
1807 2497 1953 2524 constan-

1218 2548 1280 2575 tem
1306 2548 1449 2575 nostram
1476 2543 1507 2575 in
1532 2542 1636 2586 ipsum
1661 2545 1872 2585 voluntatem,
1899 2555 1952 2577 au-

1218 2595 1316 2628 ferret
1340 2596 1469 2629 tandem
1503 2595 1620 2629 malum
1646 2597 1684 2630 de
1711 2597 1807 2631 domo
1831 2597 1926 2631 Israel
1942 2624 1950 2639 ,

1975 208 2028 236 An.
2043 208 2072 236 C.
2091 209 2162 238 1707

2001 1223 2079 1243 Novum
2089 1224 2158 1249 ponti-

1942 1270 1947 1275 ,
1974 1250 2035 1270 tiriae
2063 1250 2157 1276 hagani-

1974 1277 2052 1296 mitatis
2075 1283 2158 1302 experi-

1973 1306 2064 1323 mentum
2088 1306 2108 1323 et
2130 1303 2157 1324 ad

1973 1330 2046 1350 ducein
2074 1331 2158 1352 Sub-iu-

1973 1358 2022 1377 diae
2038 1357 2130 1379 littei-au.
