2269 3203
85 233 137 260 An.
155 230 185 259 C.
207 229 276 258 1720

116 2412 237 2435 Clausulam

908 222 1051 254 cisseimxs
1076 230 1106 253 xi
1134 230 1180 252 rr.

283 291 346 325 quo
371 281 493 313 firmius
510 280 687 314 subsistant
714 284 746 313 et
765 284 933 312 serventur
951 289 1022 310 exa-

281 335 374 374 ctius,
400 335 595 378 apostolicae
617 333 873 367 confirmationis
890 337 1021 365 nostrae

280 388 465 430 patrocinio
484 387 678 421 communiri
698 386 872 430 plurimum
899 386 1022 419 deside-

282 447 347 474 ret:
377 451 446 481 nos,
473 441 648 484 specialem
679 439 739 482 ipsi
765 439 880 472 Carolo
907 439 1021 471 Iacobo

281 493 431 526 ministro
459 493 604 535 generali
624 492 758 535 gratiam
786 492 890 524 facere
916 493 1021 524 volen-

282 552 342 585 tes,
353 556 491 589 eumque
506 557 522 578 a
538 544 704 588 quibusvis
719 544 1023 577 excommunicatio-

281 599 348 639 nis,
373 598 598 642 suspensionis
625 602 657 630 el.
683 597 857 636 interdicti,
885 597 1021 641 aliisque

281 651 511 685 ecelesiasticis
532 650 713 690 sententiis,
732 651 880 684 censuris
900 656 931 683 et
945 661 1022 694 poe-

281 705 352 745 nis,
377 717 394 738 a
419 705 489 737 iure
515 704 561 738 vel
588 704 627 736 ab
654 704 807 743 bomine,
835 705 945 748 quavis
972 716 1023 737 oc-

281 759 408 792 casione
435 759 484 791 vel
510 760 608 791 causa
634 757 723 797 latis,
750 757 774 789 si
802 758 919 801 quibus
945 769 1023 801 quo-

281 811 459 845 modolibet
481 811 656 844 innodatus
678 810 796 851 existit,
819 811 858 844 ad
874 810 1022 843 ellectum

280 863 501 907 praesentium
527 864 693 896 dumtaxat
726 864 991 906 consequendum
1014 891 1021 903 ‚

281 918 396 950 barum
433 917 518 950 serie
551 917 758 950 absolventes
792 923 824 950 et
859 918 1023 950 absolutas

283 971 350 1004 l'ore
376 976 561 1009 censentes,
589 970 885 1013 supplicationibus
913 981 1023 1002 eorum

282 1023 415 1057 nominc
434 1023 531 1056 nobis
551 1033 650 1066 super
675 1023 737 1056 lioc
763 1023 933 1056 humiliter
953 1034 1024 1066 por-

282 1076 379 1109 rectis
399 1076 561 1115 inclinati,
581 1076 619 1108 de
636 1075 871 1109 venerabilium
891 1076 1023 1108 l'ratrum

282 1135 467 1163 nostrorum
487 1128 517 1161 S.
536 1128 573 1162 R.
593 1128 627 1161 E.
648 1129 862 1161 cardinalium
883 1129 1024 1171 negotiis

283 1189 314 1215 et
339 1182 632 1216 consultationibus
657 1182 890 1225 episcoporum
917 1188 946 1215 et
974 1193 1023 1215 re-

282 1236 440 1278 gularium
458 1236 732 1279 praepositorum,
754 1236 808 1279 qui
830 1236 1022 1269 relationem

283 1289 392 1323 dilecti
418 1288 475 1322 filii
502 1289 605 1321 nostri
625 1289 758 1332 Iosephi
784 1289 931 1322 eiusdem
950 1300 1023 1321 san-

282 1347 352 1375 etae
379 1342 545 1374 Romanae
570 1341 734 1375 Ecclesiae
754 1342 927 1375 cardinalis
953 1342 1023 1374 Val-

281 1394 401 1429 lemani
436 1394 637 1438 nuncupati,
665 1395 741 1428 dieti
774 1394 903 1428 Ordinis
937 1396 1021 1438 apud

282 1459 341 1482 nos
368 1452 399 1481 et
423 1447 540 1481 Sedem
566 1448 787 1491 Apostolieam
813 1448 1020 1491 protectoris,

283 1506 314 1534 et
338 1501 473 1534 alteram
512 1501 622 1534 dilecti
661 1501 756 1534 etiam
793 1500 847 1535 filii
874 1502 1022 1534 moderni

283 1554 504 1597 procuratoris
543 1555 703 1597 generalis
741 1554 870 1588 Ordinis
908 1555 1023 1587 buius-

283 1608 382 1647 modi,
402 1613 496 1651 atque
515 1608 712 1641 documenta
734 1609 878 1641 exhibita
897 1614 1023 1641 mature

284 1661 543 1705 perpenderunt,
564 1661 712 1701 consilio,
739 1661 869 1694 decreta
895 1662 1022 1705 praein-

284 1720 388 1755 serta‚
415 1724 502 1747 nono
528 1714 694 1747 dumtaxat
725 1721 859 1758 excepto
876 1742 883 1755 ‚
908 1715 1024 1747 confir-

283 1767 402 1800 mando
428 1777 530 1810 usque
562 1768 600 1800 ad
628 1767 773 1810 proxime
800 1768 939 1800 futurum
966 1778 1020 1800 ca-

284 1821 421 1864 pitulum
448 1822 602 1864 generale
628 1820 756 1853 Ordinis
782 1821 962 1864 praedicti,
989 1832 1024 1854 ac

283 1875 316 1906 in
341 1873 490 1917 proxime
512 1879 649 1907 venturo
669 1874 815 1916 generali
835 1874 1022 1907 definitorio

283 1927 400 1960 iterum
420 1927 458 1959 ad
485 1927 639 1960 trutinam
660 1927 858 1967 reducendo,
885 1928 1024 1960 auctori-

285 1986 348 2013 tate
366 1980 551 2023 apostolica,
569 1984 683 2013 tenore
701 1981 934 2023 praesentium,
952 1992 1025 2014 eon-

283 2032 446 2065 [irmamus
470 2039 501 2066 et
519 2033 751 2076 approbamus,
774 2034 904 2077 illisque
923 2033 1024 2067 invio-

283 2086 390 2120 labilis
410 2087 607 2129 apostolieae
622 2086 783 2120 firn‘iitatis
802 2087 901 2120 robur
919 2087 1023 2120 adiici-

283 2151 369 2180 mus,
388 2152 424 2174 ac
443 2151 556 2174 omnes
574 2146 604 2174 et
630 2141 776 2183 singulos
801 2141 881 2173 iuris
899 2146 930 2173 et
947 2141 1023 2174 sacti

284 2194 450 2234 desectus,
477 2194 503 2227 si
530 2194 583 2238 qui
611 2194 751 2237 desuper
777 2194 1024 2237 quomodolibet

284 2246 540 2287 intervenerint,
566 2249 777 2290 supplemus:
804 2248 890 2280 salva
917 2253 1022 2280 tamen

285 2309 412 2342 semper
443 2300 475 2332 in
508 2300 694 2344 praemissis
720 2299 912 2333 auctoritate
943 2299 1024 2332 Con-

285 2353 481 2395 gregationis
508 2354 695 2387 eorumdem
721 2353 945 2387 cardinalium.

328 2405 343 2448 ξ,
367 2405 398 2438 3.
417 2405 636 2439 Decernentes
654 2407 859 2450 praeinserta
881 2407 1021 2447 decreta,

285 2469 320 2491 ae
346 2458 477 2491 easdem
509 2466 700 2502 praesentes
732 2460 877 2499 litteras,
908 2459 1023 2499 firma,

284 2510 390 2544 valida
415 2516 445 2543 et
470 2512 611 2545 efficacia
630 2513 767 2546 existere
786 2519 816 2546 et
834 2513 910 2552 sore,
930 2523 1023 2546 suos-

284 2574 346 2608 que
363 2564 527 2607 plenarios
546 2571 577 2598 et
594 2566 740 2609 integros
758 2566 906 2607 effectus,
925 2573 984 2600 etc.
1000 2567 1019 2599 ¹.

317 2626 331 2654 1
354 2625 470 2664 Reliqua
491 2630 520 2653 ut
539 2634 621 2662 supra
639 2635 700 2663 pag.
721 2627 773 2655 703
793 2636 811 2655 α
829 2632 868 2663 (a.
885 2628 935 2664 T.).

1703 219 1766 254 8:39
1813 230 1864 255 An.
1882 229 1909 257 C.
1934 230 2002 257 two

1109 278 1168 310 ³4.
1191 277 1258 310 Non
1286 276 1494 310 obstantibus
1516 278 1806 310 constitutioniluls

1064 337 1094 363 et,
1119 331 1383 363 ordinationibus
1402 329 1600 372 apostolicis,
1624 342 1672 368 ac,
1696 336 1807 372 ‹putte-

1065 395 1124 418 nus
1144 395 1225 428 opus
1251 385 1300 423 sit,
1321 383 1397 416 dieti
1423 382 1560 421 Ordinis,
1584 382 1718 425 eiusque
1737 394 1808 426 pro-

1065 438 1242 470 vinciarum
1276 443 1306 469 et
1340 441 1557 469 conventuum
1588 436 1802 478 quorumvis,

1065 491 1176 524 aliisve
1196 489 1372 533 quibusvis,
1396 489 1492 522 etiam
1514 489 1704 529 iuramento,
1718 487 1804 521 etc-f.

1109 545 1123 587 ἓ
1156 543 1187 575 5.
1224 543 1378 576 Volumus
1411 548 1516 575 autem
1549 548 1583 574 ut
1618 542 1807 574 earumdem
1860 555 1919 573 ων,-
1947 557 2002 573 mn-

1065 596 1287 641 praesentium
1307 597 1487 629 litterarum
1501 595 1720 639 transumptis
1733 584 1955 628 etc.'¹'¹¹'''¹'''''¹¹''''

1110 650 1223 681 Datum
1249 649 1380 687 Romae,
1397 649 1481 691 apud
1509 648 1539 681 S.
1563 647 1694 681 Mariam
1715 647 1810 680 Maio-

1068 714 1158 742 rem,
1196 703 1256 734 sub
1295 703 1417 734 annulo
1452 702 1644 741 piscatoris,
1680 701 1731 734 die
1765 711 1808 734 vu

1067 756 1140 789 maii
1176 765 1329 795 uncum,
1368 755 1576 798 pontificatus
1609 755 1712 788 nostri
1747 765 1807 787 an-

1068 821 1109 843 no
1135 820 1184 843 xx.

1103 872 1164 898 Dat.
1182 872 1227 898 die
1242 872 1255 899 7
1273 871 1338 898 maii
1357 871 1434 904 1720,
1452 871 1551 906 pontif.
1569 879 1642 898 auno
1659 879 1702 897 xx.

1108 296 1122 321 el

1887 291 1965 314 lli-roga
1972 294 1999 309 tiu

1818 320 1968 336 ciuili-titulatur

1346 1014 1522 1048 CCLXXIV.

1070 1094 1316 1136 Confirmanlnr
1340 1094 1503 1137 quaedum
1521 1094 1648 1127 decreta
1673 1094 1812 1137 capituli

1111 1148 1275 1190 yeneralis
1303 1148 1571 1190 Cotislreqatiom‘s
1596 1148 1627 1180 S.
1651 1147 1812 1180 Bernurdi

1114 1201 1148 1233 in
1174 1201 1342 1244 Hispania
1367 1200 1405 1232 cle
1437 1201 1608 1233 lectoribus
1637 1204 1666 1233 et
1690 1200 1812 1232 concio-

1111 1253 1284 1286 natoribus
1298 1253 1318 1285 ³.

1285 1334 1421 1361 Clemens
1443 1334 1524 1367 Papa
1538 1334 1589 1365 xl,

1207 1378 1243 1404 ad
1264 1377 1399 1404 futuram
1419 1378 1464 1405 rei
1486 1378 1668 1405 memoriam.

1110 1449 1152 1481 Ex
1179 1449 1315 1482 iniuncti
1342 1450 1437 1482 nobis
1460 1450 1614 1483 divinitus
1635 1451 1807 1494 pastoralis
1849 1460 1968 1480 {iwannu-

1067 1502 1298 1542 officiidebito,
1316 1503 1381 1543 illa,
1402 1513 1485 1546 quae
1505 1514 1563 1546 pro
1583 1503 1667 1536 felici
1687 1514 1810 1543 eorum,

1068 1556 1121 1600 qui
1148 1555 1303 1589 Altissinii
1326 1555 1493 1599 obsequiis
1514 1557 1573 1589 sub
1592 1557 1679 1590 suavi
1701 1568 1811 1593 mona-

1067 1609 1165 1641 sticae
1191 1609 1275 1641 vitae
1309 1608 1386 1651 iugo
1413 1609 1588 1652 mancipati
1615 1616 1698 1649 sunt,
1727 1610 1811 1653 regi-

1068 1662 1154 1695 mine
1176 1667 1207 1694 et
1233 1661 1390 1704 gubernio
1409 1662 1542 1704 provide
1561 1663 1810 1707 prudenterque

1068 1716 1151 1747 saeta
1187 1725 1257 1748 esse
1285 1720 1475 1754 noscuntur,
1503 1721 1536 1747 ut
1562 1716 1653 1749 firma
1678 1727 1808 1759 semper

1068 1771 1166 1810 atque
1185 1767 1336 1800 inviolata
1355 1768 1545 1811 persistant,
1566 1768 1719 1808 libenter,
1737 1780 1810 1802 eum

1068 1821 1099 1853 id
1126 1830 1142 1852 a
1160 1820 1254 1852 nobis
1277 1820 1408 1863 petitur,
1430 1821 1599 1864 apostolici
1618 1821 1809 1855 muniminis

1068 1872 1170 1905 nostri
1196 1872 1361 1915 praesidio
1388 1874 1592 1907 roboramus.

1111 1927 1125 1969 ξ
1150 1925 1181 1958 ·’1.
1214 1925 1338 1968 Exponi
1376 1926 1539 1969 siquidem
1577 1927 1669 1960 nobis
1705 1938 1810 1971 nuper
1868 1936 2004 1956 merciorum

1070 1979 1142 2012 feeit
1168 1979 1306 2012 dilectus
1342 1979 1426 2012 silius
1452 1980 1629 2014 modernus
1653 1968 2005 2025 procura·{fi¹.¹÷'.',.„3ss'.⁰ss'„‘„2¹‡

1069 2038 1120 2065 tor
1145 2033 1306 2075 generalis
1340 2033 1373 2065 in
1409 2033 1554 2067 Romana
1579 2034 1674 2067 Curia
1699 2017 1916 2068 mona-“mm

1068 2086 1204 2118 chorum
1231 2085 1502 2129 Congregationis
1527 2087 1558 2121 S.
1580 2088 1736 2121 Bernardi
1755 2089 1810 2122 Hi-

1068 2139 1200 2182 spaniae
1226 2139 1356 2172 Ordinis
1382 2140 1629 2181 Cistereiensis‚
1657 2147 1719 2174 tam
1748 2152 1808 2174 suo

1068 2202 1164 2235 quam
1182 2192 1376 2226 dilectorum
1395 2192 1536 2227 filiorum
1562 2192 1688 2227 abbatis
1715 2205 1810 2238 gene·

1068 2244 1144 2278 ralis
1164 2251 1195 2278 et
1213 2245 1310 2278 totius
1327 2245 1505 2279 definitorii
1524 2247 1712 2290 praedictae
1730 2247 1810 2281 Con-

1104 2318 1113 2343 l
1138 2316 1254 2352 Reliqua
1274 2321 1302 2343 ut
1322 2325 1382 2352 pag.
1405 2317 1456 2344 703
1475 2326 1492 2343 α
1513 2318 1552 2351 (R.
1569 2318 1618 2352 T.).

1102 2361 1118 2387 ⁹2
1139 2361 1253 2396 Reliqua
1274 2365 1301 2387 ut
1324 2370 1384 2396 pag.
1407 2362 1457 2388 704
1478 2371 1496 2387 a
1517 2363 1552 2395 (R.
1570 2368 1618 2393 T.).

1101 2407 1116 2433 3
1138 2407 1229 2433 const.
1247 2406 1288 2433 ed.
1305 2413 1434 2441 nocens,
1452 2407 1495 2434 die
1511 2407 1526 2433 3
1543 2408 1645 2442 aprilis,
1664 2411 1737 2443 pont.
1755 2415 1808 2438 xlx,

1066 2455 1138 2478 extat
1159 2451 1297 2477 decretum
1320 2452 1353 2477 de
1374 2451 1507 2478 electione
1523 2453 1696 2487 superiorum
1717 2453 1809 2485 singu-

1066 2496 1097 2522 lis
1117 2496 1258 2527 sexennii;
1281 2500 1307 2521 et
1329 2496 1465 2522 Benedicti
1487 2496 1547 2523 Xlll
1576 2496 1717 2523 constitut.
1741 2495 1806 2522 edit.

1065 2545 1229 2571 nnccxxvm,
1250 2539 1295 2565 die
1315 2539 1349 2565 ΞΟ
1368 2539 1534 2572 decembris,
1555 2540 1650 2575 pontis.
1673 2546 1698 2573 ν,
1719 2539 1808 2574 agitur·

1065 2584 1098 2610 de
1118 2583 1309 2611 distributione
1325 2584 1478 2611 officiorum
1495 2585 1521 2611 in
1535 2584 1749 2619 Congregatione
1765 2583 1808 2612 Ci-

1065 2628 1205 2656 sterciensi
1226 2628 1368 2656 Castellae.
