2269 3203
245 206 295 234 Λῃ.
318 205 346 234 c.
366 206 435 234 1703
482 198 524 233 90

439 267 491 297 ne,
517 258 629 302 quavis
654 258 825 292 occasione
850 259 899 293 vel
925 260 1019 292 eausa
1044 259 1128 300 latis,
1157 259 1182 292 si

440 311 559 355 quibus
578 313 827 356 quomodolibet
843 313 1016 346 innodatae
1035 313 1183 352 existunt,

440 365 479 398 ad
506 365 653 399 effectum
679 366 902 410 praesentium
924 366 1090 399 dumtaxat
1107 376 1184 398 eon-

440 419 656 462 sequendnm,
676 419 791 452 harum
814 420 897 452 serie
923 420 1129 453 absolventes
1154 424 1184 451 et

441 470 608 505 absolutas
633 472 701 505 stre
727 477 911 513 censentes,
938 471 1185 515 supplicationi-

440 524 501 557 bus
527 535 637 558 eorum
656 525 788 558 nomine
814 525 909 558 nobis
927 535 1026 568 super
1042 525 1104 557 hoc
1124 524 1184 557 hu-

441 577 564 611 militer
599 578 758 622 porrectis
796 578 950 618 inclinati,
976 577 1127 610 omnibus
1153 582 1185 609 ct

442 631 580 674 singulis
598 636 796 664 memoratae
814 630 1091 664 confraternitatis
1109 640 1185 663 con-

442 684 594 717 fratribus
630 690 662 717 et
697 684 928 718 consororibus
953 684 1183 727 praesentibus

442 742 473 770 et
499 737 622 778 futuris,
641 742 675 770 ut
690 737 907 780 indulgentias
926 742 957 770 et
975 743 1183 780 peecatorum

442 791 654 825 remissiones
685 802 721 824 ae
751 791 1027 834 poenitentiarum
1061 792 1185 825 relaxa-

444 845 548 878 tiones
573 844 764 888 praedietas,
790 855 870 887 quas
902 844 940 878 de
966 849 1074 878 cetero
1100 856 1181 878 con-

443 898 542 931 secuti
570 898 699 938 fuerint,
728 897 988 931 christifidelium
1016 898 1185 932 defuncto-

443 962 512 984 rum
550 951 729 992 animabus,
760 963 841 995 quae
867 952 931 986 Deo
968 952 999 985 in
1026 953 1184 987 charitate

442 1005 633 1038 coniunctae
652 1005 691 1037 ab
710 1005 770 1038 hae
789 1006 859 1038 luce
884 1005 1108 1048 migraverint,
1127 1018 1185 1050 per

442 1059 572 1091 modum
597 1058 741 1101 suffragii
775 1059 939 1102 applicare
965 1060 1067 1093 libere
1093 1066 1125 1094 et
1150 1061 1185 1094 li-

443 1111 504 1144 cite
522 1112 651 1155 possint
677 1117 707 1144 et
724 1112 861 1151 valeant,
879 1111 964 1145 dicta
982 1114 1184 1155 auctoritate,

444 1170 555 1197 tenore
581 1165 825 1208 praesentium,
852 1166 1059 1199 concedimus
1085 1172 1116 1199 et
1136 1167 1184 1200 in-

443 1218 638 1260 dulgemus3
658 1218 690 1250 in
710 1218 911 1251 contrarium
938 1230 1004 1252 non
1029 1219 1185 1253 obstanti-

441 1272 502 1304 bus
520 1271 778 1315 qnibuscumque
797 1283 803 1311 ;
824 1273 1048 1315 praesentibus
1069 1284 1185 1318 perpe-

443 1325 506 1357 tuis
532 1325 647 1357 futuris
676 1326 875 1369 temporibus
902 1327 1058 1360 valituris.

486 1379 598 1412 Datum
622 1379 752 1420 Romae,
779 1380 863 1423 apud
890 1380 921 1414 S.
941 1381 1072 1414 Mariam
1089 1381 1186 1414 Maio-

443 1443 522 1472 rem,
540 1433 598 1465 sub
620 1434 740 1466 annulo
760 1432 944 1474 piscatoris,
965 1434 1016 1467 die
1041 1445 1118 1468 xxiii
1144 1434 1185 1467 iu-

444 1486 488 1519 nii
514 1496 651 1526 MDCCHI,
671 1486 879 1530 pontificatus
898 1488 1001 1522 nostri
1023 1499 1109 1522 anno
1134 1499 1182 1523 111.

478 1549 539 1576 Dat.
561 1548 604 1575 die
624 1549 657 1576 ⁶23
677 1549 744 1576 iunii
765 1549 845 1585 1703,
868 1550 964 1585 pontif.
988 1559 1058 1578 anno
1075 1557 1112 1578 111.

788 1668 836 1700 Ll.

441 1737 638 1770 Declaratur
671 1742 848 1781 competere
878 1739 988 1782 primo
1020 1739 1187 1772 assistenti

487 1791 756 1834 Conqreqationis
779 1791 949 1824 missionis
980 1793 1031 1825 ius
1053 1793 1183 1836 praesi-

486 1844 583 1876 dendi
619 1845 654 1876 in
689 1846 839 1887 uenerati
874 1850 1050 1884 conventu,
1087 1846 1185 1879 etiam

487 1898 618 1941 quando
662 1899 814 1941 supprior
858 1899 1024 1942 yeneralis
1065 1910 1187 1933 ‘inimus

487 1963 583 1984 suum
607 1952 750 1985 dimittit
774 1952 795 1985 ¹.

657 2024 795 2052 Clemens
817 2025 897 2059 Papa
916 2026 965 2058 xi,

582 2068 617 2094 ad
637 2068 773 2096 futuram
793 2070 837 2096 rei
858 2070 1040 2097 memoriam.

251 2135 435 2182 „÷f.*.12⁶75'.{.'.'-¹1'l⁰.2
483 2130 497 2173 ἓ
515 2129 540 2162 l.
555 2129 735 2171 Cum,sieut
746 2132 939 2176 accepimus.
952 2133 1091 2166 dilectus
1102 2132 1187 2167 filius

252 2177 436 2240 ξἰζνωώᾞξιιιιιῇξ
447 2183 622 2216 modernus
647 2185 798 2227 superior
823 2186 986 2228 generalis
1007 2185 1188 2230 Congrega-

252 2248 285 2261 ἰω
329 2242 435 2261 a<-·³·0‹=¹i
448 2235 545 2268 tionis
568 2237 830 2281 presbyterorum
856 2239 1021 2273 Missionis
1047 2239 1186 2273 officium

253 2274 272 2287 in
289 2268 382 2292 pluribus
402 2274 436 2288 ca·

253 2295 326 2316 uiuus.
342 2295 377 2313 w*
396 2299 538 2321 ¹¹0¹=suum
562 2289 595 2322 in
617 2296 776 2324 conventu
797 2293 943 2335 generali
964 2304 1025 2337 per
1050 2305 1122 2327 eum
1148 2295 1186 2328 ad

253 2320 342 2340 rvsurmr
376 2326 436 2341 casus

253 2353 353 2398 Elim?
374 2341 479 2397 gpffl‘ssid
506 2349 681 2376 convocato
708 2344 872 2378 dimittere
900 2346 1064 2387 intendat,
1093 2359 1129 2381 ae
1156 2348 1187 2380 in

449 2405 498 2435 eo,
513 2398 621 2429 secuta
645 2397 833 2432 dimissione
855 2400 1053 2442 huiusmodi,
1070 2402 1187 2435 electio

253 2400 304 2419 ratis
327 2402 437 2430 renunciat

253 2431 301 2446 mun
311 2432 334 2446 'lt
350 2433 396 2447 ztir).

484 2486 492 2510 t
518 2483 554 2511 De
569 2485 759 2513 assistentibus
775 2488 834 2514 vide
855 2489 1005 2516 lnnocentii
1027 2489 1057 2516 Xl
1078 2491 1188 2517 constit.

446 2528 511 2555 edit.
532 2535 674 2564 nnetxxix,
701 2531 743 2558 die
764 2533 778 2558 5
798 2532 874 2565 iunii,
896 2534 990 2569 pontif.
1012 2541 1062 2568 11¹3
1092 2539 1119 2562 et
1139 2535 1188 2562 Be-

446 2572 547 2599 nedicti
561 2573 618 2600 Xlll
638 2578 723 2603 const.
740 2576 804 2603 edit.
822 2584 979 2614 nuceum,
995 2579 1038 2607 die
1061 2580 1093 2607 15
1112 2579 1189 2613 iunii,

447 2617 543 2652 pontif.
565 2625 602 2646 iv.

1015 211 1196 235 BFLLARH'M
1221 211 1375 236 Romami

1226 259 1334 292 vicarii
1356 270 1414 293 seu
1439 259 1512 293 novi
1532 259 1711 303 superioris
1729 260 1893 303 generalis
1914 259 1967 296 die

1227 322 1255 345 vi
1275 312 1402 355 augusti
1421 312 1567 356 proxime
1585 312 1714 345 venturi
1734 312 1802 346 fieri
1825 313 1964 355 debeat;

1228 365 1259 397 in
1285 364 1575 398 constitutionibus
1601 376 1676 399 vero
1702 365 1806 400 dictae
1824 366 1967 410 Congre-

1228 418 1367 460 gationis
1394 418 1501 461 primo
1528 419 1657 462 quidem
1683 419 1848 453 assistenti
1873 432 1968 465 supe-

1228 471 1323 504 rioris
1348 472 1510 513 generalis
1532 472 1674 506 eiusdem
1696 472 1966 517 Congregationis

1229 524 1361 558 facultas
1387 526 1599 568 praesidendi
1630 527 1806 561 conventui
1832 528 1967 572 deputa-

1230 582 1334 611 torum
1367 579 1406 611 ad
1443 579 1596 613 vicarium
1632 582 1818 623 generalem
1843 582 1967 625 eligen-

1229 631 1328 670 dum,
1362 643 1437 665 casu
1476 644 1540 676 quo
1573 633 1642 677 ipse
1677 634 1828 678 superior
1861 646 1964 678 gene-

1229 685 1304 718 ralis
1325 692 1462 730 propter
1486 687 1706 721 infirmitatem
1733 688 1823 722 illum
1845 690 1967 733 eligere

1228 745 1369 782 nequeat
1387 744 1440 771 aut
1466 740 1557 780 nolit,
1577 741 1626 774 vel
1645 741 1683 774 ah
1702 742 1809 775 officio
1836 754 1893 776 sno
1912 744 1968 777 de-

1228 792 1406 835 putandus*
1426 794 1478 834 sit,
1499 801 1553 826 aut
1570 805 1637 827 non
1655 795 1821 829 nominato
1848 795 1967 830 vicario

1227 846 1373 889 generali
1386 847 1425 880 ab
1443 847 1594 880 humanis
1613 847 1801 889 decesserit,
1814 861 1968 884 concessa

1229 901 1370 943 legatur,
1391 901 1458 942 sed,
1481 901 1553 945 quis
1570 901 1655 935 dicto
1674 903 1847 936 conventui
1874 915 1969 947 gene-

1229 954 1298 992 rali,
1317 955 1486 998 superiore
1505 955 1650 999 generali
1668 957 1775 990 adbuc
1801 957 1831 990 in
1853 958 1968 992 huma-

1229 1008 1277 1041 nis
1292 1013 1408 1051 agente
1428 1015 1459 1042 et
1477 1009 1616 1043 officium
1627 1011 1755 1043 seeum’
1773 1011 1968 1052 dimittente,

1228 1061 1418 1105 praesidere
1456 1063 1593 1103 debeat,
1620 1074 1680 1107 per
1715 1064 1967 1098 constitutiones

1228 1115 1412 1159 praedictas
1427 1127 1581 1160 expresse
1596 1122 1722 1150 cautum
1733 1117 1865 1151 minime
1881 1129 1969 1162 repe-

1228 1169 1337 1209 riatur,
1350 1180 1409 1202 nec
1420 1169 1534 1204 similis
1547 1181 1638 1203 casus
1652 1181 1794 1214 unquam
1809 1171 1967 1205 evenerit:

1272 1223 1336 1266 5⁶2.
1359 1223 1432 1263 Nos,
1452 1223 1622 1267 cupientes
1649 1229 1683 1256 ut
1708 1229 1887 1258 conventus
1913 1236 1968 1268 ge-

1229 1277 1351 1310 neralis
1377 1277 1565 1310 huiusmodi
1592 1282 1680 1311 reete
1706 1282 1739 1311 et
1763 1278 1902 1312 feliciter
1928 1279 1968 1313 ad

1229 1330 1285 1363 Dei
1311 1330 1449 1373 gloriam
1476 1336 1508 1364 et
1533 1326 1722 1375 praedictae
1743 1331 1971 1376 Congregatio-

1229 1384 1278 1417 nis
1311 1383 1487 1417 utilitatem
1519 1385 1713 1426 celebretur,
1734 1390 1766 1419 et
1791 1386 1852 1419 hac
1876 1386 1909 1419 in
1934 1397 1970 1420 re

1229 1438 1334 1471 omnis
1360 1438 1528 1472 dubitandi
1555 1440 1682 1473 occasio
1703 1440 1842 1480 tollatur,
1861 1451 1897 1474 ac
1915 1440 1973 1475 de³

1229 1492 1337 1525 dilecti
1360 1491 1416 1526 filii
1443 1492 1579 1526 Mauritii
1599 1492 1716 1534 Faure,
1740 1493 1793 1538 qui
1817 1493 1866 1537 (ut
1886 1494 1973 1538 pari-

1230 1551 1278 1579 ter
1295 1545 1492 1589 accepimus)
1510 1546 1606 1590 primi
1628 1546 1811 1581 assistentis
1826 1547 1972 1581 eiusdem

1228 1599 1377 1633 moderni
1395 1600 1574 1644 superioris
1592 1600 1754 1643 generalis
1778 1611 1915 1635 munere
1933 1601 1972 1635 de

1228 1653 1395 1696 praesenti
1421 1653 1576 1697 fungitur,
1594 1653 1668 1694 fide,
1687 1655 1870 1698 prudentia,
1897 1654 1973 1689 cha-

1230 1706 1334 1747 ritate,
1360 1706 1528 1750 vigilantia
1559 1712 1592 1740 et
1622 1707 1812 1751 integritate
1843 1709 1973 1751 plenam

1229 1760 1387 1793 habentes
1412 1760 1444 1793 in
1470 1759 1605 1794 Domino
1635 1760 1797 1802 fiduciam,
1831 1771 1971 1805 eumque

1230 1825 1247 1846 a
1271 1813 1435 1857 quibusvis
1461 1814 1819 1855 excommunicationis,
1837 1825 1973 1858 suspen-

1230 1866 1330 1900 sionis
1346 1872 1377 1900 et
1393 1866 1566 1907 interdicti,
1585 1867 1721 1911 aliisque
1740 1867 1971 1901 ecclesiasticis

1229 1920 1407 1961 sententiis,
1433 1920 1577 1953 eensuris
1597 1925 1629 1953 et
1645 1920 1769 1964 poenis
1789 1932 1806 1954 a
1830 1921 1900 1954 iure
1921 1922 1972 1955 vel

1230 1974 1268 2007 ab
1295 1974 1441 2015 homine,
1468 1973 1578 2017 quavis
1598 1973 1766 2007 occasione
1797 1974 1848 2007 vel
1880 1976 1974 2008 causa

1231 2026 1311 2067 latis,
1330 2027 1355 2060 si
1381 2027 1500 2071 quibus
1526 2027 1778 2070 quomodolibet
1798 2027 1972 2061 innodatus

1231 2081 1350 2121 existit,
1366 2081 1405 2113 ad
1429 2079 1577 2114 effectum
1602 2081 1827 2124 praesentium
1849 2081 1973 2114 dumta-

1231 2141 1282 2168 xat
1307 2134 1580 2178 consequendum,
1609 2134 1724 2167 harum
1760 2134 1843 2168 serie
1869 2134 1974 2168 absol-

1231 2194 1342 2221 ventes
1355 2193 1385 2221 et
1402 2188 1586 2220 absolutum
1604 2188 1674 2221 fore
1684 2193 1867 2228 censentes,
1881 2193 1971 2221 motu

1232 2241 1377 2286 proprio,
1399 2252 1434 2274 ac
1451 2252 1487 2275 ex
1514 2243 1602 2274 certa
1628 2241 1764 2274 seientia
1789 2246 1822 2274 et
1846 2242 1974 2275 matura

1232 2294 1468 2329 deliberatione
1494 2294 1623 2334 nostris,
1646 2294 1751 2338 deque
1773 2293 1973 2338 apostolicae

1231 2348 1399 2392 potestatis
1426 2346 1656 2391 plenitudine,
1684 2347 1833 2380 eumdem
1858 2346 1974 2380 Mauri-

1258 2446 1270 2472 1
1286 2445 1349 2479 Leg.
1365 2444 1546 2479 deponendus
1558 2451 1606 2479 pro
1617 2443 1858 2478 deputandusmti
1870 2446 1975 2472 constat

1232 2499 1262 2518 ex
1275 2488 1515 2517 constitutionibus
1531 2488 1616 2524 ipsius
1631 2488 1865 2524 CongregationiS.
1882 2497 1942 2525 cap.
1954 2497 1974 2517 11

1232 2535 1245 2571 ς
1261 2543 1287 2568 ν,
1299 2541 1325 2561 vi
1338 2538 1364 2560 et
1375 2539 1423 2567 vit,
1435 2541 1503 2569 quas
1514 2541 1580 2568 prae
1595 2533 1721 2560 manibus
1732 2533 1864 2562 hahemus
1875 2538 1912 2569 (n.
1925 2534 1972 2568 τ.).

1267 2580 1283 2606 2
1304 2578 1394 2605 Potius
1414 2578 1472 2613 lege
1491 2586 1576 2605 suum
1594 2579 1634 2612 (n.
1649 2578 1697 2613 τ.).

1269 2623 1284 2651 3
1305 2623 1457 2659 Praeposit.
1474 2623 1508 2650 de
1528 2630 1577 2651 nos
1593 2621 1716 2651 addimus
1730 2624 1770 2660 (n.
1786 2623 1836 2660 T.).

1973 212 2024 240 An.
2041 212 2070 241 C.
2094 212 2162 244 ¹703

2018 1231 2128 1257 Declarat,
2140 1234 2164 1253 ut

1982 1259 2001 1279 in
2015 1259 2109 1281 rubrica.
