2269 3203
235 186 286 214 An.
303 187 333 215 c.
356 187 423 215 1714
469 178 533 212 61⁶2

257 1367 339 1388 Causae
354 1371 414 1392 prae·

230 1398 295 1414 seniis
315 1395 415 1414 coustitu-

230 1422 301 1442 tionis.

431 243 517 270 tores
535 242 566 270 et
586 243 784 272 mercatores
810 238 970 272 vendendi
989 250 1005 272 a
1024 244 1169 283 tempore

429 290 542 323 messis
560 296 592 324 et
617 292 860 326 recollectionis
885 302 989 336 usque
1007 293 1045 325 ad
1060 292 1171 325 kalen-

430 343 486 376 das
505 344 611 377 martii
637 345 814 378 cuiuslibet
838 345 913 378 anni
939 355 1097 378 summam
1125 345 1170 377 iu-

430 396 549 430 liorum
576 397 960 441 quinquagintaquinque
986 398 1017 430 in
1043 398 1170 441 singula

429 450 528 483 rubra
552 461 617 483 non
644 451 846 491 excessisset,
873 452 1019 494 quintam
1045 457 1169 494 partem

431 503 529 536 totius
555 504 705 536 frumenti
740 515 799 547 per
832 504 918 546 ipsos
944 504 1057 537 eodem
1083 515 1168 537 anno

430 556 616 598 recollecti,
651 557 792 590 deducto
820 562 924 590 tamen
958 558 1103 598 semine,
1129 558 1169 591 ad

429 610 561 652 quaevis
575 610 658 649 loca,
669 615 800 652 praeter
815 609 994 643 infidelium
1007 615 1038 643 et
1049 610 1123 643 SR.
1134 610 1166 643 Ε.

428 661 594 701 hostium,
632 664 716 695 terra
742 663 887 706 marique
922 663 1026 696 libere
1057 668 1165 696 extra-

428 714 528 747 hendi
555 719 587 747 et
612 716 873 759 transponendi,
900 727 956 749 seu
983 716 1110 749 extrahi
1137 721 1169 750 et

427 768 641 811 transportari
668 768 819 809 faciendi,
834 769 1017 802 facultatem
1035 780 1168 803 eonces-

427 820 483 861 sit,
509 821 645 864 praevio
672 826 778 855 tamen
804 822 1029 866 chirographo
1055 824 1093 856 ab
1120 833 1168 857 eo-

427 873 501 906 dem
528 874 627 908 Paulo
645 875 903 918 praedecessore
929 876 1164 918 subsignando,

427 937 463 959 ac
488 926 621 960 solutis¹
647 928 736 971 prius
761 928 915 961 Gamerae
934 933 1063 962 nostrae
1082 929 1168 972 Apo-

426 980 572 1022 stolicae,
601 987 676 1015 tunc
701 993 796 1023 suae,
824 982 911 1016 iuliis
938 983 1082 1027 quinque
1106 994 1166 1027 pro

427 1035 574 1077 quolibet
587 1036 686 1068 rubro
701 1036 911 1069 extrahendo:
925 1041 956 1069 et
970 1037 1058 1077 alias,
1069 1042 1167 1080 prout

425 1087 458 1119 in
478 1088 592 1121 cedula
610 1093 716 1121 motus
735 1089 863 1133 proprii
889 1090 1060 1123 memorati
1077 1090 1165 1123 Pauli

425 1141 694 1184 praedecessoris
717 1142 859 1185 desuper
884 1143 1045 1186 expedita,
1065 1154 1100 1177 ac
1115 1143 1165 1177 die

425 1203 476 1226 Xix
503 1193 648 1227 octobris
673 1205 771 1228 iuncxi
797 1195 981 1239 publicata,
1006 1196 1094 1229 cuius
1120 1202 1166 1230 te-

425 1256 541 1280 norem
556 1247 797 1290 praesentibus,
816 1254 888 1289 etc.,
902 1259 960 1292 pro
975 1250 1082 1293 plene,
1095 1254 1164 1290 etc„

425 1299 583 1340 volumus,
609 1301 744 1334 uberius
770 1302 965 1335 continetur.

470 1353 484 1397 ἓ
509 1352 538 1386 2.
566 1352 643 1387 Cum
669 1360 774 1387 autem
801 1355 990 1396 novissime,
1014 1366 1131 1400 nempe
1149 1367 1166 1389 a

426 1416 537 1440 mense
563 1407 756 1451 septembris
773 1408 849 1441 anni
868 1419 939 1442 mox
957 1408 1072 1453 elapsi,
1091 1420 1166 1453 pec-

425 1460 503 1494 catis
517 1460 637 1494 nostris
655 1461 820 1504 graviores
835 1462 868 1495 in
883 1462 951 1495 dies
965 1463 1164 1497 calamitates

424 1513 699 1557 promerentibus,
720 1524 785 1547 non
804 1514 873 1548 sine
890 1514 1016 1558 ingenti
1036 1516 1165 1559 paterni

424 1566 533 1600 cordis
558 1567 661 1600 nostri
694 1567 826 1607 dolore,
855 1568 1021 1601 mortifera
1045 1569 1165 1603 bovum

423 1621 613 1665 pestilentia
638 1631 696 1665 per
720 1620 840 1654 Urbem
873 1622 1027 1665 illiusque
1054 1623 1164 1656 distri-

425 1679 521 1715 ctum,
533 1685 569 1708 ae
582 1675 765 1718 provincias
779 1675 963 1718 praedictas
977 1676 1166 1710 immaniter

425 1734 606 1771 grassante,
633 1729 760 1772 integra
785 1739 868 1771 pene
894 1734 1040 1763 armenta
1066 1730 1165 1763 inter·

424 1782 532 1822 ierint,
550 1783 671 1815 adeout
688 1782 868 1826 peremptis
886 1783 1108 1823 animalibus²‚
1124 1784 1163 1816 de

425 1836 543 1879 quibus
570 1835 744 1876 ineffabilis
768 1835 824 1868 Dei
850 1836 1053 1879 providentia
1075 1837 1164 1870 labo-

425 1888 513 1921 ribus
532 1887 699 1922 hominum
717 1888 834 1922 solatia
849 1889 1055 1933 subrogavit,
1075 1900 1164 1933 agro-

425 1952 496 1975 rum
526 1943 685 1976 culturam
716 1943 812 1985 plane
842 1942 967 1984 deseri,
996 1949 1164 1987 terrasque

426 1995 459 2027 in
481 1995 628 2038 proxime
653 1995 833 2038 praeterito
859 2000 1014 2029 autumno
1033 1995 1163 2029 mininie

425 2048 489 2081 seri
514 2048 715 2091 contigisset,
736 2048 797 2081 nisi
824 2058 892 2089 nos,
909 2053 972 2082 tam
1002 2049 1164 2083 frumento

426 2111 521 2144 quam
536 2101 685 2144 pecuniis
705 2112 764 2145 per
779 2102 932 2135 dilectum
951 2102 1051 2135 filiuni
1067 2113 1164 2136 anno-

425 2164 485 2187 nae
509 2154 710 2197 praefectum
731 2154 860 2188 abunde
885 2155 1162 2196 subministratis,

425 2207 658 2250 agricultorum
695 2208 839 2251 inopiam
877 2208 1162 2249 sublevassemus,

425 2260 563 2304 aliisque
582 2261 777 2304 opportunis
797 2271 833 2306 ae
858 2261 1043 2294 salubribus
1061 2262 1165 2305 provi-

425 2313 574 2347 sionibus
599 2313 639 2353 ei,
667 2324 764 2356 quam
789 2313 1001 2346 benedicente
1025 2314 1162 2348 Domino

424 2376 603 2410 speramus,
620 2366 748 2399 futurae
766 2366 880 2399 messis
896 2367 1035 2399 ubertati
1053 2377 1163 2399 consu-

423 2419 607 2460 tuissemus;
628 2424 755 2462 tempus
772 2429 862 2459 vero,
881 2429 945 2462 quo
964 2419 1034 2461 agri
1052 2429 1162 2452 seren-

424 2472 472 2506 dis
488 2472 660 2506 frumentis
677 2482 738 2516 pro
763 2472 891 2506 venturi
927 2472 1002 2505 anni
1036 2482 1163 2506 iunccxv

458 2545 469 2571 1
493 2543 565 2571 Edit.
584 2543 664 2571 Μαίη.
684 2543 750 2578 legit
767 2543 924 2571 animabus
944 2547 981 2577 (a.
997 2545 1046 2576 Τ.).

457 2588 473 2615 ⁶.)
483 2589 554 2617 Male
565 2588 609 2616 ed.
621 2587 699 2616 Maia.
710 2587 775 2624 legit
784 2588 878 2617 solitis
890 2597 938 2624 pro
949 2588 1050 2616 salictis
1059 2589 1098 2624 (u.
1110 2588 1160 2624 Ti).

1009 190 1191 215 BULLARIL'M
1215 189 1371 214 ROMANUM

1214 249 1318 271 messe
1343 238 1494 272 destinati
1513 244 1619 273 aratro
1633 239 1800 283 proscindi
1819 240 1950 282 debent,

1213 290 1274 324 iam
1300 291 1489 333 advenerit,
1516 293 1638 326 domini
1669 299 1775 326 tamen
1800 294 1950 337 praedio-

1213 355 1291 384 rum,
1318 350 1525 386 mercatores,
1553 346 1678 387 coloni,
1702 346 1823 390 aliique
1849 352 1950 380 artem

1213 397 1428 439 agriculturae
1455 399 1652 442 praedictam
1686 405 1883 442 exercentes,
1909 400 1950 433 ob

1212 450 1357 492 ingentia
1383 451 1497 484 damna
1523 462 1605 495 quae
1624 462 1661 485 ex
1680 463 1811 486 suorum
1828 453 1950 486 anima-

1212 503 1291 536 lium
1316 503 1438 537 iactura
1462 505 1550 547 passi
1578 505 1725 547 fuerunt,
1752 514 1834 539 novo
1860 506 1951 539 indi-

1957 192 2005 221 An.
2026 192 2055 222 C.
2076 194 2144 223 1714

1212 561 1308 598 geant
1325 562 1478 599 paternae
1494 557 1716 600 providentiae
1735 562 1865 591 nostrae
1879 559 1951 591 suh·
1999 572 2006 578 ·

1211 607 1316 648 sidio,
1346 614 1381 640 ut
1406 620 1563 652 expensas
1588 620 1648 654 pro
1674 610 1820 643 emendis
1844 611 1949 643 bobus

1211 666 1242 694 et
1259 662 1428 695 laboreriis
1447 663 1644 696 necessariis
1659 663 1823 697 faciendas
1840 663 1949 697 subire

1211 715 1354 748 valeant:
1374 715 1449 748 liinc
1467 721 1514 748 est
1527 716 1610 759 quod
1624 727 1694 757 nos,
1711 717 1861 760 publicae
1877 727 1951 750 cau-

1211 777 1264 800 sae
1289 768 1378 801 nulla
1404 778 1441 800 ex
1466 773 1559 812 parte
1585 769 1719 810 deesse,
1746 774 1950 804 nostrorum-

1211 831 1274 864 que
1310 827 1340 854 et
1374 822 1582 865 Apostolicae
1617 822 1710 856 Sedis
1746 823 1950 857 subditorum

1211 874 1388 907 commodis
1413 875 1614 918 peramplius
1640 876 1813 919 providere
1838 877 1951 910 volen-

1212 931 1280 967 tes,
1307 932 1396 961 motu
1423 922 1602 969 simili,'ae
1629 939 1666 961 ex
1703 932 1789 962 certa
1813 930 1950 962 scientia

1211 986 1242 1013 et
1267 983 1390 1013 matura
1416 981 1651 1015 deliberatione
1676 982 1815 1023 nostris,
1843 983 1948 1025 deque

1210 1034 1409 1077 apostolicae
1429 1034 1601 1078 potestatis
1619 1035 1835 1078 plenitudine,
1854 1035 1951 1068 cedu-

1210 1089 1273 1121 lam
1299 1088 1531 1132 motusproprii
1566 1088 1654 1122 Pauli
1686 1089 1949 1132 praedecessoris

1210 1142 1438 1185 supradictam,
1468 1141 1575 1186 quoad
1601 1153 1639 1176 ea
1663 1153 1746 1186 quae
1771 1143 1950 1186 praesenti-

1209 1194 1268 1227 bus
1294 1205 1359 1228 non
1385 1195 1595 1228 adversantur
1615 1206 1650 1229 ac
1668 1206 1725 1228 usu
1751 1201 1881 1239 recepta
1901 1206 1950 1229 re-

1209 1248 1397 1291 periuntur,
1419 1248 1630 1282 earumdem¹
1658 1255 1770 1282 tenore
1794 1259 1950 1292 praesen-

1210 1301 1288 1334 tium
1307 1301 1539 1345 approbamus,
1556 1301 1788 1335 confirmamus
1807 1307 1839 1335 et
1855 1302 1949 1335 inno-

1210 1364 1327 1395 vamus,
1347 1354 1478 1398 illisque
1504 1355 1702 1388 inviolabilis
1724 1360 1755 1388 et
1779 1355 1950 1398 irrefraga-

1208 1407 1282 1441 bilis
1307 1408 1506 1452 apostolicae
1532 1407 1692 1442 firmitatis
1716 1409 1778 1442 vim
1801 1414 1832 1442 et
1848 1409 1948 1442 robur

1210 1465 1321 1494 tenore
1346 1462 1569 1504 praesentium
1606 1462 1825 1505 adiungimus.
1853 1461 1948 1496 Prae-

1210 1520 1309 1553 terea,
1338 1521 1445 1555 motu,
1472 1515 1627 1555 seientia,
1655 1515 1890 1549 deliberatione
1916 1521 1948 1549 et

1209 1568 1376 1611 potestatis
1398 1568 1600 1611 plenitudine
1617 1568 1787 1609 similibus,
1810 1568 1948 1612 Congre-

1208 1621 1372 1663 gationein
1397 1622 1621 1664 praelatorum
1647 1633 1664 1654 a
1684 1621 1830 1665 praefato
1847 1621 1947 1655 Paulo

1208 1675 1457 1719 praedecessore
1484 1675 1569 1708 sieut
1585 1675 1804 1718 praemittitur
1820 1675 1948 1708 institu-

1210 1734 1284 1768 tam,
1303 1729 1352 1761 cui
1371 1728 1495 1761 scilicet
1521 1728 1631 1761 dilecti
1656 1728 1711 1760 filii
1729 1739 1813 1761 nunc
1835 1734 1866 1761 et
1887 1739 1948 1772 pro

1210 1787 1356 1825 tempore
1381 1781 1556 1814 existentes
1583 1781 1811 1814 thesaurarius
1837 1787 1948 1814 noster

1208 1835 1379 1878 generalis,
1404 1845 1553 1868 annonae
1578 1834 1777 1878 praefectus,
1804 1834 1946 1877 grasciae

1208 1899 1348 1932 praeses,
1376 1887 1619 1921 commissarius
1644 1887 1808 1930 generalis
1836 1886 1948 1920 Came-

1207 1952 1261 1975 rae
1286 1946 1416 1975 nostrae
1445 1940 1653 1984 praedictae,
1684 1951 1741 1981 ac,
1770 1941 1841 1974 loco
1866 1950 1946 1984 quo—

1207 1995 1353 2028 rumdam
1374 1993 1503 2027 Ioannis
1530 1993 1694 2037 Baptistae
1716 1993 1889 2037 Costaguta
1906 1993 1946 2026 ab

1207 2048 1323 2081 eodeni
1354 2047 1452 2081 Paulo
1487 2047 1742 2090 praedecessore
1779 2047 1944 2090 deputati,

1207 2106 1403 2144 praeceptor
1416 2100 1682 2144 arcliiliospitalis
1702 2100 1734 2133 S.
1757 2099 1895 2143 Spiritus
1912 2099 1944 2132 in

1206 2154 1298 2188 Saxifi
1316 2155 1473 2188 interesse
1490 2154 1643 2195 debeant,
1661 2154 1776 2187 harum
1793 2153 1876 2186 serie
1894 2162 1946 2185 re-

1206 2218 1371 2248 novamus,
1390 2218 1433 2248 ae,
1452 2213 1612 2251 quatenus
1629 2217 1710 2251 opus
1735 2207 1785 2247 sit,
1803 2206 1842 2239 de
1858 2215 1945 2238 novo

1207 2261 1362 2303 erigimus
1383 2266 1414 2294 et
1431 2261 1641 2300 instituimus,
1663 2260 1836 2302 eidemque
1862 2258 1946 2292 Con-

1207 2314 1402 2356 gregationi,
1423 2314 1516 2346 toties
1533 2313 1661 2356 quoties
1676 2322 1756 2356 opus
1771 2312 1868 2346 fuerit
1887 2312 1945 2345 ha-

1206 2366 1341 2405 bendae,
1357 2366 1543 2399 facultatem
1557 2365 1763 2399 concedimus
1782 2370 1813 2398 et
1831 2365 1946 2409 impar-

1207 2419 1304 2451 timur
1319 2423 1354 2450 ut
1374 2418 1487 2451 iisdem
1506 2417 1771 2460 agricultoribus,
1789 2423 1948 2451 mercato-

1206 2471 1295 2503 ribus
1321 2475 1352 2503 et
1370 2470 1505 2511 colonis,
1525 2470 1662 2514 aliisque
1683 2475 1785 2504 artem
1811 2471 1945 2514 agricul-

1207 2530 1295 2557 turae
1321 2524 1522 2567 praedictam
1547 2525 1786 2566 exereentibuS,
1816 2535 1853 2558 ac
1877 2524 1944 2558 sive

1242 2589 1251 2614 1
1275 2587 1344 2614 Edit.
1366 2587 1446 2615 Maiu.
1466 2587 1531 2623 legit
1550 2588 1714 2616 eorumdem
1735 2588 1773 2623 (a.
1789 2588 1838 2623 τ.).

2010 623 2144 654 Confirmatio

1973 653 2129 672 constitutionis

1960 677 2020 698 Pauli
2037 677 2061 699 V.

1984 1470 2010 1492 Et
2033 1476 2086 1492 nova
2110 1470 2143 1492 fa-

1958 1499 2026 1518 cultas
2048 1503 2085 1524 pro
2109 1499 2142 1519 iu-

1960 1525 2033 1544 vandte
2052 1525 2143 1550 agricut-

1959 1551 2045 1572 toribus.
