2269 3203
272 240 322 268 An.
342 240 372 268 c.
391 241 454 269 ¹721
503 232 567 266 886
1045 243 1227 268 nurmmuu
1251 243 1409 269 ROMANUM
1995 245 2044 274 An.
2064 245 2095 274 c.
2112 246 2176 274 ¹721

324 302 338 323 A
355 302 457 327 aream
513 291 528 334 g
553 290 585 324 1.
613 290 738 324 Dudum
769 290 929 334 siquidem
962 291 1063 324 seticis
1098 303 1206 325 recor-
1251 298 1282 325 et
1306 293 1358 326 die
1383 303 1434 327 xix
1466 293 1545 326 iunii
1571 303 1737 328 itincrxvui
1754 320 1762 333 ,
1788 303 1825 327 ac
1852 292 1904 327 die
1927 303 1985 328 xxx

271 327 607 380 {lrunff‘tss‘i'iiifidationis
633 342 807 387 Gregorius
834 343 918 387 Papa
943 344 992 376 XV
1018 345 1206 388 praedeces·
1248 347 1376 389 augusti
1402 356 1536 387 iiDCLxx,
1564 357 1692 380 necnon
1717 346 1769 380 die
1795 357 1852 380 vni
1874 343 1986 380 ianua-

270 383 524 429 Kt³3issffi¹¹tt133252so1=
548 402 659 429 noster
684 397 791 430 omnia
817 403 848 430 et
872 397 1001 440 singula
1027 397 1204 440 privilegia,
1250 399 1285 431 rii
1319 410 1491 433 iinctxxvn
1525 400 1706 443 respective
1737 399 1903 443 expeditas
1936 399 1988 433 lit-

294 434 431 454 pontificu-us
468 447 474 453 ·

271 459 401 481 consu-maia.

468 449 600 490 indulta,
629 449 809 486 facultates.
830 449 1063 492 exemptiones,
1090 450 1206 482 immu-

467 501 591 541 nitates,
619 502 785 535 libertates
803 507 834 535 et
860 502 985 545 gratias,
1006 506 1068 536 lain
1095 514 1154 546 per
1171 514 1204 537 se

466 553 646 598 Sedemque
672 555 902 598 Apostolicam,
931 566 1028 598 quam
1046 566 1104 598 per
1121 566 1204 589 reco-

465 608 580 640 lendae
606 607 783 641 memoriae
817 608 957 650 Leonem
990 608 1033 647 X,
1058 607 1204 642 Clemen-

466 665 528 693 tem
541 660 599 701 vti,
615 660 746 693 Paulum
763 660 811 699 III,
826 660 915 693 Piuin
929 661 975 699 IV,
987 660 1076 693 Pium
1088 661 1121 701 V,
1132 661 1205 694 Gre·

465 712 591 754 goriuin
617 712 693 751 XIII,
712 711 836 745 Sixtum
854 713 888 753 V,
914 713 1104 756 Gregorium
1129 713 1202 754 XIV,

464 765 664 798 Clementem
689 765 753 798 vlu
779 771 810 798 et
834 765 967 799 Paulum
993 766 1014 796 V
1040 766 1204 799 Romanos

464 817 636 851 Pontifices
662 818 813 851 similiter
843 819 1112 862 praedecessores
1146 830 1204 852 no-

463 876 569 911 stros,
594 871 720 904 dilectis
745 871 818 905 tiliis
844 883 961 915 magno
986 873 1141 915 magistro
1171 878 1204 906 et

463 925 638 958 conventui
664 925 834 970 hospitalis
853 926 884 959 S.
905 926 1032 959 loannis
1051 927 1203 960 Hieroso-

463 978 619 1022 lymitani,
651 978 803 1022 illiusque
833 979 1010 1022 prioribus,
1041 979 1200 1020 baiulivis,

462 1032 748 1075 praeceptoribus,
771 1033 1072 1073 commendatariis,
1098 1033 1203 1066 fratri-

462 1084 521 1117 bus
538 1084 707 1124 militibus,
733 1085 883 1125 subditis,
902 1085 1057 1125 vassallis,
1077 1085 1201 1119 colonis

462 1144 493 1170 et
509 1138 708 1182 presbyteris
725 1149 835 1172 curam
853 1139 1034 1172 animarum
1052 1149 1204 1173 exercen-

463 1190 546 1224 tibus
563 1201 719 1225 concessa
741 1197 773 1225 et
798 1192 980 1235 respective
1001 1192 1202 1232 confirmata,

462 1243 613 1287 hospitali
627 1244 743 1278 domus
756 1245 912 1278 B.Mariae
923 1245 1202 1278 Theutonicorum

462 1296 596 1340 eiusque
629 1297 783 1340 magistro
799 1324 806 1337 ‚
831 1297 1012 1341 prioribus,
1039 1297 1200 1337 baiulivis,

461 1350 739 1394 praeceptoribus,
767 1351 1066 1391 commendatariis,
1098 1351 1203 1383 fratri-

460 1403 533 1443 bus,
553 1402 719 1443 militibus,
735 1403 884 1443 subditis,
901 1404 1053 1444 vassallis,
1075 1403 1200 1437 colonis

461 1466 496 1488 ac
513 1456 713 1500 presbyteris
727 1467 833 1489 curam
853 1457 1031 1489 animarum
1051 1467 1202 1490 exercen-

461 1508 521 1541 bus
535 1509 703 1550 concessit,
719 1510 898 1543 decernens
912 1510 1076 1554 hospitale
1091 1510 1126 1543 Β.
1142 1510 1202 1543 Ma-

461 1561 529 1594 riae
540 1561 816 1595 'I'lieutonicorum
835 1562 987 1607 illiusque
1001 1562 1199 1605 magistrum,

462 1614 611 1657 priores,
638 1615 795 1648 baiulivos
811 1642 819 1656 ,
844 1621 1089 1660 praeceptores,
1115 1626 1202 1649 com-

462 1667 699 1708 mendatarios,
727 1668 857 1708 fratres,
884 1668 1013 1708 milites,
1039 1668 1199 1709 subditos,

461 1721 628 1761 vassallos,
651 1723 786 1754 colonos
813 1726 844 1754 et
868 1721 1077 1765 presbyteros
1102 1721 1200 1754 nullis

461 1773 532 1806 aliis
556 1773 750 1817 privilegiis,
770 1774 880 1817 gratiis
905 1779 937 1807 et
961 1774 1106 1814 indultis,
1122 1785 1200 1818 qua-

462 1831 554 1858 tenus
595 1826 627 1859 in
665 1826 851 1860 huiusmodi
886 1826 1099 1860 concessione
1135 1837 1200 1859 non

461 1874 833 1922 comprehenderentur,
849 1879 962 1923 quovis
981 1884 1151 1923 praetextu
1169 1884 1201 1913 et

462 1942 498 1965 ex
525 1943 727 1976 quacumque
752 1935 846 1966 causa
878 1933 940 1973 uti,
966 1933 1026 1965 frui
1060 1938 1092 1966 et
1125 1943 1200 1976 gau-

462 1985 538 2018 dere
563 1996 660 2029 posse
696 1997 757 2020 nec
793 1987 937 2028 debere,
966 1986 1112 2030 quinimo
1145 1987 1201 2021 illa

461 2038 570 2071 omnia
595 2049 740 2080 cessare,
767 2050 803 2073 ac
829 2039 918 2072 irrita
943 2045 974 2073 et
999 2040 1102 2081 nulla,
1130 2041 1197 2073 nul-

461 2092 590 2136 liusque
609 2092 736 2126 roboris
753 2098 784 2126 et
801 2093 956 2126 momenti
983 2104 1052 2126 esse
1071 2099 1102 2126 et
1120 2094 1199 2133 fore,

461 2151 560 2189 prout
586 2146 617 2178 in
643 2147 736 2180 dictis
763 2146 911 2190 Gregorii
937 2147 1201 2190 praedecessoris

462 2199 493 2231 in
520 2199 620 2232 forma
655 2200 763 2232 Brevis
797 2200 939 2243 desuper
963 2200 1022 2233 sub
1049 2199 1099 2233 die
1124 2209 1201 2234 xxm

463 2252 646 2285 decembris
684 2263 816 2286 itincxxn
859 2252 1018 2295 expeditis
1059 2252 1175 2285 litteris
1192 2280 1199 2293 ,

463 2314 596 2348 quarum
632 2310 777 2338 tenorem
812 2305 1040 2348 praesentibus
1065 2316 1123 2348 pro
1150 2316 1202 2338 ex-

463 2367 577 2400 presso
599 2357 712 2390 haberi
730 2359 888 2398 volumus,
906 2357 1036 2401 plenius
1055 2357 1202 2390 contine-

464 2415 524 2443 tur.
556 2409 592 2443 Et
625 2410 761 2443 subinde
796 2411 868 2454 piae
902 2410 1077 2443 memoriae
1102 2409 1202 2442 Urba-

465 2474 522 2495 nus
556 2462 640 2502 VIII,
672 2463 818 2496 Clemens
849 2464 908 2501 IX,
942 2462 1089 2495 Clemens
1122 2463 1147 2494 X
1173 2466 1204 2496 et

465 2515 673 2549 Innocentius
689 2515 727 2547 xl
750 2515 886 2548 Romani
913 2515 1088 2548 Pontifices
1107 2515 1202 2548 etiam

464 2569 735 2612 praedecessores
761 2568 862 2602 nostri
888 2578 947 2611 per
978 2578 1050 2601 suas
1081 2568 1204 2610 pariter

465 2622 497 2653 in
512 2622 614 2655 forma
633 2621 740 2653 Brevis
761 2621 811 2653 die
828 2631 879 2653 xix
898 2620 1034 2653 ianuarii
1053 2629 1202 2663 mccxxm

1250 457 1347 492 teras,
1374 463 1509 496 quarum
1537 458 1667 485 tenores
1693 452 1916 496 praesentibus
1938 453 1988 486 iti-

1248 504 1319 537 dem
1347 505 1457 537 liaberi
1476 506 1622 538 volumus
1648 515 1707 548 pro
1732 505 1904 548 expressis,
1922 505 1986 539 iam

1247 556 1349 589 dictas
1385 556 1530 599 Gregorii
1568 558 1828 600 praedecessoris
1861 558 1984 592 litteras

1247 610 1306 641 sub
1332 610 1428 642 certIs
1453 611 1549 644 modo
1575 617 1605 643 ct
1631 611 1735 644 forma
1760 615 1836 644 tunc
1855 621 1984 654 expres·

1247 661 1288 694 sis
1313 662 1545 696 confirmarunt
1571 669 1601 696 et
1626 664 1863 707 approbarunt.

1291 715 1305 758 ξ
1332 714 1363 747 2.
1391 715 1466 748 Cum
1492 722 1607 755 autem,
1630 717 1715 749 sicut
1739 717 1877 749 dilectus
1899 716 1983 750 tilius
1994 726 2130 748 Confirmatio
2146 732 2179 747 m-

1995 754 2120 774 censitarum
2129 759 2179 774 cou-

1247 773 1360 801 noster
1384 769 1555 802 Damianus
1581 771 1673 813 Ilugo
1695 770 1726 803 S.
1754 770 1792 802 R.
1817 769 1852 803 E.
1880 770 2132 803 cardi-saturianum.

1246 821 1327 854 natis
1364 822 1403 854 de
1439 821 1631 856 Schonborn
1666 828 1873 866 nuncupatus
1894 850 1901 864 ‚
1934 834 1985 858 ec-

1246 875 1365 908 clesiae
1391 875 1553 919 Spirensis
1575 886 1611 909 ex
1638 877 1849 910 concessione
1872 881 1903 910 et
1923 876 1985 910 dis-

1245 928 1439 971 pensatione
1458 929 1636 971 apostolica
1654 931 1794 973 praesul,
1814 940 1874 974 pro
1892 935 1985 973 parte

1246 980 1438 1014 dilectorum
1476 981 1615 1014 filiorum
1651 982 1758 1025 magni
1784 982 1928 1026 magistri
1955 988 1986 1016 et

1246 1033 1382 1067 fratrum
1407 1034 1546 1067 militum
1571 1034 1646 1068 dicti
1674 1035 1843 1078 hospitalis
1864 1035 1897 1068 13.
1922 1035 1985 1068 Ma-

1246 1086 1312 1119 riae
1337 1086 1638 1127 Tbeutonicorum,
1667 1087 1759 1120 cuius
1793 1087 1895 1121 dictus
1925 1087 1985 1120 Da-

1246 1139 1373 1172 mianus
1406 1140 1501 1183 Ilugo
1531 1140 1708 1174 cardinalis
1735 1146 1766 1173 et
1790 1140 1921 1184 praesul
1946 1151 1985 1173 ex

1245 1192 1341 1226 simili
1366 1193 1577 1227 concessione
1599 1198 1631 1227 et
1652 1193 1900 1237 dispensatione
1921 1204 1986 1227 ma-

1245 1256 1327 1287 gnus
1364 1252 1559 1290 praeceptor
1595 1257 1649 1280 seu
1686 1247 1983 1280 commendatarius

1245 1298 1362 1338 existit,
1391 1298 1486 1331 nobis
1510 1309 1617 1342 nuper
1641 1299 1798 1342 exposuit,
1820 1299 1985 1343 praefatae

1245 1351 1376 1394 quidem
1406 1351 1551 1393 Gregorii
1586 1351 1635 1384 XV
1670 1362 1707 1384 ac
1744 1351 1864 1384 Urbani
1895 1351 1982 1391 VIII,

1244 1404 1420 1437 Clementis
1452 1404 1490 1436 IX
1520 1409 1551 1437 et
1576 1403 1749 1437 Clementis
1774 1392 1861 1437 X‘ac
1887 1404 1983 1437 Inno-

1244 1456 1340 1490 centii
1366 1456 1404 1489 XI
1429 1457 1722 1499 praedecessorum
1744 1456 1870 1490 litterae
1891 1456 1923 1489 in
1943 1457 1982 1489 vi-

1244 1509 1304 1542 ridi
1336 1510 1400 1542 sint
1435 1510 1665 1550 observantia;
1694 1510 1768 1553 quia
1797 1514 1907 1543 tamen
1931 1510 1984 1542 fir-

1244 1562 1347 1596 miora
1371 1568 1444 1595 sunt
1469 1572 1506 1595 ea
1531 1573 1615 1606 quae
1646 1562 1858 1605 frequentiori
1890 1562 1983 1596 Sedis

1244 1615 1449 1658 Apostolicae
1474 1614 1639 1659 praesidio
1658 1615 1864 1654 roborantur,
1884 1615 1984 1648 iidem

1243 1678 1378 1711 magnus
1404 1667 1561 1710 magister
1586 1673 1618 1700 et
1643 1668 1758 1701 fratres
1783 1668 1903 1701 milites
1929 1668 1984 1702 lit-

1243 1726 1326 1754 teras
1359 1720 1549 1754 huiusmodi
1583 1720 1781 1764 apostolicae
1814 1721 1984 1755 confirma-

1245 1774 1341 1807 tionis
1356 1778 1486 1807 nostrae
1498 1774 1679 1817 patrocinio
1694 1774 1884 1807 communiri
1902 1785 1985 1808 sum-

1243 1838 1377 1871 mopere
1412 1827 1618 1861 desiderent:
1646 1837 1716 1866 nos,
1747 1827 1892 1870 ipsorum
1918 1838 1982 1860 ma-

1244 1880 1297 1924 gni
1322 1879 1467 1922 magistri
1501 1886 1532 1912 et
1557 1880 1690 1912 fratrum
1716 1880 1856 1913 militum
1880 1880 1980 1920 votis,

1244 1938 1399 1976 quantum
1418 1943 1490 1965 cum
1512 1932 1650 1965 Domino
1676 1942 1849 1976 possumus
1864 1959 1871 1973 ‚
1902 1932 1985 1966 favo-

1243 1985 1392 2019 rabiliter
1413 1995 1567 2025 annuere,
1586 1995 1704 2028 eosque
1730 1984 1924 2028 specialibus
1943 1985 1984 2018 fa-

1244 2040 1375 2073 voribus
1402 2044 1433 2072 et
1458 2039 1569 2082 gratiis
1595 2038 1746 2083 prosequi
1774 2039 1931 2078 volentes,
1951 2043 1982 2071 et

1244 2103 1356 2126 eorum
1382 2092 1564 2135 singulares
1590 2102 1749 2136 personas
1774 2102 1791 2124 a
1815 2090 1982 2134 quibusvis

1244 2145 1600 2186 excommunicationis,
1630 2144 1853 2187 suspensionis
1879 2148 1912 2177 et
1934 2143 1983 2176 in-

1245 2198 1382 2237 terdicti,
1399 2197 1536 2241 aliisque
1551 2197 1780 2230 ecclesiasticis
1801 2196 1982 2236 sententiis,

1244 2250 1392 2284 censuris
1408 2255 1440 2283 et
1453 2250 1578 2293 poenis,
1597 2260 1615 2282 a
1631 2250 1701 2282 iure
1714 2250 1764 2282 vel
1784 2249 1823 2282 ab
1839 2249 1980 2289 homine,

1245 2304 1357 2347 quavis
1382 2303 1552 2337 occasione
1578 2304 1627 2335 vel
1646 2304 1741 2335 causa
1755 2302 1843 2342 latis,
1860 2302 1887 2335 si
1910 2302 1982 2346 qui-

1244 2357 1304 2389 bus
1340 2355 1589 2399 quomodolibet
1621 2355 1794 2388 innodatae
1819 2356 1980 2396 existunt,

1245 2410 1285 2441 ad
1307 2408 1457 2441 effectum
1481 2408 1701 2452 praesentium
1719 2402 1884 2441 dumtaxat
1907 2418 1982 2442 con-

1246 2461 1472 2504 sequendum,
1505 2461 1620 2492 harum
1655 2460 1741 2493 serie
1773 2460 1980 2494 absolventes

1246 2519 1277 2546 et
1301 2514 1467 2546 absolutas
1484 2509 1563 2546 'fore
1595 2519 1768 2547 censentes
1786 2540 1793 2554 ,
1818 2514 1983 2558 supplica-

1247 2567 1390 2599 tionibus
1410 2577 1521 2600 eorum
1540 2567 1670 2600 nomine
1692 2568 1786 2600 nobis
1808 2567 1982 2610 superhoc

1247 2619 1416 2653 humiliter
1433 2620 1592 2663 porrectis
1615 2620 1771 2659 inclinati,
1798 2620 1982 2663 praedictas
