2269 3203
131 248 181 275 An.
203 247 231 274 C.
250 246 316 274 ¹722

148 2264 235 2286 Sanctio
255 2270 304 2292 poe·

121 2291 182 2311 nans.

896 241 1106 266 INNOCENTH'S
1132 241 1189 264 xm
1215 240 1263 264 PP.

326 293 527 331 Romandiola,
550 292 626 324 alma
649 292 737 328 Urbe,
762 292 793 322 in
815 291 934 322 civitate
957 289 1074 321 Perusi-

326 344 377 382 nfi,
401 343 569 373 civitatibus
592 342 725 379 Castelli,
752 340 942 377 Bononiensi,
972 339 1073 369 Ferra-

325 391 428 427 riensi,
452 391 652 421 Avenoniensi
675 394 702 420 et
726 390 864 420 comitatu
888 388 1070 425 VenaissinQ

326 450 377 470 seu
393 440 459 470 aliis
479 440 566 470 terris
582 440 816 479 quibuscumque
833 437 951 475 vestris,
969 441 996 467 et
1012 437 1073 466 feu-

326 489 370 519 dis
393 489 486 529 ipsius
511 489 658 519 Ecclesiae
680 487 805 517 ubilibet
828 486 1015 523 constitutis,
1036 495 1071 516 ex

326 538 528 575 successione,
552 537 598 567 vel
616 537 728 575 legato,
752 545 804 566 seu
826 535 998 572 donatione,
1023 538 1071 564 aut

326 587 504 625 venditione,
535 595 586 616 seu
613 585 670 615 alio
699 584 802 624 quovis
829 584 914 614 titulo
936 584 981 613 vel
1004 593 1072 613 con-

326 640 432 672 tractu,
456 635 530 665 nihil
553 642 682 673 unquam
706 633 763 663 sibi
778 633 912 672 acquiret
933 641 984 661 seu
1007 632 1069 662 vin-

325 683 447 720 dicabit,
464 683 509 713 vel
532 683 640 722 poterit
662 682 816 721 acquirere
838 690 890 711 seu
913 681 1072 720 quomodo-

325 732 396 762 libet
418 731 579 767 vindicare,
600 734 629 760 et
651 729 725 759 nihil
742 738 872 768 unquam
888 729 1010 768 recipiet
1025 729 1070 759 vel

324 779 443 810 habebit
464 789 516 810 seu
540 777 692 816 retinebit,
721 778 766 808 vel
796 777 904 818 poterit
925 777 1068 816 recipere,

324 828 431 858 habere
447 827 492 857 vel
508 827 595 857 etiam
618 827 746 856 retinere
768 827 799 856 in
821 826 892 864 illis,
908 835 962 856 nec
978 825 1067 855 ullam

324 876 525 917 potestariam,
543 875 719 915 capitaniam
743 876 787 905 vel
810 874 979 911 rectoriam,
1004 874 1069 903 nul-

324 925 443 965 lumque
465 924 544 954 aliud
567 924 696 953 officium
719 923 840 963 recipiet
862 932 913 952 seu
935 922 1067 962 recipere

324 973 433 1013 poterit
455 973 485 1002 in
508 972 619 1002 eisdem
641 981 692 1002 seu
717 972 848 1011 ipsorum
872 971 981 1010 aliquo,
1012 979 1067 1000 nec

323 1023 410 1052 etiam
433 1020 589 1061 occupabit
610 1021 654 1050 vel
677 1020 815 1060 occupari
838 1020 988 1059 permittet
1015 1028 1066 1049 seu

324 1072 410 1101 faciet
434 1071 594 1111 praemissa
614 1071 656 1100 vel
678 1075 790 1110 partem
807 1070 936 1109 aliquam
952 1078 1068 1099 eorum-

323 1120 400 1158 dem,
428 1129 523 1159 neque
549 1120 630 1149 illam
657 1119 782 1149 offendet
810 1123 860 1148 aut
889 1118 1065 1152 molestabit,

323 1177 418 1208 neque
440 1169 528 1198 etiam
551 1168 712 1198 Romanam
744 1167 903 1198 Ecclesiam
937 1176 1067 1206 quoquo-

323 1217 421 1255 modo,
445 1217 498 1247 sub
523 1218 656 1247 censuris
679 1216 839 1256 poenisque
861 1215 1066 1254 spiritualibus

323 1269 351 1295 et
379 1265 589 1305 temporalibus
614 1265 645 1294 in
673 1264 892 1294 conditionibus
921 1268 949 1293 et
974 1264 1067 1293 infeu-

322 1313 440 1343 datione
462 1314 602 1353 praefatis
623 1315 780 1351 contentis,
800 1324 872 1354 quas
895 1315 942 1344 hic
965 1315 1066 1345 haberi

323 1363 387 1392 volo
409 1362 440 1392 in
462 1357 586 1401 singulis
609 1363 669 1392 suis
687 1363 819 1402 partibus
842 1364 913 1392 alliis
930 1373 981 1402 pro
1004 1373 1067 1402 spe-

321 1411 404 1441 cifice
427 1412 574 1451 expressis
596 1416 624 1442 et
646 1412 792 1451 repetitis.
810 1412 1001 1442 Schismatico
1018 1418 1067 1443 aut

321 1461 471 1491 haeretico
502 1461 695 1500 cuicumque,
721 1461 764 1491 vel
788 1471 802 1490 a
826 1462 881 1492 fide
904 1462 1003 1499 devio,
1032 1463 1067 1492 ab

319 1509 385 1549 ipsa
407 1509 537 1540 Ecclesia
564 1510 711 1549 praeciso,
735 1511 856 1550 eiusque
879 1511 1064 1551 sequacibus,

321 1567 354 1588 ac
376 1558 511 1588 dantibus
541 1559 566 1588 ei
593 1559 747 1595 auxilium,
776 1560 931 1590 consilium
961 1562 1005 1591 vel
1028 1563 1066 1592 sa-

321 1616 434 1645 vorem,
464 1617 522 1637 non
545 1608 626 1638 dabit
655 1609 759 1648 quovis
781 1610 866 1639 modo
889 1619 941 1649 per
968 1620 998 1640 se
1021 1612 1065 1641 vel

321 1657 411 1686 alium
435 1667 486 1687 seu
508 1657 590 1691 alios,
620 1657 730 1688 directe
758 1659 803 1688 vel
829 1659 985 1698 indirecte,
1016 1670 1066 1700 pu-

319 1705 395 1735 blice
422 1706 467 1735 vel
495 1706 620 1742 occulte,
649 1706 804 1742 auxilium,
836 1709 990 1738 consilium
1019 1710 1064 1739 vel

319 1755 459 1793 favorem,
479 1764 534 1785 nec
556 1755 591 1784 ab
613 1755 691 1793 aliis,
722 1761 864 1795 quantum
888 1758 917 1787 in
940 1767 974 1787 eo
997 1759 1063 1797 erit,

318 1803 343 1834 si
365 1804 508 1843 impedire
532 1804 649 1843 poterit,
673 1804 737 1834 dari
761 1806 919 1844 permittet,
944 1808 993 1837 sed
1015 1817 1064 1838 eos

318 1853 399 1883 iuxta
422 1862 506 1892 posse
529 1862 626 1889 suum,
644 1853 736 1883 donec
753 1860 976 1892 convertantur,
1000 1866 1064 1895 per-

318 1906 457 1941 sequetur
479 1906 507 1932 et
529 1902 726 1941 impugnabit.
743 1903 777 1932 Et
799 1903 925 1934 ulterius
942 1906 1064 1944 promit-

317 1955 368 1989 to,
401 1951 479 1991 quod
511 1951 575 1990 ipse
606 1952 726 1982 Carolus
760 1962 811 1983 rex
844 1954 918 1984 infra
952 1964 1061 1986 annum

317 2000 414 2029 omnia
438 2004 466 2030 et
483 2000 599 2038 singula
623 2001 770 2032 mediante
799 2004 889 2032 aurea
915 2003 995 2034 bulla
1018 2014 1062 2034 ra-

318 2048 452 2082 tificabit.
487 2051 535 2080 Sic
567 2050 677 2080 dictum
701 2050 836 2081 Carolum
864 2062 963 2091 regem
986 2054 1061 2084 Deus

316 2100 446 2138 adiuvet,
470 2103 498 2129 et
530 2098 602 2128 haec
635 2102 734 2128 sancta
757 2099 807 2129 Dei
830 2100 999 2140 Evangelia.
1025 2121 1059 2125 —

315 2149 424 2185 Iuravi,
448 2153 479 2179 ut
501 2157 601 2188 supra,
629 2157 682 2186 ego
709 2148 842 2179 MICHAEL
868 2151 1060 2190 Fuinenlcrs,

315 2198 475 2228 cardinalis
496 2197 537 2227 DE
560 2197 711 2227 ALTHANN.

359 2257 452 2301 §13
488 2257 574 2289 Nulli
613 2266 692 2298 ergo
724 2257 856 2290 omnino
889 2258 1061 2293 hominum

314 2310 411 2344 liceat
440 2310 524 2343 hanc
559 2310 712 2353 paginam
754 2317 885 2344 nostrae
918 2323 1061 2346 reserva-

315 2362 424 2403 tionis,
449 2363 671 2402 admissionis,
692 2365 930 2405 concessionis,
949 2367 1061 2410 elargi-

315 2415 424 2454 tionis,
450 2415 693 2457 infeudationis,
713 2416 932 2459 investiturae,
950 2421 1062 2452 volun·

314 2469 390 2501 tatis
421 2469 471 2502 vel
504 2469 697 2502 intentionis
723 2470 903 2515 infringere
920 2500 927 2514 ‚
954 2476 1004 2507 vel
1031 2474 1059 2507 ei

314 2531 394 2555 ausu
411 2522 583 2556 temerario
601 2523 779 2564 contraire3
802 2525 828 2557 si
855 2526 927 2569 quis
953 2532 1060 2560 autem

313 2575 377 2608 hoc
400 2580 561 2609 attentare
586 2577 864 2621 praesumpserit,
903 2579 1055 2622 indigna-

311 2628 435 2663 tionem
464 2627 697 2672 omnipotentis
722 2630 779 2664 Dei
816 2642 853 2666 ac
887 2632 1058 2667 beatorum

401 2691 483 2720 Bulz.
499 2691 584 2720 Rom.
605 2706 640 2713 —
663 2692 724 2721 Vol.
745 2693 822 2722 XXI.
969 2695 1018 2724 115

1115 289 1201 322 Petri
1228 294 1260 322 et
1286 288 1375 322 Pauli
1401 289 1624 332 apostolorum
1652 289 1719 321 eius
1745 299 1777 320 se
1804 298 1862 321 no-

1115 344 1197 377 verit
1221 344 1443 377 incursu·.·um.

1159 397 1273 429 Datum
1301 396 1433 434 Romae,
1459 395 1544 438 apud
1579 395 1608 427 S
1635 395 1768 429 Mariam
1789 395 1857 427 Ma-

1115 450 1231 490 iorem,
1272 460 1356 482 anno
1397 448 1634 481 Incarnationis
1676 447 1860 480 dominicae

1114 512 1276 543 unccxxn,
1307 513 1324 536 v
1356 502 1426 535 idus
1452 501 1546 543 iunii,
1573 501 1776 545 pontificatus
1802 510 1861 533 no-

1115 556 1171 588 stri
1197 565 1284 588 anno
1311 565 1346 588 11.

1148 618 1211 644 Dat.
1229 617 1275 644 die
1289 617 1305 644 9
1320 616 1387 644 iunii
1406 616 1484 650 1792,
1502 616 1602 651 pontif.
1620 623 1740 643 annon.

1246 705 1294 754 ᾖ
1312 705 1399 741 EGO
1428 705 1726 740 INNOCENTIUS

1179 775 1380 800 CATHOLICAE
1405 775 1576 798 ECCLESIAE
1601 774 1773 797 EPISCOPUS
1780 790 1786 796 .

1450 1010 1513 1062 Q,

1453 1044 1510 1168 ἐξ
1549 1051 1690 1114 scriis¹

1464 1152 1505 1163 hv
1539 1107 1693 1142 PAULUs

1243 1042 1417 1102 s⁶scrns

1225 1109 1237 1143 s
1280 1111 1431 1146 perans

1106 1616 1125 1653 †
1146 1614 1205 1654 Ego
1227 1614 1350 1645 Ioannes
1372 1615 1526 1655 episcopus
1548 1613 1732 1644 Tusculanus
1762 1612 1856 1642 cardi-

1187 1664 1262 1694 nalis
1285 1664 1394 1693 Iudice.

1106 1713 1124 1748 †
1145 1712 1204 1750 Ego
1227 1712 1349 1742 Ioannes
1372 1712 1528 1751 episcopus
1551 1711 1729 1741 Albanensis
1759 1712 1855 1742 cardi-

1186 1761 1261 1790 nalis
1284 1761 1449 1790 Paulutius.

1105 1811 1123 1845 ἥ-
1144 1809 1204 1848 Ego
1226 1809 1349 1839 Ioannes
1377 1810 1532 1849 episcopus
1555 1810 1763 1840 Praenestinus
1792 1819 1855 1840 car-2

1186 1858 1261 1887 nalis
1283 1857 1474 1888 Barberinus.

1104 1908 1122 1943 †
1144 1906 1177 1937 G.
1201 1907 1361 1936 cardinalis
1384 1907 1586 1937 Marescottus.

1104 1957 1122 1992 †
1145 1956 1204 1994 Ego
1226 1955 1330 1995 Ioseph
1364 1956 1442 1986 tituli
1471 1957 1501 1985 S.
1533 1956 1672 1986 Praxedis
1703 1957 1854 1997 presbyter

1186 2005 1343 2035 cardinalis
1366 2005 1564 2045 Sacripantes.

1103 2056 1120 2091 ἢ
1143 2053 1202 2092 Ego
1226 2054 1400 2084 Laurentius
1417 2054 1495 2084 tituli
1519 2055 1547 2085 S.
1566 2054 1646 2085 Petri
1669 2054 1704 2085 ad
1729 2055 1851 2087 Vi11cula

1184 2102 1335 2142 presbyter
1351 2103 1511 2133 cardinalis
1534 2104 1684 2134 Corsinus.

1102 2153 1120 2189 †
1141 2151 1200 2190 Ego
1224 2152 1377 2191 Philippus
1400 2152 1545 2182 Antonius
1568 2153 1647 2183 tituli
1677 2153 1705 2183 S.
1730 2153 1853 2194 Chryso-

1184 2200 1252 2238 goni
1275 2200 1426 2239 presbyter
1448 2201 1606 2231 cardinalis
1628 2202 1809 2233 Gualterius.

1102 2251 1119 2286 †
1142 2249 1202 2288 Ego
1228 2249 1332 2289 Ioseph
1365 2250 1443 2280 tituli
1474 2251 1503 2281 S.
1533 2251 1640 2281 Mariae
1669 2252 1851 2290 Angelorum

1183 2299 1343 2329 cardinalis
1366 2299 1567 2330 Vallemanus.

1102 2349 1119 2384 †
1141 2347 1200 2386 Ego
1223 2347 1252 2377 C.
1276 2348 1310 2377 Α.
1342 2348 1419 2378 tituli
1446 2349 1475 2379 S.
1509 2350 1665 2388 Augustini
1699 2350 1851 2390 presbyter

1182 2396 1342 2426 cardinalis
1364 2397 1528 2428 Fabronus.

1101 2447 1119 2482 ’1-
1145 2445 1205 2484 Ego
1237 2445 1382 2475 Antonius
1412 2446 1495 2476 Felix
1534 2447 1612 2477 tituli
1648 2447 1677 2477 S.
1711 2447 1849 2477 Balbinae

1182 2493 1335 2533 presbyter
1364 2494 1522 2525 cardinalis
1546 2495 1753 2525 Zondadarius.

1100 2543 1118 2579 †
1140 2542 1198 2580 Ego
1221 2542 1325 2572 Petrus
1348 2542 1426 2573 tituli
1449 2543 1477 2573 S.
1502 2543 1619 2573 Ioannis
1641 2548 1708 2573 ante
1731 2544 1848 2573 Portam

1179 2590 1313 2620 Latinam
1344 2592 1497 2632 presbyter
1526 2593 1684 2623 cardinalis
1713 2592 1848 2623 Corradi-

1180 2647 1248 2669 nus·

1757 230 1821 264 913
1869 239 1919 267 An.
1939 239 1966 267 c.
1988 238 2055 267 1722
