<?xml version="1.0" encoding="UTF-8"?>
<!DOCTYPE html PUBLIC "-//W3C//DTD XHTML 1.0 Transitional//EN"
    "http://www.w3.org/TR/xhtml1/DTD/xhtml1-transitional.dtd">
<html xmlns="http://www.w3.org/1999/xhtml" xml:lang="en" lang="en">
 <head>
  <title>
</title>
<meta http-equiv="Content-Type" content="text/html;charset=utf-8" />
  <meta name='ocr-system' content='tesseract 3.04.00' />
  <meta name='ocr-capabilities' content='ocr_page ocr_carea ocr_par ocr_line ocrx_word'/>
</head>
<body>
  <div class='ocr_page' id='page_1' title='image "./bullarumdiplomat21cath_0869.png"; bbox 0 0 2269 3203; ppageno 0'>
   <div class='ocr_carea' id='block_1_1' title="bbox 77 188 266 217">
    <p class='ocr_par' dir='ltr' id='par_1_1' title="bbox 77 188 266 217">
     <span class='ocr_line' id='line_1_1' title="bbox 77 188 266 217; baseline 0 0"><span class='ocrx_word' id='word_1_1' title='bbox 77 189 131 217; x_wconf 78' lang='lat' dir='ltr'>An.</span> <span class='ocrx_word' id='word_1_2' title='bbox 146 188 175 216; x_wconf 89' lang='lat' dir='ltr'>C.</span> <span class='ocrx_word' id='word_1_3' title='bbox 196 190 266 217; x_wconf 75' lang='lat'>¹716</span> 
     </span>
    </p>
   </div>
   <div class='ocr_carea' id='block_1_2' title="bbox 76 448 263 633">
    <p class='ocr_par' dir='ltr' id='par_1_2' title="bbox 76 448 263 633">
     <span class='ocr_line' id='line_1_2' title="bbox 136 448 263 469; baseline -0.008 0"><span class='ocrx_word' id='word_1_4' title='bbox 136 448 263 469; x_wconf 67' lang='lat' dir='ltr'>Instrumen-</span> 
     </span>
     <span class='ocr_line' id='line_1_3' title="bbox 76 476 262 496; baseline 0.005 -1"><span class='ocrx_word' id='word_1_5' title='bbox 76 477 119 495; x_wconf 83' lang='lat' dir='ltr'>tum</span> <span class='ocrx_word' id='word_1_6' title='bbox 147 476 262 496; x_wconf 59' lang='lat' dir='ltr'>absolutiu-</span> 
     </span>
     <span class='ocr_line' id='line_1_4' title="bbox 79 502 262 522; baseline 0 -1"><span class='ocrx_word' id='word_1_7' title='bbox 79 502 110 522; x_wconf 86' lang='lat' dir='ltr'>nis</span> <span class='ocrx_word' id='word_1_8' title='bbox 148 508 262 522; x_wconf 67' lang='lat' dir='ltr'>conressae</span> 
     </span>
     <span class='ocr_line' id='line_1_5' title="bbox 76 529 262 548; baseline 0.005 -1"><span class='ocrx_word' id='word_1_9' title='bbox 76 529 111 548; x_wconf 82' lang='lat' dir='ltr'>uni</span> <span class='ocrx_word' id='word_1_10' title='bbox 123 529 225 548; x_wconf 57' lang='lat' dir='ltr'>canuno-o</span> <span class='ocrx_word' id='word_1_11' title='bbox 236 529 262 548; x_wconf 68' lang='lat' dir='ltr'>ab</span> 
     </span>
     <span class='ocr_line' id='line_1_6' title="bbox 76 555 261 580; baseline 0 -6"><span class='ocrx_word' id='word_1_12' title='bbox 76 555 176 580; x_wconf 75' lang='lat' dir='ltr'>episcopo</span> <span class='ocrx_word' id='word_1_13' title='bbox 192 555 261 575; x_wconf 59' lang='lat' dir='ltr'>tlensi-</span> 
     </span>
     <span class='ocr_line' id='line_1_7' title="bbox 91 582 261 602; baseline 0.006 -1"><span class='ocrx_word' id='word_1_14' title='bbox 91 582 157 601; x_wconf 73' lang='lat' dir='ltr'>olensi</span> <span class='ocrx_word' id='word_1_15' title='bbox 185 582 261 602; x_wconf 74' lang='lat' dir='ltr'>subde·</span> 
     </span>
     <span class='ocr_line' id='line_1_8' title="bbox 85 611 156 633; baseline 0.014 -6"><span class='ocrx_word' id='word_1_16' title='bbox 85 611 156 633; x_wconf 71' lang='lat' dir='ltr'>egam.</span> 
     </span>
    </p>
   </div>
   <div class='ocr_carea' id='block_1_3' title="bbox 905 192 1175 217">
    <p class='ocr_par' dir='ltr' id='par_1_3' title="bbox 905 192 1175 217">
     <span class='ocr_line' id='line_1_9' title="bbox 905 192 1175 217; baseline 0 -1"><span class='ocrx_word' id='word_1_17' title='bbox 905 192 1046 217; x_wconf 69' lang='lat' dir='ltr'>cmm-:Ns</span> <span class='ocrx_word' id='word_1_18' title='bbox 1070 192 1103 216; x_wconf 73' lang='lat' dir='ltr'>XI</span> <span class='ocrx_word' id='word_1_19' title='bbox 1126 193 1175 216; x_wconf 69' lang='lat'>1³1³.</span> 
     </span>
    </p>
   </div>
   <div class='ocr_carea' id='block_1_4' title="bbox 272 239 1015 321">
    <p class='ocr_par' dir='ltr' id='par_1_4' title="bbox 272 239 1015 321">
     <span class='ocr_line' id='line_1_10' title="bbox 272 239 1014 281; baseline 0.001 -12"><span class='ocrx_word' id='word_1_20' title='bbox 272 239 367 270; x_wconf 85' lang='lat' dir='ltr'>omnia</span> <span class='ocrx_word' id='word_1_21' title='bbox 391 239 444 270; x_wconf 90' lang='lat' dir='ltr'>sub</span> <span class='ocrx_word' id='word_1_22' title='bbox 467 240 566 271; x_wconf 73' lang='lat' dir='ltr'>eadem</span> <span class='ocrx_word' id='word_1_23' title='bbox 584 241 708 271; x_wconf 64' lang='lat' dir='ltr'>formula</span> <span class='ocrx_word' id='word_1_24' title='bbox 729 246 867 281; x_wconf 88' lang='lat' dir='ltr'>concepta</span> <span class='ocrx_word' id='word_1_25' title='bbox 891 250 923 271; x_wconf 83' lang='lat' dir='ltr'>ac</span> <span class='ocrx_word' id='word_1_26' title='bbox 946 251 1014 271; x_wconf 81' lang='lat' dir='ltr'>exa-</span> 
     </span>
     <span class='ocr_line' id='line_1_11' title="bbox 272 289 1015 321; baseline 0.003 -4"><span class='ocrx_word' id='word_1_27' title='bbox 272 292 334 318; x_wconf 85' lang='lat' dir='ltr'>rata</span> <span class='ocrx_word' id='word_1_28' title='bbox 364 289 434 319; x_wconf 82' lang='lat' dir='ltr'>sint.</span> <span class='ocrx_word' id='word_1_29' title='bbox 458 290 555 320; x_wconf 64' lang='lat' dir='ltr'>snum</span> <span class='ocrx_word' id='word_1_30' title='bbox 585 291 778 321; x_wconf 87' lang='lat' dir='ltr'>nihilominus</span> <span class='ocrx_word' id='word_1_31' title='bbox 809 291 843 319; x_wconf 87' lang='lat' dir='ltr'>ad</span> <span class='ocrx_word' id='word_1_32' title='bbox 873 290 1015 320; x_wconf 75' lang='lat' dir='ltr'>historiae</span> 
     </span>
    </p>
   </div>
   <div class='ocr_carea' id='block_1_5' title="bbox 273 337 1038 378">
    <p class='ocr_par' dir='ltr' id='par_1_5' title="bbox 273 337 1038 378">
     <span class='ocr_line' id='line_1_12' title="bbox 273 337 1038 378; baseline 0.003 -12"><span class='ocrx_word' id='word_1_33' title='bbox 273 337 359 366; x_wconf 80' lang='lat' dir='ltr'>sidem</span> <span class='ocrx_word' id='word_1_34' title='bbox 383 338 567 378; x_wconf 87' lang='lat' dir='ltr'>subiicietur‚</span> <span class='ocrx_word' id='word_1_35' title='bbox 598 345 626 370; x_wconf 83' lang='lat' dir='ltr'>et</span> <span class='ocrx_word' id='word_1_36' title='bbox 654 345 697 369; x_wconf 90' lang='lat' dir='ltr'>est</span> <span class='ocrx_word' id='word_1_37' title='bbox 720 340 828 369; x_wconf 89' lang='lat' dir='ltr'>tenoris</span> <span class='ocrx_word' id='word_1_38' title='bbox 851 340 1013 378; x_wconf 80' lang='lat' dir='ltr'>sequentis,</span> <span class='ocrx_word' id='word_1_39' title='bbox 1037 350 1038 373; x_wconf 59' lang='grc' dir='ltr'>ι</span> 
     </span>
    </p>
   </div>
   <div class='ocr_carea' id='block_1_6' title="bbox 273 385 430 416">
    <p class='ocr_par' dir='ltr' id='par_1_6' title="bbox 273 385 430 416">
     <span class='ocr_line' id='line_1_13' title="bbox 273 385 430 416; baseline 0.013 -2"><span class='ocrx_word' id='word_1_40' title='bbox 273 385 430 416; x_wconf 82' lang='lat' dir='ltr'>videlicet:</span> 
     </span>
    </p>
   </div>
   <div class='ocr_carea' id='block_1_7' title="bbox 317 434 1038 476">
    <p class='ocr_par' dir='ltr' id='par_1_7' title="bbox 317 434 1038 476">
     <span class='ocr_line' id='line_1_14' title="bbox 317 434 1038 476; baseline 0.006 -14"><span class='ocrx_word' id='word_1_41' title='bbox 317 444 329 462; x_wconf 65' lang='lat' dir='ltr'>(t</span> <span class='ocrx_word' id='word_1_42' title='bbox 346 434 447 465; x_wconf 84' lang='lat' dir='ltr'>Coram</span> <span class='ocrx_word' id='word_1_43' title='bbox 464 437 708 467; x_wconf 76' lang='lat' dir='ltr'>reverendissimo</span> <span class='ocrx_word' id='word_1_44' title='bbox 724 437 841 466; x_wconf 88' lang='lat' dir='ltr'>domino</span> <span class='ocrx_word' id='word_1_45' title='bbox 855 437 1014 476; x_wconf 62' lang='lat' dir='ltr'>Hyacinthe</span> <span class='ocrx_word' id='word_1_46' title='bbox 1036 468 1038 474; x_wconf 23' lang='lat' dir='ltr'><strong>f</strong></span> 
     </span>
    </p>
   </div>
   <div class='ocr_carea' id='block_1_8' title="bbox 264 483 1016 2626">
    <p class='ocr_par' dir='ltr' id='par_1_8' title="bbox 264 483 1016 2626">
     <span class='ocr_line' id='line_1_15' title="bbox 274 483 1016 525; baseline 0.003 -12"><span class='ocrx_word' id='word_1_47' title='bbox 274 483 348 514; x_wconf 84' lang='lat' dir='ltr'>Petit</span> <span class='ocrx_word' id='word_1_48' title='bbox 371 486 506 525; x_wconf 85' lang='lat' dir='ltr'>episcopo</span> <span class='ocrx_word' id='word_1_49' title='bbox 531 486 740 525; x_wconf 85' lang='lat' dir='ltr'>Ileliopoliensi</span> <span class='ocrx_word' id='word_1_50' title='bbox 761 485 879 515; x_wconf 80' lang='lat' dir='ltr'>Ordinis</span> <span class='ocrx_word' id='word_1_51' title='bbox 899 486 1016 516; x_wconf 89' lang='lat' dir='ltr'>Carme-</span> 
     </span>
     <span class='ocr_line' id='line_1_16' title="bbox 274 532 1012 572; baseline 0.003 -11"><span class='ocrx_word' id='word_1_52' title='bbox 274 532 390 562; x_wconf 89' lang='lat' dir='ltr'>litarum</span> <span class='ocrx_word' id='word_1_53' title='bbox 407 534 548 563; x_wconf 79' lang='lat' dir='ltr'>eeclesiae</span> <span class='ocrx_word' id='word_1_54' title='bbox 567 534 801 572; x_wconf 81' lang='lat' dir='ltr'>Osnabrugensis</span> <span class='ocrx_word' id='word_1_55' title='bbox 818 535 1012 572; x_wconf 76' lang='lat' dir='ltr'>suffraganeo,</span> 
     </span>
     <span class='ocr_line' id='line_1_17' title="bbox 273 581 1013 613; baseline 0 -2"><span class='ocrx_word' id='word_1_56' title='bbox 273 581 308 611; x_wconf 88' lang='lat' dir='ltr'>ab</span> <span class='ocrx_word' id='word_1_57' title='bbox 330 582 530 612; x_wconf 80' lang='lat' dir='ltr'>illustrissimo</span> <span class='ocrx_word' id='word_1_58' title='bbox 561 588 588 613; x_wconf 90' lang='lat' dir='ltr'>et</span> <span class='ocrx_word' id='word_1_59' title='bbox 617 584 862 613; x_wconf 76' lang='lat' dir='ltr'>reverendissimo</span> <span class='ocrx_word' id='word_1_60' title='bbox 895 584 1013 613; x_wconf 85' lang='lat' dir='ltr'>domino</span> 
     </span>
     <span class='ocr_line' id='line_1_18' title="bbox 272 632 1012 671; baseline 0.001 -10"><span class='ocrx_word' id='word_1_61' title='bbox 272 632 492 671; x_wconf 74' lang='lat' dir='ltr'>archiepiscopo</span> <span class='ocrx_word' id='word_1_62' title='bbox 515 632 663 669; x_wconf 83' lang='lat' dir='ltr'>Tarsensi,</span> <span class='ocrx_word' id='word_1_63' title='bbox 696 633 873 662; x_wconf 79' lang='lat' dir='ltr'>sanctissimi</span> <span class='ocrx_word' id='word_1_64' title='bbox 903 633 1012 662; x_wconf 88' lang='lat' dir='ltr'>domini</span> 
     </span>
     <span class='ocr_line' id='line_1_19' title="bbox 272 681 1014 721; baseline 0 -10"><span class='ocrx_word' id='word_1_65' title='bbox 272 682 364 711; x_wconf 87' lang='lat' dir='ltr'>nostri</span> <span class='ocrx_word' id='word_1_66' title='bbox 387 686 416 711; x_wconf 87' lang='lat' dir='ltr'>ct</span> <span class='ocrx_word' id='word_1_67' title='bbox 437 686 553 711; x_wconf 87' lang='lat' dir='ltr'>sanctae</span> <span class='ocrx_word' id='word_1_68' title='bbox 575 681 657 711; x_wconf 83' lang='lat' dir='ltr'>Sedis</span> <span class='ocrx_word' id='word_1_69' title='bbox 679 682 863 721; x_wconf 74' lang='lat' dir='ltr'>Apostolicae</span> <span class='ocrx_word' id='word_1_70' title='bbox 893 682 927 711; x_wconf 83' lang='lat' dir='ltr'>ad</span> <span class='ocrx_word' id='word_1_71' title='bbox 956 686 1014 711; x_wconf 86' lang='lat' dir='ltr'>tra-</span> 
     </span>
     <span class='ocr_line' id='line_1_20' title="bbox 271 730 1012 773; baseline 0 -13"><span class='ocrx_word' id='word_1_72' title='bbox 271 735 350 760; x_wconf 87' lang='lat' dir='ltr'>ctum</span> <span class='ocrx_word' id='word_1_73' title='bbox 374 731 468 760; x_wconf 75' lang='lat' dir='ltr'>Rheni</span> <span class='ocrx_word' id='word_1_74' title='bbox 499 730 630 769; x_wconf 87' lang='lat' dir='ltr'>aliasque</span> <span class='ocrx_word' id='word_1_75' title='bbox 659 730 806 760; x_wconf 80' lang='lat' dir='ltr'>inferioris</span> <span class='ocrx_word' id='word_1_76' title='bbox 839 731 1012 773; x_wconf 84' lang='lat' dir='ltr'>Germaniae</span> 
     </span>
     <span class='ocr_line' id='line_1_21' title="bbox 271 779 1012 818; baseline -0.001 -10"><span class='ocrx_word' id='word_1_77' title='bbox 271 784 368 818; x_wconf 83' lang='lat' dir='ltr'>partes</span> <span class='ocrx_word' id='word_1_78' title='bbox 400 779 519 816; x_wconf 87' lang='lat' dir='ltr'>nuncio,</span> <span class='ocrx_word' id='word_1_79' title='bbox 543 779 679 809; x_wconf 85' lang='lat' dir='ltr'>adhunc</span> <span class='ocrx_word' id='word_1_80' title='bbox 710 788 810 809; x_wconf 88' lang='lat' dir='ltr'>casum</span> <span class='ocrx_word' id='word_1_81' title='bbox 845 779 1012 818; x_wconf 77' lang='lat' dir='ltr'>specialiter</span> 
     </span>
     <span class='ocr_line' id='line_1_22' title="bbox 271 827 1013 867; baseline 0 -10"><span class='ocrx_word' id='word_1_82' title='bbox 271 827 469 866; x_wconf 78' lang='lat' dir='ltr'>subdelegato,</span> <span class='ocrx_word' id='word_1_83' title='bbox 480 837 585 866; x_wconf 82' lang='lat' dir='ltr'>meque</span> <span class='ocrx_word' id='word_1_84' title='bbox 599 828 712 858; x_wconf 88' lang='lat' dir='ltr'>notario</span> <span class='ocrx_word' id='word_1_85' title='bbox 725 828 924 867; x_wconf 81' lang='lat' dir='ltr'>infrascripto,</span> <span class='ocrx_word' id='word_1_86' title='bbox 935 836 1013 858; x_wconf 88' lang='lat' dir='ltr'>com-</span> 
     </span>
     <span class='ocr_line' id='line_1_23' title="bbox 270 875 1012 915; baseline 0 -10"><span class='ocrx_word' id='word_1_87' title='bbox 270 875 367 914; x_wconf 82' lang='lat' dir='ltr'>paruit</span> <span class='ocrx_word' id='word_1_88' title='bbox 390 875 653 905; x_wconf 78' lang='lat' dir='ltr'>reverendissimus</span> <span class='ocrx_word' id='word_1_89' title='bbox 675 880 703 905; x_wconf 92' lang='lat' dir='ltr'>et</span> <span class='ocrx_word' id='word_1_90' title='bbox 721 876 896 915; x_wconf 79' lang='lat' dir='ltr'>perillustris</span> <span class='ocrx_word' id='word_1_91' title='bbox 919 876 1012 906; x_wconf 89' lang='lat' dir='ltr'>domi-</span> 
     </span>
     <span class='ocr_line' id='line_1_24' title="bbox 270 924 1012 963; baseline 0.001 -10"><span class='ocrx_word' id='word_1_92' title='bbox 270 933 324 953; x_wconf 88' lang='lat' dir='ltr'>nus</span> <span class='ocrx_word' id='word_1_93' title='bbox 346 924 381 954; x_wconf 80' lang='lat' dir='ltr'>N.</span> <span class='ocrx_word' id='word_1_94' title='bbox 408 924 443 954; x_wconf 87' lang='lat' dir='ltr'>N.</span> <span class='ocrx_word' id='word_1_95' title='bbox 471 925 611 954; x_wconf 82' lang='lat' dir='ltr'>ecclesiae</span> <span class='ocrx_word' id='word_1_96' title='bbox 633 924 869 963; x_wconf 76' lang='lat' dir='ltr'>Osnabrugensis</span> <span class='ocrx_word' id='word_1_97' title='bbox 892 925 1012 954; x_wconf 86' lang='lat' dir='ltr'>canoni-</span> 
     </span>
     <span class='ocr_line' id='line_1_25' title="bbox 270 973 1010 1013; baseline 0 -11"><span class='ocrx_word' id='word_1_98' title='bbox 270 982 334 1011; x_wconf 77' lang='lat' dir='ltr'>cuS,</span> <span class='ocrx_word' id='word_1_99' title='bbox 352 978 421 1010; x_wconf 65' lang='lat' dir='ltr'>etc„</span> <span class='ocrx_word' id='word_1_100' title='bbox 445 978 473 1003; x_wconf 88' lang='lat' dir='ltr'>et</span> <span class='ocrx_word' id='word_1_101' title='bbox 495 974 641 1013; x_wconf 81' lang='lat' dir='ltr'>exposuit,</span> <span class='ocrx_word' id='word_1_102' title='bbox 661 973 737 1013; x_wconf 87' lang='lat' dir='ltr'>quod</span> <span class='ocrx_word' id='word_1_103' title='bbox 755 974 837 1012; x_wconf 81' lang='lat' dir='ltr'>alias,</span> <span class='ocrx_word' id='word_1_104' title='bbox 856 979 1010 1012; x_wconf 76' lang='lat' dir='ltr'>postquam</span> 
     </span>
     <span class='ocr_line' id='line_1_26' title="bbox 269 1021 1008 1061; baseline 0 -9"><span class='ocrx_word' id='word_1_105' title='bbox 269 1021 362 1052; x_wconf 85' lang='lat' dir='ltr'>bonae</span> <span class='ocrx_word' id='word_1_106' title='bbox 379 1022 535 1052; x_wconf 81' lang='lat' dir='ltr'>memoriae</span> <span class='ocrx_word' id='word_1_107' title='bbox 551 1022 669 1052; x_wconf 81' lang='lat' dir='ltr'>Carolus</span> <span class='ocrx_word' id='word_1_108' title='bbox 691 1032 705 1052; x_wconf 90' lang='lat' dir='ltr'>a</span> <span class='ocrx_word' id='word_1_109' title='bbox 723 1023 921 1061; x_wconf 78' lang='lat' dir='ltr'>Lotharingia,</span> <span class='ocrx_word' id='word_1_110' title='bbox 940 1023 1008 1052; x_wconf 87' lang='lat' dir='ltr'>dum</span> 
     </span>
     <span class='ocr_line' id='line_1_27' title="bbox 270 1071 1010 1110; baseline 0 -10"><span class='ocrx_word' id='word_1_111' title='bbox 270 1071 354 1109; x_wconf 84' lang='lat' dir='ltr'>vixit,</span> <span class='ocrx_word' id='word_1_112' title='bbox 378 1071 486 1101; x_wconf 87' lang='lat' dir='ltr'>electus</span> <span class='ocrx_word' id='word_1_113' title='bbox 508 1071 703 1109; x_wconf 76' lang='lat' dir='ltr'>Trevirensis,</span> <span class='ocrx_word' id='word_1_114' title='bbox 727 1072 755 1101; x_wconf 83' lang='lat' dir='ltr'>S.</span> <span class='ocrx_word' id='word_1_115' title='bbox 775 1072 809 1101; x_wconf 79' lang='lat' dir='ltr'>R.</span> <span class='ocrx_word' id='word_1_116' title='bbox 831 1071 852 1100; x_wconf 93' lang='lat' dir='ltr'>l.</span> <span class='ocrx_word' id='word_1_117' title='bbox 874 1072 1010 1110; x_wconf 74' lang='lat' dir='ltr'>princeps</span> 
     </span>
     <span class='ocr_line' id='line_1_28' title="bbox 270 1119 1010 1158; baseline -0.001 -8"><span class='ocrx_word' id='word_1_118' title='bbox 270 1120 389 1158; x_wconf 79' lang='lat' dir='ltr'>elector,</span> <span class='ocrx_word' id='word_1_119' title='bbox 409 1129 522 1150; x_wconf 81' lang='lat' dir='ltr'>necnon</span> <span class='ocrx_word' id='word_1_120' title='bbox 545 1120 685 1150; x_wconf 80' lang='lat' dir='ltr'>ecclesiae</span> <span class='ocrx_word' id='word_1_121' title='bbox 707 1119 941 1158; x_wconf 77' lang='lat' dir='ltr'>Osnabrugensis</span> <span class='ocrx_word' id='word_1_122' title='bbox 963 1120 1010 1150; x_wconf 86' lang='lat' dir='ltr'>ad-</span> 
     </span>
     <span class='ocr_line' id='line_1_29' title="bbox 269 1169 1007 1209; baseline 0.001 -10"><span class='ocrx_word' id='word_1_123' title='bbox 269 1170 469 1207; x_wconf 88' lang='lat' dir='ltr'>ministrator,</span> <span class='ocrx_word' id='word_1_124' title='bbox 501 1169 633 1200; x_wconf 88' lang='lat' dir='ltr'>debitum</span> <span class='ocrx_word' id='word_1_125' title='bbox 661 1174 782 1200; x_wconf 87' lang='lat' dir='ltr'>naturae</span> <span class='ocrx_word' id='word_1_126' title='bbox 810 1170 1007 1209; x_wconf 81' lang='lat' dir='ltr'>persolverat,</span> 
     </span>
     <span class='ocr_line' id='line_1_30' title="bbox 270 1218 1009 1258; baseline 0 -10"><span class='ocrx_word' id='word_1_127' title='bbox 270 1218 429 1258; x_wconf 88' lang='lat' dir='ltr'>capitulum</span> <span class='ocrx_word' id='word_1_128' title='bbox 452 1223 480 1248; x_wconf 90' lang='lat' dir='ltr'>et</span> <span class='ocrx_word' id='word_1_129' title='bbox 500 1219 634 1248; x_wconf 87' lang='lat' dir='ltr'>canonici</span> <span class='ocrx_word' id='word_1_130' title='bbox 656 1219 785 1249; x_wconf 89' lang='lat' dir='ltr'>eiusdem</span> <span class='ocrx_word' id='word_1_131' title='bbox 802 1219 1009 1257; x_wconf 78' lang='lat' dir='ltr'>Osnahrugen-</span> 
     </span>
     <span class='ocr_line' id='line_1_31' title="bbox 269 1267 1008 1307; baseline 0.003 -11"><span class='ocrx_word' id='word_1_132' title='bbox 269 1267 308 1296; x_wconf 88' lang='lat' dir='ltr'>sis</span> <span class='ocrx_word' id='word_1_133' title='bbox 330 1267 473 1297; x_wconf 85' lang='lat' dir='ltr'>ecclesiae</span> <span class='ocrx_word' id='word_1_134' title='bbox 502 1277 553 1307; x_wconf 90' lang='lat' dir='ltr'>pro</span> <span class='ocrx_word' id='word_1_135' title='bbox 583 1267 675 1298; x_wconf 85' lang='lat' dir='ltr'>futuri</span> <span class='ocrx_word' id='word_1_136' title='bbox 703 1268 832 1307; x_wconf 85' lang='lat' dir='ltr'>episcopi</span> <span class='ocrx_word' id='word_1_137' title='bbox 866 1268 1008 1298; x_wconf 78' lang='lat' dir='ltr'>electione</span> 
     </span>
     <span class='ocr_line' id='line_1_32' title="bbox 268 1314 1006 1355; baseline 0.001 -11"><span class='ocrx_word' id='word_1_138' title='bbox 268 1314 314 1344; x_wconf 91' lang='lat' dir='ltr'>die</span> <span class='ocrx_word' id='word_1_139' title='bbox 335 1315 371 1344; x_wconf 90' lang='lat' dir='ltr'>ad</span> <span class='ocrx_word' id='word_1_140' title='bbox 392 1315 421 1345; x_wconf 88' lang='lat' dir='ltr'>id</span> <span class='ocrx_word' id='word_1_141' title='bbox 454 1316 583 1355; x_wconf 73' lang='lat' dir='ltr'>praefixa</span> <span class='ocrx_word' id='word_1_142' title='bbox 614 1316 823 1346; x_wconf 80' lang='lat' dir='ltr'>convenientes</span> <span class='ocrx_word' id='word_1_143' title='bbox 853 1316 882 1345; x_wconf 93' lang='lat' dir='ltr'>in</span> <span class='ocrx_word' id='word_1_144' title='bbox 916 1325 1006 1346; x_wconf 91' lang='lat' dir='ltr'>unum</span> 
     </span>
     <span class='ocr_line' id='line_1_33' title="bbox 267 1363 1008 1404; baseline 0.003 -11"><span class='ocrx_word' id='word_1_145' title='bbox 267 1363 399 1394; x_wconf 91' lang='lat' dir='ltr'>inaudito</span> <span class='ocrx_word' id='word_1_146' title='bbox 422 1365 554 1404; x_wconf 83' lang='lat' dir='ltr'>exemplo</span> <span class='ocrx_word' id='word_1_147' title='bbox 577 1365 740 1404; x_wconf 87' lang='lat' dir='ltr'>principem</span> <span class='ocrx_word' id='word_1_148' title='bbox 769 1365 922 1395; x_wconf 86' lang='lat' dir='ltr'>Ernestum</span> <span class='ocrx_word' id='word_1_149' title='bbox 951 1365 1008 1395; x_wconf 78' lang='lat' dir='ltr'>Au-</span> 
     </span>
     <span class='ocr_line' id='line_1_34' title="bbox 267 1413 1007 1452; baseline 0.003 -10"><span class='ocrx_word' id='word_1_150' title='bbox 267 1417 385 1450; x_wconf 87' lang='lat' dir='ltr'>gustum</span> <span class='ocrx_word' id='word_1_151' title='bbox 418 1423 433 1443; x_wconf 93' lang='lat' dir='ltr'>e</span> <span class='ocrx_word' id='word_1_152' title='bbox 465 1413 682 1444; x_wconf 74' lang='lat' dir='ltr'>Brunswicensi</span> <span class='ocrx_word' id='word_1_153' title='bbox 715 1424 748 1444; x_wconf 89' lang='lat' dir='ltr'>ac</span> <span class='ocrx_word' id='word_1_154' title='bbox 786 1413 1007 1452; x_wconf 79' lang='lat' dir='ltr'>Luneburgensi</span> 
     </span>
     <span class='ocr_line' id='line_1_35' title="bbox 268 1462 1007 1503; baseline 0 -11"><span class='ocrx_word' id='word_1_155' title='bbox 268 1462 353 1492; x_wconf 90' lang='lat' dir='ltr'>domo</span> <span class='ocrx_word' id='word_1_156' title='bbox 376 1462 569 1492; x_wconf 80' lang='lat' dir='ltr'>acatholicum</span> <span class='ocrx_word' id='word_1_157' title='bbox 593 1463 622 1492; x_wconf 91' lang='lat' dir='ltr'>in</span> <span class='ocrx_word' id='word_1_158' title='bbox 644 1463 814 1503; x_wconf 83' lang='lat' dir='ltr'>episcopum</span> <span class='ocrx_word' id='word_1_159' title='bbox 830 1467 1007 1493; x_wconf 80' lang='lat' dir='ltr'>memoratae</span> 
     </span>
     <span class='ocr_line' id='line_1_36' title="bbox 267 1509 1008 1549; baseline 0.003 -9"><span class='ocrx_word' id='word_1_160' title='bbox 267 1509 499 1549; x_wconf 77' lang='lat' dir='ltr'>osnabrugensis</span> <span class='ocrx_word' id='word_1_161' title='bbox 521 1511 661 1541; x_wconf 89' lang='lat' dir='ltr'>ecclesiae</span> <span class='ocrx_word' id='word_1_162' title='bbox 687 1511 882 1542; x_wconf 76' lang='lat' dir='ltr'>concordibus</span> <span class='ocrx_word' id='word_1_163' title='bbox 904 1512 1008 1542; x_wconf 74' lang='lat' dir='ltr'>suffra-</span> 
     </span>
     <span class='ocr_line' id='line_1_37' title="bbox 267 1558 1006 1600; baseline 0.003 -12"><span class='ocrx_word' id='word_1_164' title='bbox 267 1558 323 1597; x_wconf 83' lang='lat' dir='ltr'>giis</span> <span class='ocrx_word' id='word_1_165' title='bbox 346 1560 579 1598; x_wconf 85' lang='lat' dir='ltr'>postulaverint;</span> <span class='ocrx_word' id='word_1_166' title='bbox 611 1569 677 1590; x_wconf 88' lang='lat' dir='ltr'>cum</span> <span class='ocrx_word' id='word_1_167' title='bbox 709 1565 805 1590; x_wconf 90' lang='lat' dir='ltr'>autem</span> <span class='ocrx_word' id='word_1_168' title='bbox 840 1561 1006 1600; x_wconf 87' lang='lat' dir='ltr'>praedictus</span> 
     </span>
     <span class='ocr_line' id='line_1_38' title="bbox 268 1609 1004 1648; baseline 0.001 -10"><span class='ocrx_word' id='word_1_169' title='bbox 268 1609 530 1639; x_wconf 87' lang='lat' dir='ltr'>reverendissimus</span> <span class='ocrx_word' id='word_1_170' title='bbox 545 1614 573 1639; x_wconf 92' lang='lat' dir='ltr'>et</span> <span class='ocrx_word' id='word_1_171' title='bbox 588 1610 764 1648; x_wconf 83' lang='lat' dir='ltr'>perillustris</span> <span class='ocrx_word' id='word_1_172' title='bbox 779 1610 914 1640; x_wconf 87' lang='lat' dir='ltr'>dominus</span> <span class='ocrx_word' id='word_1_173' title='bbox 931 1610 1004 1639; x_wconf 52' lang='lat' dir='ltr'>RN.</span> 
     </span>
     <span class='ocr_line' id='line_1_39' title="bbox 267 1657 1006 1689; baseline 0.003 -2"><span class='ocrx_word' id='word_1_174' title='bbox 267 1657 368 1687; x_wconf 71' lang='lat' dir='ltr'>divina</span> <span class='ocrx_word' id='word_1_175' title='bbox 389 1658 508 1688; x_wconf 84' lang='lat' dir='ltr'>astlante</span> <span class='ocrx_word' id='word_1_176' title='bbox 530 1658 729 1688; x_wconf 76' lang='lat' dir='ltr'>misericordia</span> <span class='ocrx_word' id='word_1_177' title='bbox 755 1659 784 1688; x_wconf 92' lang='lat' dir='ltr'>in</span> <span class='ocrx_word' id='word_1_178' title='bbox 812 1668 842 1688; x_wconf 90' lang='lat' dir='ltr'>se</span> <span class='ocrx_word' id='word_1_179' title='bbox 870 1668 1006 1689; x_wconf 79' lang='lat' dir='ltr'>reversus</span> 
     </span>
     <span class='ocr_line' id='line_1_40' title="bbox 267 1707 1006 1745; baseline 0 -9"><span class='ocrx_word' id='word_1_180' title='bbox 267 1707 419 1744; x_wconf 80' lang='lat' dir='ltr'>agnoverit</span> <span class='ocrx_word' id='word_1_181' title='bbox 441 1711 469 1737; x_wconf 89' lang='lat' dir='ltr'>et</span> <span class='ocrx_word' id='word_1_182' title='bbox 490 1712 627 1745; x_wconf 82' lang='lat' dir='ltr'>agnoscat</span> <span class='ocrx_word' id='word_1_183' title='bbox 654 1717 684 1737; x_wconf 91' lang='lat' dir='ltr'>se</span> <span class='ocrx_word' id='word_1_184' title='bbox 707 1707 742 1736; x_wconf 93' lang='lat' dir='ltr'>ob</span> <span class='ocrx_word' id='word_1_185' title='bbox 765 1716 939 1737; x_wconf 86' lang='lat' dir='ltr'>concursum</span> <span class='ocrx_word' id='word_1_186' title='bbox 958 1707 1006 1737; x_wconf 90' lang='lat' dir='ltr'>ha-</span> 
     </span>
     <span class='ocr_line' id='line_1_41' title="bbox 267 1754 1006 1795; baseline 0.003 -11"><span class='ocrx_word' id='word_1_187' title='bbox 267 1754 362 1785; x_wconf 86' lang='lat' dir='ltr'>bitum</span> <span class='ocrx_word' id='word_1_188' title='bbox 385 1765 451 1786; x_wconf 92' lang='lat' dir='ltr'>cum</span> <span class='ocrx_word' id='word_1_189' title='bbox 474 1755 580 1785; x_wconf 84' lang='lat' dir='ltr'>ceteris</span> <span class='ocrx_word' id='word_1_190' title='bbox 601 1755 750 1785; x_wconf 85' lang='lat' dir='ltr'>canonicis</span> <span class='ocrx_word' id='word_1_191' title='bbox 765 1756 795 1785; x_wconf 87' lang='lat' dir='ltr'>in</span> <span class='ocrx_word' id='word_1_192' title='bbox 812 1756 1006 1795; x_wconf 85' lang='lat' dir='ltr'>postulatione</span> 
     </span>
     <span class='ocr_line' id='line_1_42' title="bbox 266 1803 1003 1843; baseline 0.001 -10"><span class='ocrx_word' id='word_1_193' title='bbox 266 1803 295 1833; x_wconf 92' lang='lat' dir='ltr'>in</span> <span class='ocrx_word' id='word_1_194' title='bbox 318 1804 486 1843; x_wconf 86' lang='lat' dir='ltr'>episcopum</span> <span class='ocrx_word' id='word_1_195' title='bbox 502 1803 661 1841; x_wconf 83' lang='lat' dir='ltr'>supradicti</span> <span class='ocrx_word' id='word_1_196' title='bbox 679 1803 820 1843; x_wconf 88' lang='lat' dir='ltr'>principis</span> <span class='ocrx_word' id='word_1_197' title='bbox 839 1804 1003 1843; x_wconf 85' lang='lat' dir='ltr'>acatholici,</span> 
     </span>
     <span class='ocr_line' id='line_1_43' title="bbox 267 1852 1002 1893; baseline 0.004 -11"><span class='ocrx_word' id='word_1_198' title='bbox 267 1857 295 1883; x_wconf 91' lang='lat' dir='ltr'>et</span> <span class='ocrx_word' id='word_1_199' title='bbox 316 1853 347 1882; x_wconf 88' lang='lat' dir='ltr'>in</span> <span class='ocrx_word' id='word_1_200' title='bbox 369 1853 434 1883; x_wconf 88' lang='lat' dir='ltr'>aliis</span> <span class='ocrx_word' id='word_1_201' title='bbox 449 1852 563 1882; x_wconf 84' lang='lat' dir='ltr'>actibus</span> <span class='ocrx_word' id='word_1_202' title='bbox 579 1853 807 1883; x_wconf 79' lang='lat' dir='ltr'>concomitanter</span> <span class='ocrx_word' id='word_1_203' title='bbox 828 1854 1002 1893; x_wconf 76' lang='lat' dir='ltr'>subsecutis,</span> 
     </span>
     <span class='ocr_line' id='line_1_44' title="bbox 265 1901 1005 1941; baseline 0.004 -10"><span class='ocrx_word' id='word_1_204' title='bbox 265 1901 404 1932; x_wconf 88' lang='lat' dir='ltr'>incidisse</span> <span class='ocrx_word' id='word_1_205' title='bbox 426 1902 457 1932; x_wconf 93' lang='lat' dir='ltr'>in</span> <span class='ocrx_word' id='word_1_206' title='bbox 475 1911 615 1932; x_wconf 85' lang='lat' dir='ltr'>censuras</span> <span class='ocrx_word' id='word_1_207' title='bbox 633 1907 659 1932; x_wconf 89' lang='lat' dir='ltr'>et</span> <span class='ocrx_word' id='word_1_208' title='bbox 677 1912 784 1941; x_wconf 85' lang='lat' dir='ltr'>poenas</span> <span class='ocrx_word' id='word_1_209' title='bbox 807 1912 821 1932; x_wconf 88' lang='lat' dir='ltr'>a</span> <span class='ocrx_word' id='word_1_210' title='bbox 845 1904 933 1934; x_wconf 87' lang='lat' dir='ltr'>sacris</span> <span class='ocrx_word' id='word_1_211' title='bbox 957 1914 1005 1934; x_wconf 90' lang='lat' dir='ltr'>ca-</span> 
     </span>
     <span class='ocr_line' id='line_1_45' title="bbox 265 1950 1004 1991; baseline 0.003 -11"><span class='ocrx_word' id='word_1_212' title='bbox 265 1950 392 1980; x_wconf 86' lang='lat' dir='ltr'>nonibus</span> <span class='ocrx_word' id='word_1_213' title='bbox 413 1955 441 1981; x_wconf 91' lang='lat' dir='ltr'>et</span> <span class='ocrx_word' id='word_1_214' title='bbox 464 1950 722 1981; x_wconf 87' lang='lat' dir='ltr'>constitutionibus</span> <span class='ocrx_word' id='word_1_215' title='bbox 743 1952 911 1991; x_wconf 85' lang='lat' dir='ltr'>apostolicis</span> <span class='ocrx_word' id='word_1_216' title='bbox 938 1962 1004 1982; x_wconf 88' lang='lat' dir='ltr'>san-</span> 
     </span>
     <span class='ocr_line' id='line_1_46' title="bbox 265 1999 1004 2038; baseline 0.003 -9"><span class='ocrx_word' id='word_1_217' title='bbox 265 1999 347 2034; x_wconf 78' lang='lat' dir='ltr'>citas,</span> <span class='ocrx_word' id='word_1_218' title='bbox 364 2009 397 2029; x_wconf 86' lang='lat' dir='ltr'>ac</span> <span class='ocrx_word' id='word_1_219' title='bbox 419 2000 587 2038; x_wconf 87' lang='lat' dir='ltr'>nuperrime</span> <span class='ocrx_word' id='word_1_220' title='bbox 610 2000 646 2030; x_wconf 90' lang='lat' dir='ltr'>de</span> <span class='ocrx_word' id='word_1_221' title='bbox 667 2000 785 2030; x_wconf 89' lang='lat' dir='ltr'>illarum</span> <span class='ocrx_word' id='word_1_222' title='bbox 808 2001 926 2031; x_wconf 88' lang='lat' dir='ltr'>incursu</span> <span class='ocrx_word' id='word_1_223' title='bbox 944 2002 1004 2032; x_wconf 83' lang='lat' dir='ltr'>sue-</span> 
     </span>
     <span class='ocr_line' id='line_1_47' title="bbox 264 2047 1003 2087; baseline 0.004 -10"><span class='ocrx_word' id='word_1_224' title='bbox 264 2048 303 2078; x_wconf 89' lang='lat' dir='ltr'>rit</span> <span class='ocrx_word' id='word_1_225' title='bbox 330 2047 498 2087; x_wconf 82' lang='lat' dir='ltr'>benigniter</span> <span class='ocrx_word' id='word_1_226' title='bbox 529 2052 557 2078; x_wconf 85' lang='lat' dir='ltr'>et</span> <span class='ocrx_word' id='word_1_227' title='bbox 587 2049 816 2079; x_wconf 83' lang='lat' dir='ltr'>misericorditer</span> <span class='ocrx_word' id='word_1_228' title='bbox 837 2050 1003 2081; x_wconf 88' lang='lat' dir='ltr'>admonitus</span> 
     </span>
     <span class='ocr_line' id='line_1_48' title="bbox 265 2097 1002 2138; baseline 0.004 -12"><span class='ocrx_word' id='word_1_229' title='bbox 265 2106 279 2126; x_wconf 90' lang='lat' dir='ltr'>a</span> <span class='ocrx_word' id='word_1_230' title='bbox 303 2097 486 2127; x_wconf 88' lang='lat' dir='ltr'>sanctissimo</span> <span class='ocrx_word' id='word_1_231' title='bbox 508 2097 626 2128; x_wconf 88' lang='lat' dir='ltr'>domino</span> <span class='ocrx_word' id='word_1_232' title='bbox 648 2102 746 2128; x_wconf 87' lang='lat' dir='ltr'>nostro</span> <span class='ocrx_word' id='word_1_233' title='bbox 775 2099 851 2138; x_wconf 86' lang='lat' dir='ltr'>Papa</span> <span class='ocrx_word' id='word_1_234' title='bbox 874 2099 1002 2130; x_wconf 87' lang='lat' dir='ltr'>Clemen-</span> 
     </span>
     <span class='ocr_line' id='line_1_49' title="bbox 265 2144 1002 2187; baseline 0.005 -13"><span class='ocrx_word' id='word_1_235' title='bbox 265 2148 292 2174; x_wconf 87' lang='lat' dir='ltr'>te</span> <span class='ocrx_word' id='word_1_236' title='bbox 314 2144 350 2174; x_wconf 81' lang='lat' dir='ltr'>XI</span> <span class='ocrx_word' id='word_1_237' title='bbox 372 2154 422 2184; x_wconf 90' lang='lat' dir='ltr'>per</span> <span class='ocrx_word' id='word_1_238' title='bbox 444 2145 558 2175; x_wconf 84' lang='lat' dir='ltr'>litteras</span> <span class='ocrx_word' id='word_1_239' title='bbox 580 2146 609 2175; x_wconf 90' lang='lat' dir='ltr'>in</span> <span class='ocrx_word' id='word_1_240' title='bbox 628 2146 722 2176; x_wconf 68' lang='lat' dir='ltr'>forma</span> <span class='ocrx_word' id='word_1_241' title='bbox 738 2147 836 2176; x_wconf 85' lang='lat' dir='ltr'>Brevis</span> <span class='ocrx_word' id='word_1_242' title='bbox 852 2148 1002 2187; x_wconf 79' lang='lat' dir='ltr'>expeditas</span> 
     </span>
     <span class='ocr_line' id='line_1_50' title="bbox 265 2193 1002 2234; baseline 0.004 -11"><span class='ocrx_word' id='word_1_243' title='bbox 265 2193 374 2224; x_wconf 89' lang='lat' dir='ltr'>Romae</span> <span class='ocrx_word' id='word_1_244' title='bbox 407 2194 483 2234; x_wconf 89' lang='lat' dir='ltr'>apud</span> <span class='ocrx_word' id='word_1_245' title='bbox 511 2194 538 2225; x_wconf 81' lang='lat' dir='ltr'>S.</span> <span class='ocrx_word' id='word_1_246' title='bbox 560 2194 681 2225; x_wconf 86' lang='lat' dir='ltr'>Mariam</span> <span class='ocrx_word' id='word_1_247' title='bbox 703 2195 841 2226; x_wconf 80' lang='lat' dir='ltr'>Maiorem</span> <span class='ocrx_word' id='word_1_248' title='bbox 875 2196 928 2226; x_wconf 91' lang='lat' dir='ltr'>sub</span> <span class='ocrx_word' id='word_1_249' title='bbox 956 2197 1002 2226; x_wconf 85' lang='lat' dir='ltr'>die</span> 
     </span>
     <span class='ocr_line' id='line_1_51' title="bbox 264 2243 1002 2284; baseline 0.007 -13"><span class='ocrx_word' id='word_1_250' title='bbox 264 2250 323 2272; x_wconf 81' lang='lat' dir='ltr'>xvn</span> <span class='ocrx_word' id='word_1_251' title='bbox 344 2243 506 2273; x_wconf 84' lang='lat' dir='ltr'>decembris</span> <span class='ocrx_word' id='word_1_252' title='bbox 527 2252 673 2275; x_wconf 74' lang='lat' dir='ltr'>MDCCXVI:</span> <span class='ocrx_word' id='word_1_253' title='bbox 694 2245 763 2274; x_wconf 90' lang='lat' dir='ltr'>hinc.</span> <span class='ocrx_word' id='word_1_254' title='bbox 785 2249 829 2274; x_wconf 84' lang='lat' dir='ltr'>est</span> <span class='ocrx_word' id='word_1_255' title='bbox 852 2245 928 2284; x_wconf 88' lang='lat' dir='ltr'>quod</span> <span class='ocrx_word' id='word_1_256' title='bbox 949 2246 1002 2276; x_wconf 91' lang='lat' dir='ltr'>hu-</span> 
     </span>
     <span class='ocr_line' id='line_1_52' title="bbox 266 2290 1002 2333; baseline 0.007 -14"><span class='ocrx_word' id='word_1_257' title='bbox 266 2290 374 2320; x_wconf 86' lang='lat' dir='ltr'>militer</span> <span class='ocrx_word' id='word_1_258' title='bbox 395 2292 468 2330; x_wconf 85' lang='lat' dir='ltr'>petit</span> <span class='ocrx_word' id='word_1_259' title='bbox 485 2292 493 2308; x_wconf 88' lang='lat'>¹</span> <span class='ocrx_word' id='word_1_260' title='bbox 515 2291 625 2322; x_wconf 80' lang='lat' dir='ltr'>absolvi</span> <span class='ocrx_word' id='word_1_261' title='bbox 648 2302 663 2323; x_wconf 91' lang='lat' dir='ltr'>a</span> <span class='ocrx_word' id='word_1_262' title='bbox 695 2293 827 2323; x_wconf 87' lang='lat' dir='ltr'>censuris</span> <span class='ocrx_word' id='word_1_263' title='bbox 850 2299 879 2324; x_wconf 89' lang='lat' dir='ltr'>et</span> <span class='ocrx_word' id='word_1_264' title='bbox 901 2294 1002 2333; x_wconf 88' lang='lat' dir='ltr'>poenis</span> 
     </span>
     <span class='ocr_line' id='line_1_53' title="bbox 266 2339 999 2381; baseline 0.008 -14"><span class='ocrx_word' id='word_1_265' title='bbox 266 2339 480 2377; x_wconf 88' lang='lat' dir='ltr'>quomodolibet</span> <span class='ocrx_word' id='word_1_266' title='bbox 503 2350 538 2370; x_wconf 81' lang='lat' dir='ltr'>ex</span> <span class='ocrx_word' id='word_1_267' title='bbox 553 2342 649 2371; x_wconf 89' lang='lat' dir='ltr'>causis</span> <span class='ocrx_word' id='word_1_268' title='bbox 672 2342 840 2381; x_wconf 87' lang='lat' dir='ltr'>praemissis</span> <span class='ocrx_word' id='word_1_269' title='bbox 862 2343 999 2373; x_wconf 83' lang='lat' dir='ltr'>incursis.</span> 
     </span>
     <span class='ocr_line' id='line_1_54' title="bbox 266 2386 1000 2431; baseline 0.008 -16"><span class='ocrx_word' id='word_1_270' title='bbox 266 2386 376 2421; x_wconf 86' lang='lat' dir='ltr'>Quibus</span> <span class='ocrx_word' id='word_1_271' title='bbox 408 2389 543 2426; x_wconf 86' lang='lat' dir='ltr'>precibus</span> <span class='ocrx_word' id='word_1_272' title='bbox 574 2390 682 2420; x_wconf 88' lang='lat' dir='ltr'>auditis</span> <span class='ocrx_word' id='word_1_273' title='bbox 712 2400 764 2430; x_wconf 90' lang='lat' dir='ltr'>per</span> <span class='ocrx_word' id='word_1_274' title='bbox 800 2392 1000 2431; x_wconf 84' lang='lat' dir='ltr'>supradictum</span> 
     </span>
     <span class='ocr_line' id='line_1_55' title="bbox 266 2435 1002 2479; baseline 0.007 -14"><span class='ocrx_word' id='word_1_275' title='bbox 266 2435 540 2466; x_wconf 83' lang='lat' dir='ltr'>reverendissimum</span> <span class='ocrx_word' id='word_1_276' title='bbox 556 2438 705 2469; x_wconf 88' lang='lat' dir='ltr'>dominum</span> <span class='ocrx_word' id='word_1_277' title='bbox 722 2440 890 2479; x_wconf 86' lang='lat' dir='ltr'>episcopum</span> <span class='ocrx_word' id='word_1_278' title='bbox 906 2440 1002 2470; x_wconf 87' lang='lat' dir='ltr'>Helio-</span> 
     </span>
     <span class='ocr_line' id='line_1_56' title="bbox 266 2483 1003 2527; baseline 0.007 -14"><span class='ocrx_word' id='word_1_279' title='bbox 266 2483 425 2522; x_wconf 87' lang='lat' dir='ltr'>poliensem</span> <span class='ocrx_word' id='word_1_280' title='bbox 444 2485 584 2516; x_wconf 85' lang='lat' dir='ltr'>ecclesiae</span> <span class='ocrx_word' id='word_1_281' title='bbox 606 2487 840 2526; x_wconf 79' lang='lat' dir='ltr'>Osuabrugensis</span> <span class='ocrx_word' id='word_1_282' title='bbox 861 2488 1003 2527; x_wconf 77' lang='lat' dir='ltr'>suffraga-</span> 
     </span>
     <span class='ocr_line' id='line_1_57' title="bbox 266 2532 1003 2576; baseline 0.008 -15"><span class='ocrx_word' id='word_1_283' title='bbox 266 2541 365 2568; x_wconf 82' lang='lat' dir='ltr'>neum,</span> <span class='ocrx_word' id='word_1_284' title='bbox 382 2532 511 2563; x_wconf 81' lang='lat' dir='ltr'>iniunxit</span> <span class='ocrx_word' id='word_1_285' title='bbox 525 2534 619 2564; x_wconf 90' lang='lat' dir='ltr'>eidem</span> <span class='ocrx_word' id='word_1_286' title='bbox 633 2537 877 2568; x_wconf 86' lang='lat' dir='ltr'>reverendissimo</span> <span class='ocrx_word' id='word_1_287' title='bbox 893 2542 921 2567; x_wconf 91' lang='lat' dir='ltr'>et</span> <span class='ocrx_word' id='word_1_288' title='bbox 937 2546 1003 2576; x_wconf 87' lang='lat' dir='ltr'>per-</span> 
     </span>
     <span class='ocr_line' id='line_1_58' title="bbox 303 2585 823 2626; baseline 0.008 -12"><span class='ocrx_word' id='word_1_289' title='bbox 303 2587 313 2614; x_wconf 88' lang='lat'><strong>1</strong></span> <span class='ocrx_word' id='word_1_290' title='bbox 336 2585 445 2614; x_wconf 88' lang='lat' dir='ltr'>Videtur</span> <span class='ocrx_word' id='word_1_291' title='bbox 459 2586 604 2621; x_wconf 82' lang='lat' dir='ltr'>legendum</span> <span class='ocrx_word' id='word_1_292' title='bbox 615 2589 704 2623; x_wconf 74' lang='lat' dir='ltr'>petiit</span> <span class='ocrx_word' id='word_1_293' title='bbox 719 2590 758 2626; x_wconf 77' lang='lat' dir='ltr'>(R.</span> <span class='ocrx_word' id='word_1_294' title='bbox 774 2591 823 2625; x_wconf 83' lang='grc' dir='ltr'>τ.).</span> 
     </span>
    </p>
   </div>
   <div class='ocr_carea' id='block_1_9' title="bbox 1023 242 1040 2577">
    <p class='ocr_par' dir='ltr' id='par_1_9' title="bbox 1023 242 1040 2577">
     <span class='ocr_line' id='line_1_59' title="bbox 1023 242 1040 2577; baseline 0 0"><span class='ocrx_word' id='word_1_295' title='bbox 1023 242 1040 2577; x_wconf 95' lang='lat' dir='ltr'> </span> 
     </span>
    </p>
   </div>
   <div class='ocr_carea' id='block_1_10' title="bbox 1057 241 1801 676">
    <p class='ocr_par' dir='ltr' id='par_1_10' title="bbox 1057 241 1801 676">
     <span class='ocr_line' id='line_1_60' title="bbox 1059 241 1796 283; baseline 0.008 -12"><span class='ocrx_word' id='word_1_296' title='bbox 1059 241 1166 271; x_wconf 88' lang='lat' dir='ltr'>illustri</span> <span class='ocrx_word' id='word_1_297' title='bbox 1189 241 1305 272; x_wconf 87' lang='lat' dir='ltr'>domino</span> <span class='ocrx_word' id='word_1_298' title='bbox 1327 241 1360 272; x_wconf 81' lang='lat' dir='ltr'>N.</span> <span class='ocrx_word' id='word_1_299' title='bbox 1377 242 1410 272; x_wconf 75' lang='lat' dir='ltr'>N.</span> <span class='ocrx_word' id='word_1_300' title='bbox 1435 245 1595 283; x_wconf 87' lang='lat' dir='ltr'>poenitenti</span> <span class='ocrx_word' id='word_1_301' title='bbox 1619 250 1650 276; x_wconf 90' lang='lat' dir='ltr'>ut</span> <span class='ocrx_word' id='word_1_302' title='bbox 1672 247 1796 283; x_wconf 74' lang='lat' dir='ltr'>sat-eret,</span> 
     </span>
     <span class='ocr_line' id='line_1_61' title="bbox 1061 291 1800 334; baseline 0.008 -15"><span class='ocrx_word' id='word_1_303' title='bbox 1061 295 1146 329; x_wconf 90' lang='lat' dir='ltr'>prout</span> <span class='ocrx_word' id='word_1_304' title='bbox 1171 291 1250 328; x_wconf 81' lang='lat' dir='ltr'>fecit,</span> <span class='ocrx_word' id='word_1_305' title='bbox 1274 292 1501 322; x_wconf 80' lang='lat' dir='ltr'>declarationem</span> <span class='ocrx_word' id='word_1_306' title='bbox 1535 295 1609 332; x_wconf 86' lang='lat' dir='ltr'>quod</span> <span class='ocrx_word' id='word_1_307' title='bbox 1634 295 1694 333; x_wconf 78' lang='lat' dir='ltr'>ipse</span> <span class='ocrx_word' id='word_1_308' title='bbox 1717 306 1800 334; x_wconf 89' lang='lat' dir='ltr'>prae-</span> 
     </span>
     <span class='ocr_line' id='line_1_62' title="bbox 1060 340 1801 381; baseline 0.008 -13"><span class='ocrx_word' id='word_1_309' title='bbox 1060 340 1214 369; x_wconf 82' lang='lat' dir='ltr'>recensitis</span> <span class='ocrx_word' id='word_1_310' title='bbox 1237 340 1343 370; x_wconf 81' lang='lat' dir='ltr'>litteris</span> <span class='ocrx_word' id='word_1_311' title='bbox 1364 341 1392 370; x_wconf 91' lang='lat' dir='ltr'>in</span> <span class='ocrx_word' id='word_1_312' title='bbox 1411 341 1501 370; x_wconf 71' lang='lat' dir='ltr'>forma</span> <span class='ocrx_word' id='word_1_313' title='bbox 1525 343 1635 381; x_wconf 78' lang='lat' dir='ltr'>Brevis,</span> <span class='ocrx_word' id='word_1_314' title='bbox 1655 353 1686 371; x_wconf 85' lang='lat' dir='ltr'>ac</span> <span class='ocrx_word' id='word_1_315' title='bbox 1709 346 1801 374; x_wconf 86' lang='lat' dir='ltr'>omni-</span> 
     </span>
     <span class='ocr_line' id='line_1_63' title="bbox 1059 388 1797 428; baseline 0.007 -11"><span class='ocrx_word' id='word_1_316' title='bbox 1059 388 1112 418; x_wconf 87' lang='lat' dir='ltr'>bus</span> <span class='ocrx_word' id='word_1_317' title='bbox 1142 392 1169 417; x_wconf 85' lang='lat' dir='ltr'>et</span> <span class='ocrx_word' id='word_1_318' title='bbox 1201 389 1324 427; x_wconf 70' lang='lat' dir='ltr'>singulis</span> <span class='ocrx_word' id='word_1_319' title='bbox 1357 399 1430 428; x_wconf 84' lang='lat' dir='ltr'>qnae</span> <span class='ocrx_word' id='word_1_320' title='bbox 1464 391 1494 420; x_wconf 91' lang='lat' dir='ltr'>in</span> <span class='ocrx_word' id='word_1_321' title='bbox 1529 391 1569 420; x_wconf 89' lang='lat' dir='ltr'>eis</span> <span class='ocrx_word' id='word_1_322' title='bbox 1592 393 1797 427; x_wconf 84' lang='lat' dir='ltr'>continentur,</span> 
     </span>
     <span class='ocr_line' id='line_1_64' title="bbox 1058 437 1799 478; baseline 0.007 -13"><span class='ocrx_word' id='word_1_323' title='bbox 1058 437 1172 466; x_wconf 67' lang='lat' dir='ltr'>sincera</span> <span class='ocrx_word' id='word_1_324' title='bbox 1190 447 1222 467; x_wconf 88' lang='lat' dir='ltr'>ac</span> <span class='ocrx_word' id='word_1_325' title='bbox 1244 438 1323 467; x_wconf 82' lang='lat' dir='ltr'>fideli</span> <span class='ocrx_word' id='word_1_326' title='bbox 1340 438 1505 468; x_wconf 70' lang='lat' dir='ltr'>ohedientia</span> <span class='ocrx_word' id='word_1_327' title='bbox 1523 449 1552 469; x_wconf 91' lang='lat' dir='ltr'>se</span> <span class='ocrx_word' id='word_1_328' title='bbox 1575 440 1721 470; x_wconf 85' lang='lat' dir='ltr'>submittit</span> <span class='ocrx_word' id='word_1_329' title='bbox 1735 442 1754 478; x_wconf 90' lang='lat'>¹,</span> <span class='ocrx_word' id='word_1_330' title='bbox 1772 446 1799 471; x_wconf 81' lang='lat' dir='ltr'>et</span> 
     </span>
     <span class='ocr_line' id='line_1_65' title="bbox 1059 486 1798 528; baseline 0.007 -13"><span class='ocrx_word' id='word_1_331' title='bbox 1059 486 1134 524; x_wconf 81' lang='lat' dir='ltr'>quod</span> <span class='ocrx_word' id='word_1_332' title='bbox 1159 487 1352 525; x_wconf 75' lang='lat' dir='ltr'>promitteret,</span> <span class='ocrx_word' id='word_1_333' title='bbox 1377 493 1462 527; x_wconf 90' lang='lat' dir='ltr'>prout</span> <span class='ocrx_word' id='word_1_334' title='bbox 1488 489 1631 527; x_wconf 72' lang='lat' dir='ltr'>promisit.</span> <span class='ocrx_word' id='word_1_335' title='bbox 1665 490 1740 528; x_wconf 88' lang='lat' dir='ltr'>quod</span> <span class='ocrx_word' id='word_1_336' title='bbox 1768 490 1798 520; x_wconf 91' lang='lat' dir='ltr'>in</span> 
     </span>
     <span class='ocr_line' id='line_1_66' title="bbox 1059 536 1797 578; baseline 0.007 -14"><span class='ocrx_word' id='word_1_337' title='bbox 1059 536 1186 565; x_wconf 77' lang='lat' dir='ltr'>futurum</span> <span class='ocrx_word' id='word_1_338' title='bbox 1221 546 1235 565; x_wconf 88' lang='lat' dir='ltr'>a</span> <span class='ocrx_word' id='word_1_339' title='bbox 1269 536 1416 566; x_wconf 86' lang='lat' dir='ltr'>similibus</span> <span class='ocrx_word' id='word_1_340' title='bbox 1447 537 1626 576; x_wconf 80' lang='lat' dir='ltr'>abstinebit,</span> <span class='ocrx_word' id='word_1_341' title='bbox 1661 544 1689 568; x_wconf 89' lang='lat' dir='ltr'>et</span> <span class='ocrx_word' id='word_1_342' title='bbox 1722 540 1797 578; x_wconf 83' lang='lat' dir='ltr'>quod</span> 
     </span>
     <span class='ocr_line' id='line_1_67' title="bbox 1057 585 1798 626; baseline 0.008 -13"><span class='ocrx_word' id='word_1_343' title='bbox 1057 585 1198 624; x_wconf 81' lang='lat' dir='ltr'>quidquid</span> <span class='ocrx_word' id='word_1_344' title='bbox 1222 586 1247 615; x_wconf 88' lang='lat' dir='ltr'>ei</span> <span class='ocrx_word' id='word_1_345' title='bbox 1271 586 1392 616; x_wconf 90' lang='lat' dir='ltr'>ulterius</span> <span class='ocrx_word' id='word_1_346' title='bbox 1417 588 1625 626; x_wconf 82' lang='lat' dir='ltr'>praescriptum</span> <span class='ocrx_word' id='word_1_347' title='bbox 1650 593 1676 618; x_wconf 86' lang='lat' dir='ltr'>et</span> <span class='ocrx_word' id='word_1_348' title='bbox 1701 588 1798 619; x_wconf 86' lang='lat' dir='ltr'>iniun-</span> 
     </span>
     <span class='ocr_line' id='line_1_68' title="bbox 1059 633 1795 676; baseline 0.007 -14"><span class='ocrx_word' id='word_1_349' title='bbox 1059 636 1136 662; x_wconf 76' lang='lat' dir='ltr'>ctum</span> <span class='ocrx_word' id='word_1_350' title='bbox 1161 633 1259 670; x_wconf 82' lang='lat' dir='ltr'>suerit,</span> <span class='ocrx_word' id='word_1_351' title='bbox 1278 639 1377 663; x_wconf 74' lang='lat' dir='ltr'>exacte</span> <span class='ocrx_word' id='word_1_352' title='bbox 1396 634 1563 665; x_wconf 68' lang='lat' dir='ltr'>observabit</span> <span class='ocrx_word' id='word_1_353' title='bbox 1581 641 1608 666; x_wconf 91' lang='lat' dir='ltr'>ct</span> <span class='ocrx_word' id='word_1_354' title='bbox 1624 642 1795 676; x_wconf 79' lang='lat' dir='ltr'>exequetur.</span> 
     </span>
    </p>
   </div>
   <div class='ocr_carea' id='block_1_11' title="bbox 1035 680 1797 721">
    <p class='ocr_par' dir='ltr' id='par_1_11' title="bbox 1035 680 1797 721">
     <span class='ocr_line' id='line_1_69' title="bbox 1035 680 1797 721; baseline 0.008 -12"><span class='ocrx_word' id='word_1_355' title='bbox 1035 692 1036 703; x_wconf 62' lang='lat' dir='ltr'>t</span> <span class='ocrx_word' id='word_1_356' title='bbox 1056 680 1166 716; x_wconf 79' lang='lat' dir='ltr'>Quibus</span> <span class='ocrx_word' id='word_1_357' title='bbox 1183 682 1224 711; x_wconf 90' lang='lat' dir='ltr'>sic</span> <span class='ocrx_word' id='word_1_358' title='bbox 1240 682 1417 721; x_wconf 82' lang='lat' dir='ltr'>adimpletis,</span> <span class='ocrx_word' id='word_1_359' title='bbox 1442 684 1516 713; x_wconf 86' lang='lat' dir='ltr'>idem</span> <span class='ocrx_word' id='word_1_360' title='bbox 1533 685 1797 715; x_wconf 80' lang='lat' dir='ltr'>reverendissimus</span> 
     </span>
    </p>
   </div>
   <div class='ocr_carea' id='block_1_12' title="bbox 1045 729 1797 2539">
    <p class='ocr_par' dir='ltr' id='par_1_12' title="bbox 1045 729 1797 2480">
     <span class='ocr_line' id='line_1_70' title="bbox 1057 729 1797 770; baseline 0.008 -12"><span class='ocrx_word' id='word_1_361' title='bbox 1057 729 1211 769; x_wconf 73' lang='lat' dir='ltr'>episcopus</span> <span class='ocrx_word' id='word_1_362' title='bbox 1234 730 1470 770; x_wconf 82' lang='lat' dir='ltr'>Ileliopoliensis‚</span> <span class='ocrx_word' id='word_1_363' title='bbox 1489 734 1630 763; x_wconf 73' lang='lat' dir='ltr'>ecclesiae</span> <span class='ocrx_word' id='word_1_364' title='bbox 1652 734 1797 764; x_wconf 86' lang='lat' dir='ltr'>Osnabrn-</span> 
     </span>
     <span class='ocr_line' id='line_1_71' title="bbox 1056 779 1797 822; baseline 0.008 -15"><span class='ocrx_word' id='word_1_365' title='bbox 1056 779 1153 815; x_wconf 78' lang='lat' dir='ltr'>gensis</span> <span class='ocrx_word' id='word_1_366' title='bbox 1176 779 1390 819; x_wconf 66' lang='lat' dir='ltr'>suss&#39;ragancus,</span> <span class='ocrx_word' id='word_1_367' title='bbox 1404 781 1511 811; x_wconf 87' lang='lat' dir='ltr'>utendo</span> <span class='ocrx_word' id='word_1_368' title='bbox 1528 782 1556 811; x_wconf 90' lang='lat' dir='ltr'>in</span> <span class='ocrx_word' id='word_1_369' title='bbox 1582 783 1635 812; x_wconf 86' lang='lat' dir='ltr'>hac</span> <span class='ocrx_word' id='word_1_370' title='bbox 1659 788 1739 822; x_wconf 87' lang='lat' dir='ltr'>parte</span> <span class='ocrx_word' id='word_1_371' title='bbox 1756 784 1797 813; x_wconf 86' lang='lat' dir='ltr'>fa-</span> 
     </span>
     <span class='ocr_line' id='line_1_72' title="bbox 1056 827 1795 868; baseline 0.007 -12"><span class='ocrx_word' id='word_1_372' title='bbox 1056 827 1214 858; x_wconf 82' lang='lat' dir='ltr'>cultatibus</span> <span class='ocrx_word' id='word_1_373' title='bbox 1236 828 1291 858; x_wconf 87' lang='lat' dir='ltr'>sibi</span> <span class='ocrx_word' id='word_1_374' title='bbox 1317 838 1367 868; x_wconf 90' lang='lat' dir='ltr'>per</span> <span class='ocrx_word' id='word_1_375' title='bbox 1389 830 1498 860; x_wconf 83' lang='lat' dir='ltr'>dictum</span> <span class='ocrx_word' id='word_1_376' title='bbox 1518 831 1750 861; x_wconf 85' lang='lat' dir='ltr'>illustrissimum</span> <span class='ocrx_word' id='word_1_377' title='bbox 1767 837 1795 862; x_wconf 84' lang='lat' dir='ltr'>et</span> 
     </span>
     <span class='ocr_line' id='line_1_73' title="bbox 1055 877 1795 911; baseline 0.007 -6"><span class='ocrx_word' id='word_1_378' title='bbox 1055 877 1333 907; x_wconf 81' lang='lat' dir='ltr'>reveremlissimum</span> <span class='ocrx_word' id='word_1_379' title='bbox 1362 878 1511 908; x_wconf 88' lang='lat' dir='ltr'>dominum</span> <span class='ocrx_word' id='word_1_380' title='bbox 1542 880 1681 909; x_wconf 90' lang='lat' dir='ltr'>nuncium</span> <span class='ocrx_word' id='word_1_381' title='bbox 1711 881 1795 911; x_wconf 90' lang='lat' dir='ltr'>attri-</span> 
     </span>
     <span class='ocr_line' id='line_1_74' title="bbox 1055 925 1796 966; baseline 0.007 -12"><span class='ocrx_word' id='word_1_382' title='bbox 1055 925 1149 962; x_wconf 86' lang='lat' dir='ltr'>butis,</span> <span class='ocrx_word' id='word_1_383' title='bbox 1174 926 1273 964; x_wconf 78' lang='lat' dir='ltr'>vigore</span> <span class='ocrx_word' id='word_1_384' title='bbox 1296 928 1432 965; x_wconf 88' lang='lat' dir='ltr'>specialis</span> <span class='ocrx_word' id='word_1_385' title='bbox 1455 928 1701 966; x_wconf 80' lang='lat' dir='ltr'>subdelegationis</span> <span class='ocrx_word' id='word_1_386' title='bbox 1724 930 1796 960; x_wconf 87' lang='lat' dir='ltr'>inse-</span> 
     </span>
     <span class='ocr_line' id='line_1_75' title="bbox 1055 973 1793 1012; baseline 0.008 -10"><span class='ocrx_word' id='word_1_387' title='bbox 1055 973 1117 1002; x_wconf 88' lang='lat' dir='ltr'>rius</span> <span class='ocrx_word' id='word_1_388' title='bbox 1135 974 1348 1012; x_wconf 72' lang='lat' dir='ltr'>registrandae,</span> <span class='ocrx_word' id='word_1_389' title='bbox 1364 976 1496 1006; x_wconf 86' lang='lat' dir='ltr'>eumdem</span> <span class='ocrx_word' id='word_1_390' title='bbox 1514 977 1793 1008; x_wconf 75' lang='lat' dir='ltr'>rereremlissimum</span> 
     </span>
     <span class='ocr_line' id='line_1_76' title="bbox 1054 1023 1793 1065; baseline 0.008 -14"><span class='ocrx_word' id='word_1_391' title='bbox 1054 1026 1079 1051; x_wconf 93' lang='lat' dir='ltr'>et</span> <span class='ocrx_word' id='word_1_392' title='bbox 1104 1023 1301 1061; x_wconf 87' lang='lat' dir='ltr'>perillustrem</span> <span class='ocrx_word' id='word_1_393' title='bbox 1320 1024 1471 1055; x_wconf 83' lang='lat' dir='ltr'>(lominum</span> <span class='ocrx_word' id='word_1_394' title='bbox 1493 1026 1526 1055; x_wconf 76' lang='lat' dir='ltr'>N.</span> <span class='ocrx_word' id='word_1_395' title='bbox 1545 1026 1578 1056; x_wconf 69' lang='lat' dir='ltr'>N.</span> <span class='ocrx_word' id='word_1_396' title='bbox 1605 1027 1793 1065; x_wconf 70' lang='lat' dir='ltr'>genuflexum</span> 
     </span>
     <span class='ocr_line' id='line_1_77' title="bbox 1053 1071 1793 1114; baseline 0.008 -14"><span class='ocrx_word' id='word_1_397' title='bbox 1053 1071 1148 1101; x_wconf 89' lang='lat' dir='ltr'>denuo</span> <span class='ocrx_word' id='word_1_398' title='bbox 1171 1072 1323 1103; x_wconf 86' lang='lat' dir='ltr'>humiliter</span> <span class='ocrx_word' id='word_1_399' title='bbox 1354 1073 1510 1104; x_wconf 89' lang='lat' dir='ltr'>instantem</span> <span class='ocrx_word' id='word_1_400' title='bbox 1535 1084 1587 1114; x_wconf 88' lang='lat' dir='ltr'>pro</span> <span class='ocrx_word' id='word_1_401' title='bbox 1610 1075 1793 1106; x_wconf 85' lang='lat' dir='ltr'>ahsolutioue</span> 
     </span>
     <span class='ocr_line' id='line_1_78' title="bbox 1053 1121 1794 1164; baseline 0.008 -15"><span class='ocrx_word' id='word_1_402' title='bbox 1053 1129 1066 1149; x_wconf 91' lang='lat' dir='ltr'>a</span> <span class='ocrx_word' id='word_1_403' title='bbox 1091 1121 1223 1150; x_wconf 72' lang='lat' dir='ltr'>censuris</span> <span class='ocrx_word' id='word_1_404' title='bbox 1246 1126 1274 1151; x_wconf 87' lang='lat' dir='ltr'>et</span> <span class='ocrx_word' id='word_1_405' title='bbox 1296 1123 1397 1161; x_wconf 88' lang='lat' dir='ltr'>poenis</span> <span class='ocrx_word' id='word_1_406' title='bbox 1421 1124 1627 1154; x_wconf 83' lang='lat' dir='ltr'>ecclesiasticis</span> <span class='ocrx_word' id='word_1_407' title='bbox 1650 1124 1794 1164; x_wconf 88' lang='lat' dir='ltr'>quibusli-</span> 
     </span>
     <span class='ocr_line' id='line_1_79' title="bbox 1053 1168 1793 1211; baseline 0.007 -13"><span class='ocrx_word' id='word_1_408' title='bbox 1053 1168 1117 1203; x_wconf 78' lang='lat' dir='ltr'>bet,</span> <span class='ocrx_word' id='word_1_409' title='bbox 1152 1179 1223 1209; x_wconf 85' lang='lat' dir='ltr'>quas</span> <span class='ocrx_word' id='word_1_410' title='bbox 1258 1175 1377 1210; x_wconf 85' lang='lat' dir='ltr'>propter</span> <span class='ocrx_word' id='word_1_411' title='bbox 1400 1173 1557 1211; x_wconf 86' lang='lat' dir='ltr'>praemissa</span> <span class='ocrx_word' id='word_1_412' title='bbox 1586 1173 1711 1203; x_wconf 87' lang='lat' dir='ltr'>incurrit</span> <span class='ocrx_word' id='word_1_413' title='bbox 1743 1178 1793 1204; x_wconf 88' lang='lat' dir='ltr'>aut</span> 
     </span>
     <span class='ocr_line' id='line_1_80' title="bbox 1052 1218 1794 1261; baseline 0.007 -14"><span class='ocrx_word' id='word_1_414' title='bbox 1052 1218 1211 1248; x_wconf 83' lang='lat' dir='ltr'>incurrisse</span> <span class='ocrx_word' id='word_1_415' title='bbox 1234 1220 1382 1258; x_wconf 85' lang='lat' dir='ltr'>praetendi</span> <span class='ocrx_word' id='word_1_416' title='bbox 1409 1225 1515 1259; x_wconf 83' lang='lat' dir='ltr'>posset,</span> <span class='ocrx_word' id='word_1_417' title='bbox 1534 1222 1708 1252; x_wconf 84' lang='lat' dir='ltr'>auctoritate</span> <span class='ocrx_word' id='word_1_418' title='bbox 1724 1232 1794 1261; x_wconf 87' lang='lat' dir='ltr'>apo-</span> 
     </span>
     <span class='ocr_line' id='line_1_81' title="bbox 1051 1267 1792 1310; baseline 0.007 -14"><span class='ocrx_word' id='word_1_419' title='bbox 1051 1267 1153 1296; x_wconf 76' lang='lat' dir='ltr'>stolica</span> <span class='ocrx_word' id='word_1_420' title='bbox 1176 1267 1231 1297; x_wconf 91' lang='lat' dir='ltr'>sibi</span> <span class='ocrx_word' id='word_1_421' title='bbox 1254 1273 1285 1297; x_wconf 92' lang='lat' dir='ltr'>ut</span> <span class='ocrx_word' id='word_1_422' title='bbox 1307 1277 1394 1307; x_wconf 88' lang='lat' dir='ltr'>supra</span> <span class='ocrx_word' id='word_1_423' title='bbox 1418 1269 1604 1308; x_wconf 68' lang='lat' dir='ltr'>subdelegatzi</span> <span class='ocrx_word' id='word_1_424' title='bbox 1622 1271 1651 1300; x_wconf 92' lang='lat' dir='ltr'>in</span> <span class='ocrx_word' id='word_1_425' title='bbox 1668 1276 1792 1310; x_wconf 86' lang='lat' dir='ltr'>utroque</span> 
     </span>
     <span class='ocr_line' id='line_1_82' title="bbox 1051 1315 1791 1351; baseline 0.008 -6"><span class='ocrx_word' id='word_1_426' title='bbox 1051 1315 1112 1345; x_wconf 89' lang='lat' dir='ltr'>soro</span> <span class='ocrx_word' id='word_1_427' title='bbox 1135 1316 1165 1346; x_wconf 89' lang='lat' dir='ltr'>in</span> <span class='ocrx_word' id='word_1_428' title='bbox 1188 1317 1280 1346; x_wconf 66' lang='lat' dir='ltr'>forma</span> <span class='ocrx_word' id='word_1_429' title='bbox 1314 1318 1461 1349; x_wconf 84' lang='lat' dir='ltr'>Ecclesiae</span> <span class='ocrx_word' id='word_1_430' title='bbox 1494 1322 1635 1350; x_wconf 68' lang='lat' dir='ltr'>consueta</span> <span class='ocrx_word' id='word_1_431' title='bbox 1667 1321 1791 1351; x_wconf 79' lang='lat' dir='ltr'>absolvit</span> 
     </span>
     <span class='ocr_line' id='line_1_83' title="bbox 1051 1364 1793 1409; baseline 0.011 -16"><span class='ocrx_word' id='word_1_432' title='bbox 1051 1368 1078 1393; x_wconf 84' lang='lat' dir='ltr'>et</span> <span class='ocrx_word' id='word_1_433' title='bbox 1102 1364 1250 1402; x_wconf 84' lang='lat' dir='ltr'>liberavit,</span> <span class='ocrx_word' id='word_1_434' title='bbox 1271 1366 1450 1405; x_wconf 78' lang='lat' dir='ltr'>iniungendo</span> <span class='ocrx_word' id='word_1_435' title='bbox 1473 1369 1579 1402; x_wconf 78' lang='lat' dir='ltr'>eidem.</span> <span class='ocrx_word' id='word_1_436' title='bbox 1597 1373 1629 1399; x_wconf 90' lang='lat' dir='ltr'>ut</span> <span class='ocrx_word' id='word_1_437' title='bbox 1652 1379 1703 1409; x_wconf 87' lang='lat' dir='ltr'>pro</span> <span class='ocrx_word' id='word_1_438' title='bbox 1726 1380 1793 1409; x_wconf 86' lang='lat' dir='ltr'>poe-</span> 
     </span>
     <span class='ocr_line' id='line_1_84' title="bbox 1051 1413 1792 1458; baseline 0.009 -16"><span class='ocrx_word' id='word_1_439' title='bbox 1051 1413 1177 1443; x_wconf 70' lang='lat' dir='ltr'>nitentia</span> <span class='ocrx_word' id='word_1_440' title='bbox 1199 1415 1319 1444; x_wconf 85' lang='lat' dir='ltr'>salutari</span> <span class='ocrx_word' id='word_1_441' title='bbox 1344 1416 1444 1445; x_wconf 86' lang='lat' dir='ltr'>decem</span> <span class='ocrx_word' id='word_1_442' title='bbox 1468 1417 1634 1457; x_wconf 84' lang='lat' dir='ltr'>imperiales</span> <span class='ocrx_word' id='word_1_443' title='bbox 1662 1419 1691 1448; x_wconf 91' lang='lat' dir='ltr'>in</span> <span class='ocrx_word' id='word_1_444' title='bbox 1722 1429 1792 1458; x_wconf 87' lang='lat' dir='ltr'>pau-</span> 
     </span>
     <span class='ocr_line' id='line_1_85' title="bbox 1051 1463 1792 1505; baseline 0.008 -13"><span class='ocrx_word' id='word_1_445' title='bbox 1051 1472 1134 1502; x_wconf 88' lang='lat' dir='ltr'>peres</span> <span class='ocrx_word' id='word_1_446' title='bbox 1157 1468 1300 1501; x_wconf 79' lang='lat' dir='ltr'>erogaret,</span> <span class='ocrx_word' id='word_1_447' title='bbox 1325 1474 1483 1505; x_wconf 87' lang='lat' dir='ltr'>omnesque</span> <span class='ocrx_word' id='word_1_448' title='bbox 1506 1476 1614 1505; x_wconf 86' lang='lat' dir='ltr'>poenas</span> <span class='ocrx_word' id='word_1_449' title='bbox 1635 1463 1669 1497; x_wconf 62' lang='lat' dir='ltr'>ek</span> <span class='ocrx_word' id='word_1_450' title='bbox 1692 1468 1792 1498; x_wconf 86' lang='lat' dir='ltr'>relatis</span> 
     </span>
     <span class='ocr_line' id='line_1_86' title="bbox 1051 1513 1793 1556; baseline 0.008 -15"><span class='ocrx_word' id='word_1_451' title='bbox 1051 1513 1147 1542; x_wconf 89' lang='lat' dir='ltr'>causis</span> <span class='ocrx_word' id='word_1_452' title='bbox 1162 1513 1297 1543; x_wconf 87' lang='lat' dir='ltr'>incursas</span> <span class='ocrx_word' id='word_1_453' title='bbox 1312 1514 1405 1544; x_wconf 86' lang='lat' dir='ltr'>eidem</span> <span class='ocrx_word' id='word_1_454' title='bbox 1422 1516 1667 1546; x_wconf 76' lang='lat' dir='ltr'>reverendissimo</span> <span class='ocrx_word' id='word_1_455' title='bbox 1683 1522 1711 1547; x_wconf 89' lang='lat' dir='ltr'>et</span> <span class='ocrx_word' id='word_1_456' title='bbox 1727 1526 1793 1556; x_wconf 88' lang='lat' dir='ltr'>per-</span> 
     </span>
     <span class='ocr_line' id='line_1_87' title="bbox 1050 1561 1792 1603; baseline 0.008 -13"><span class='ocrx_word' id='word_1_457' title='bbox 1050 1561 1160 1591; x_wconf 88' lang='lat' dir='ltr'>illustri</span> <span class='ocrx_word' id='word_1_458' title='bbox 1183 1561 1301 1592; x_wconf 90' lang='lat' dir='ltr'>domino</span> <span class='ocrx_word' id='word_1_459' title='bbox 1324 1562 1357 1592; x_wconf 63' lang='lat' dir='ltr'>N.</span> <span class='ocrx_word' id='word_1_460' title='bbox 1376 1563 1409 1592; x_wconf 95' lang='lat' dir='ltr'>N.</span> <span class='ocrx_word' id='word_1_461' title='bbox 1428 1565 1587 1602; x_wconf 89' lang='lat' dir='ltr'>poenitenti</span> <span class='ocrx_word' id='word_1_462' title='bbox 1604 1565 1731 1603; x_wconf 76' lang='lat' dir='ltr'>gratiose</span> <span class='ocrx_word' id='word_1_463' title='bbox 1748 1575 1792 1595; x_wconf 87' lang='lat' dir='ltr'>re-</span> 
     </span>
     <span class='ocr_line' id='line_1_88' title="bbox 1051 1610 1790 1654; baseline 0.007 -15"><span class='ocrx_word' id='word_1_464' title='bbox 1051 1610 1129 1640; x_wconf 89' lang='lat' dir='ltr'>misit</span> <span class='ocrx_word' id='word_1_465' title='bbox 1153 1620 1186 1641; x_wconf 82' lang='lat' dir='ltr'>ae</span> <span class='ocrx_word' id='word_1_466' title='bbox 1208 1612 1393 1649; x_wconf 80' lang='lat' dir='ltr'>condonavit,</span> <span class='ocrx_word' id='word_1_467' title='bbox 1411 1622 1444 1643; x_wconf 90' lang='lat' dir='ltr'>ac</span> <span class='ocrx_word' id='word_1_468' title='bbox 1461 1614 1582 1644; x_wconf 85' lang='lat' dir='ltr'>ulterius</span> <span class='ocrx_word' id='word_1_469' title='bbox 1606 1624 1694 1654; x_wconf 87' lang='lat' dir='ltr'>super</span> <span class='ocrx_word' id='word_1_470' title='bbox 1716 1615 1790 1644; x_wconf 90' lang='lat' dir='ltr'>irre-</span> 
     </span>
     <span class='ocr_line' id='line_1_89' title="bbox 1051 1659 1790 1699; baseline 0.007 -11"><span class='ocrx_word' id='word_1_471' title='bbox 1051 1659 1208 1696; x_wconf 78' lang='lat' dir='ltr'>gularitate</span> <span class='ocrx_word' id='word_1_472' title='bbox 1231 1669 1282 1699; x_wconf 87' lang='lat' dir='ltr'>per</span> <span class='ocrx_word' id='word_1_473' title='bbox 1304 1661 1438 1691; x_wconf 89' lang='lat' dir='ltr'>eumdem</span> <span class='ocrx_word' id='word_1_474' title='bbox 1462 1663 1741 1692; x_wconf 85' lang='lat' dir='ltr'>reverendissimum</span> <span class='ocrx_word' id='word_1_475' title='bbox 1764 1668 1790 1693; x_wconf 90' lang='lat' dir='ltr'>et</span> 
     </span>
     <span class='ocr_line' id='line_1_90' title="bbox 1051 1709 1791 1751; baseline 0.005 -13"><span class='ocrx_word' id='word_1_476' title='bbox 1051 1709 1251 1747; x_wconf 88' lang='lat' dir='ltr'>perillustrem</span> <span class='ocrx_word' id='word_1_477' title='bbox 1275 1710 1424 1740; x_wconf 89' lang='lat' dir='ltr'>dominum</span> <span class='ocrx_word' id='word_1_478' title='bbox 1443 1711 1475 1741; x_wconf 74' lang='lat' dir='ltr'>N.</span> <span class='ocrx_word' id='word_1_479' title='bbox 1490 1711 1537 1749; x_wconf 58' lang='lat' dir='ltr'>N„</span> <span class='ocrx_word' id='word_1_480' title='bbox 1554 1713 1622 1751; x_wconf 84' lang='lat' dir='ltr'>quia</span> <span class='ocrx_word' id='word_1_481' title='bbox 1634 1712 1643 1728; x_wconf 81' lang='lat'><strong>²</strong></span> <span class='ocrx_word' id='word_1_482' title='bbox 1659 1713 1791 1742; x_wconf 88' lang='lat' dir='ltr'>censuris</span> 
     </span>
     <span class='ocr_line' id='line_1_91' title="bbox 1052 1758 1788 1798; baseline 0.005 -11"><span class='ocrx_word' id='word_1_483' title='bbox 1052 1758 1220 1788; x_wconf 87' lang='lat' dir='ltr'>huiusmodi</span> <span class='ocrx_word' id='word_1_484' title='bbox 1253 1759 1288 1789; x_wconf 92' lang='lat' dir='ltr'>ob</span> <span class='ocrx_word' id='word_1_485' title='bbox 1319 1760 1477 1798; x_wconf 87' lang='lat' dir='ltr'>praemissa</span> <span class='ocrx_word' id='word_1_486' title='bbox 1509 1761 1665 1791; x_wconf 89' lang='lat' dir='ltr'>innodatus</span> <span class='ocrx_word' id='word_1_487' title='bbox 1692 1762 1788 1791; x_wconf 81' lang='lat' dir='ltr'>divina</span> 
     </span>
     <span class='ocr_line' id='line_1_92' title="bbox 1050 1807 1788 1849; baseline 0.005 -13"><span class='ocrx_word' id='word_1_488' title='bbox 1050 1807 1143 1837; x_wconf 79' lang='lat' dir='ltr'>officia</span> <span class='ocrx_word' id='word_1_489' title='bbox 1170 1808 1354 1845; x_wconf 87' lang='lat' dir='ltr'>(nontamen</span> <span class='ocrx_word' id='word_1_490' title='bbox 1379 1809 1407 1838; x_wconf 91' lang='lat' dir='ltr'>in</span> <span class='ocrx_word' id='word_1_491' title='bbox 1431 1814 1630 1849; x_wconf 87' lang='lat' dir='ltr'>contemptum</span> <span class='ocrx_word' id='word_1_492' title='bbox 1647 1810 1788 1848; x_wconf 81' lang='lat' dir='ltr'>clavium)</span> 
     </span>
     <span class='ocr_line' id='line_1_93' title="bbox 1049 1856 1789 1895; baseline 0.005 -11"><span class='ocrx_word' id='word_1_493' title='bbox 1049 1856 1144 1885; x_wconf 79' lang='lat' dir='ltr'>forsan</span> <span class='ocrx_word' id='word_1_494' title='bbox 1161 1856 1331 1895; x_wconf 85' lang='lat' dir='ltr'>celebravit,</span> <span class='ocrx_word' id='word_1_495' title='bbox 1349 1867 1398 1886; x_wconf 88' lang='lat' dir='ltr'>seu</span> <span class='ocrx_word' id='word_1_496' title='bbox 1417 1857 1486 1887; x_wconf 78' lang='lat' dir='ltr'>alias</span> <span class='ocrx_word' id='word_1_497' title='bbox 1508 1858 1537 1887; x_wconf 93' lang='lat' dir='ltr'>in</span> <span class='ocrx_word' id='word_1_498' title='bbox 1561 1859 1621 1888; x_wconf 87' lang='lat' dir='ltr'>suis</span> <span class='ocrx_word' id='word_1_499' title='bbox 1637 1858 1789 1888; x_wconf 85' lang='lat' dir='ltr'>ordinibus</span> 
     </span>
     <span class='ocr_line' id='line_1_94' title="bbox 1049 1905 1790 1946; baseline 0.004 -12"><span class='ocrx_word' id='word_1_500' title='bbox 1049 1905 1459 1945; x_wconf 77' lang='lat' dir='ltr'>ministravit,quomodolibet</span> <span class='ocrx_word' id='word_1_501' title='bbox 1474 1909 1633 1944; x_wconf 76' lang='lat' dir='ltr'>contracta,</span> <span class='ocrx_word' id='word_1_502' title='bbox 1643 1907 1677 1937; x_wconf 91' lang='lat' dir='ltr'>ad</span> <span class='ocrx_word' id='word_1_503' title='bbox 1691 1916 1790 1946; x_wconf 87' lang='lat' dir='ltr'>quem-</span> 
     </span>
     <span class='ocr_line' id='line_1_95' title="bbox 1048 1954 1788 1995; baseline 0.004 -12"><span class='ocrx_word' id='word_1_504' title='bbox 1048 1963 1171 1993; x_wconf 87' lang='lat' dir='ltr'>cumque</span> <span class='ocrx_word' id='word_1_505' title='bbox 1199 1954 1334 1984; x_wconf 78' lang='lat' dir='ltr'>effectum</span> <span class='ocrx_word' id='word_1_506' title='bbox 1368 1955 1397 1984; x_wconf 92' lang='lat' dir='ltr'>in</span> <span class='ocrx_word' id='word_1_507' title='bbox 1431 1959 1555 1994; x_wconf 85' lang='lat' dir='ltr'>utroque</span> <span class='ocrx_word' id='word_1_508' title='bbox 1587 1956 1696 1995; x_wconf 83' lang='lat' dir='ltr'>pariter</span> <span class='ocrx_word' id='word_1_509' title='bbox 1727 1956 1788 1986; x_wconf 87' lang='lat' dir='ltr'>soro</span> 
     </span>
     <span class='ocr_line' id='line_1_96' title="bbox 1047 2002 1786 2043; baseline 0.004 -12"><span class='ocrx_word' id='word_1_510' title='bbox 1047 2002 1238 2041; x_wconf 78' lang='lat' dir='ltr'>dispensavit,</span> <span class='ocrx_word' id='word_1_511' title='bbox 1261 2003 1416 2042; x_wconf 84' lang='lat' dir='ltr'>ipsumque</span> <span class='ocrx_word' id='word_1_512' title='bbox 1449 2003 1483 2033; x_wconf 83' lang='lat' dir='ltr'>ad</span> <span class='ocrx_word' id='word_1_513' title='bbox 1516 2004 1632 2041; x_wconf 84' lang='lat' dir='ltr'>samam,</span> <span class='ocrx_word' id='word_1_514' title='bbox 1666 2004 1786 2043; x_wconf 82' lang='lat' dir='ltr'>gradus,</span> 
     </span>
     <span class='ocr_line' id='line_1_97' title="bbox 1046 2051 1788 2092; baseline 0.004 -12"><span class='ocrx_word' id='word_1_515' title='bbox 1046 2051 1215 2089; x_wconf 74' lang='lat' dir='ltr'>dignitates,</span> <span class='ocrx_word' id='word_1_516' title='bbox 1233 2060 1345 2081; x_wconf 88' lang='lat' dir='ltr'>necnon</span> <span class='ocrx_word' id='word_1_517' title='bbox 1370 2051 1509 2082; x_wconf 81' lang='lat' dir='ltr'>beneficia</span> <span class='ocrx_word' id='word_1_518' title='bbox 1533 2057 1561 2082; x_wconf 89' lang='lat' dir='ltr'>et</span> <span class='ocrx_word' id='word_1_519' title='bbox 1583 2053 1678 2082; x_wconf 83' lang='lat' dir='ltr'>officia</span> <span class='ocrx_word' id='word_1_520' title='bbox 1701 2063 1788 2092; x_wconf 87' lang='lat' dir='ltr'>quae-</span> 
     </span>
     <span class='ocr_line' id='line_1_98' title="bbox 1047 2100 1788 2140; baseline 0.005 -12"><span class='ocrx_word' id='word_1_521' title='bbox 1047 2109 1172 2138; x_wconf 86' lang='lat' dir='ltr'>cumque</span> <span class='ocrx_word' id='word_1_522' title='bbox 1195 2100 1391 2130; x_wconf 82' lang='lat' dir='ltr'>ecclesiastica</span> <span class='ocrx_word' id='word_1_523' title='bbox 1416 2110 1467 2140; x_wconf 90' lang='lat' dir='ltr'>per</span> <span class='ocrx_word' id='word_1_524' title='bbox 1489 2110 1554 2130; x_wconf 93' lang='lat' dir='ltr'>eum</span> <span class='ocrx_word' id='word_1_525' title='bbox 1578 2101 1717 2132; x_wconf 89' lang='lat' dir='ltr'>canonice</span> <span class='ocrx_word' id='word_1_526' title='bbox 1739 2102 1788 2132; x_wconf 91' lang='lat' dir='ltr'>ob-</span> 
     </span>
     <span class='ocr_line' id='line_1_99' title="bbox 1046 2149 1787 2190; baseline 0.005 -12"><span class='ocrx_word' id='word_1_527' title='bbox 1046 2153 1124 2179; x_wconf 88' lang='lat' dir='ltr'>tenta</span> <span class='ocrx_word' id='word_1_528' title='bbox 1148 2149 1357 2187; x_wconf 88' lang='lat' dir='ltr'>rehabilitavit,</span> <span class='ocrx_word' id='word_1_529' title='bbox 1391 2151 1519 2181; x_wconf 86' lang='lat' dir='ltr'>restituit</span> <span class='ocrx_word' id='word_1_530' title='bbox 1539 2155 1567 2181; x_wconf 84' lang='lat' dir='ltr'>et</span> <span class='ocrx_word' id='word_1_531' title='bbox 1590 2152 1719 2190; x_wconf 85' lang='lat' dir='ltr'>plenarie</span> <span class='ocrx_word' id='word_1_532' title='bbox 1742 2161 1787 2182; x_wconf 86' lang='lat' dir='ltr'>re-</span> 
     </span>
     <span class='ocr_line' id='line_1_100' title="bbox 1046 2198 1783 2240; baseline 0.004 -13"><span class='ocrx_word' id='word_1_533' title='bbox 1046 2198 1211 2236; x_wconf 81' lang='lat' dir='ltr'>integravit.</span> <span class='ocrx_word' id='word_1_534' title='bbox 1233 2198 1343 2234; x_wconf 84' lang='lat' dir='ltr'>Quibus</span> <span class='ocrx_word' id='word_1_535' title='bbox 1376 2199 1414 2229; x_wconf 87' lang='lat' dir='ltr'>ita</span> <span class='ocrx_word' id='word_1_536' title='bbox 1445 2200 1622 2230; x_wconf 81' lang='lat' dir='ltr'>adamussim</span> <span class='ocrx_word' id='word_1_537' title='bbox 1646 2201 1783 2240; x_wconf 72' lang='lat' dir='ltr'>peractis,</span> 
     </span>
     <span class='ocr_line' id='line_1_101' title="bbox 1045 2248 1785 2288; baseline 0.003 -13"><span class='ocrx_word' id='word_1_538' title='bbox 1045 2251 1312 2285; x_wconf 85' lang='lat' dir='ltr'>saepememoratus</span> <span class='ocrx_word' id='word_1_539' title='bbox 1342 2248 1604 2278; x_wconf 75' lang='lat' dir='ltr'>reverendissimus</span> <span class='ocrx_word' id='word_1_540' title='bbox 1631 2249 1785 2288; x_wconf 85' lang='lat' dir='ltr'>episcopus</span> 
     </span>
     <span class='ocr_line' id='line_1_102' title="bbox 1046 2295 1787 2335; baseline 0.005 -11"><span class='ocrx_word' id='word_1_541' title='bbox 1046 2295 1282 2334; x_wconf 80' lang='lat' dir='ltr'>Heliopoliensis,</span> <span class='ocrx_word' id='word_1_542' title='bbox 1306 2295 1400 2325; x_wconf 86' lang='lat' dir='ltr'>dictae</span> <span class='ocrx_word' id='word_1_543' title='bbox 1423 2296 1564 2326; x_wconf 86' lang='lat' dir='ltr'>ecclesiae</span> <span class='ocrx_word' id='word_1_544' title='bbox 1580 2296 1787 2335; x_wconf 81' lang='lat' dir='ltr'>Osnabrugen-</span> 
     </span>
     <span class='ocr_line' id='line_1_103' title="bbox 1045 2344 1787 2385; baseline 0.005 -13"><span class='ocrx_word' id='word_1_545' title='bbox 1045 2344 1085 2373; x_wconf 86' lang='lat' dir='ltr'>sis</span> <span class='ocrx_word' id='word_1_546' title='bbox 1107 2344 1320 2382; x_wconf 75' lang='lat' dir='ltr'>suffraganeus,</span> <span class='ocrx_word' id='word_1_547' title='bbox 1342 2344 1471 2374; x_wconf 83' lang='lat' dir='ltr'>iniunxit</span> <span class='ocrx_word' id='word_1_548' title='bbox 1487 2345 1558 2374; x_wconf 90' lang='lat' dir='ltr'>mihi</span> <span class='ocrx_word' id='word_1_549' title='bbox 1575 2355 1661 2385; x_wconf 86' lang='lat' dir='ltr'>supra</span> <span class='ocrx_word' id='word_1_550' title='bbox 1685 2355 1787 2376; x_wconf 87' lang='lat' dir='ltr'>recen-</span> 
     </span>
     <span class='ocr_line' id='line_1_104' title="bbox 1046 2392 1785 2434; baseline 0.004 -13"><span class='ocrx_word' id='word_1_551' title='bbox 1046 2392 1100 2421; x_wconf 91' lang='lat' dir='ltr'>sito</span> <span class='ocrx_word' id='word_1_552' title='bbox 1122 2396 1150 2422; x_wconf 87' lang='lat' dir='ltr'>et</span> <span class='ocrx_word' id='word_1_553' title='bbox 1172 2392 1358 2432; x_wconf 82' lang='lat' dir='ltr'>infrascripto</span> <span class='ocrx_word' id='word_1_554' title='bbox 1377 2393 1502 2430; x_wconf 89' lang='lat' dir='ltr'>notario,</span> <span class='ocrx_word' id='word_1_555' title='bbox 1519 2398 1550 2423; x_wconf 90' lang='lat' dir='ltr'>ut</span> <span class='ocrx_word' id='word_1_556' title='bbox 1566 2394 1600 2424; x_wconf 92' lang='lat' dir='ltr'>de</span> <span class='ocrx_word' id='word_1_557' title='bbox 1616 2395 1785 2434; x_wconf 80' lang='lat' dir='ltr'>praemissis</span> 
     </span>
     <span class='ocr_line' id='line_1_105' title="bbox 1046 2440 1786 2480; baseline 0.005 -11"><span class='ocrx_word' id='word_1_558' title='bbox 1046 2440 1195 2480; x_wconf 90' lang='lat' dir='ltr'>publicum</span> <span class='ocrx_word' id='word_1_559' title='bbox 1232 2441 1406 2471; x_wconf 84' lang='lat' dir='ltr'>conficerem</span> <span class='ocrx_word' id='word_1_560' title='bbox 1443 2442 1673 2472; x_wconf 87' lang='lat' dir='ltr'>instrumentum</span> <span class='ocrx_word' id='word_1_561' title='bbox 1709 2443 1786 2480; x_wconf 82' lang='lat' dir='ltr'>regi—</span> 
     </span>
    </p>

    <p class='ocr_par' dir='ltr' id='par_1_13' title="bbox 1081 2501 1783 2539">
     <span class='ocr_line' id='line_1_106' title="bbox 1081 2501 1783 2539; baseline 0.001 -10"><span class='ocrx_word' id='word_1_562' title='bbox 1081 2503 1092 2529; x_wconf 83' lang='lat'><strong>1</strong></span> <span class='ocrx_word' id='word_1_563' title='bbox 1116 2501 1216 2529; x_wconf 84' lang='lat' dir='ltr'>Forsan</span> <span class='ocrx_word' id='word_1_564' title='bbox 1232 2503 1377 2537; x_wconf 81' lang='lat' dir='ltr'>legendum</span> <span class='ocrx_word' id='word_1_565' title='bbox 1392 2512 1419 2530; x_wconf 81' lang='lat' dir='ltr'>se</span> <span class='ocrx_word' id='word_1_566' title='bbox 1435 2504 1628 2538; x_wconf 72' lang='lat' dir='ltr'>submitteret,</span> <span class='ocrx_word' id='word_1_567' title='bbox 1646 2507 1737 2539; x_wconf 75' lang='lat' dir='ltr'>prou(</span> <span class='ocrx_word' id='word_1_568' title='bbox 1755 2512 1783 2530; x_wconf 85' lang='lat' dir='ltr'>se</span> 
     </span>
    </p>
   </div>
   <div class='ocr_carea' id='block_1_13' title="bbox 1043 2547 1696 2628">
    <p class='ocr_par' dir='ltr' id='par_1_14' title="bbox 1043 2547 1696 2628">
     <span class='ocr_line' id='line_1_107' title="bbox 1043 2547 1299 2582; baseline 0 -8"><span class='ocrx_word' id='word_1_569' title='bbox 1043 2547 1179 2574; x_wconf 77' lang='lat' dir='ltr'>submisit</span> <span class='ocrx_word' id='word_1_570' title='bbox 1195 2550 1232 2581; x_wconf 76' lang='lat' dir='ltr'>(R.</span> <span class='ocrx_word' id='word_1_571' title='bbox 1249 2549 1299 2582; x_wconf 87' lang='lat' dir='ltr'>T.).</span> 
     </span>
     <span class='ocr_line' id='line_1_108' title="bbox 1080 2590 1696 2628; baseline 0.003 -11"><span class='ocrx_word' id='word_1_572' title='bbox 1080 2590 1095 2616; x_wconf 78' lang='lat'>⁶2</span> <span class='ocrx_word' id='word_1_573' title='bbox 1115 2590 1185 2618; x_wconf 86' lang='lat' dir='ltr'>Edit.</span> <span class='ocrx_word' id='word_1_574' title='bbox 1202 2591 1281 2619; x_wconf 60' lang='grc' dir='ltr'><strong>Μαίη.</strong></span> <span class='ocrx_word' id='word_1_575' title='bbox 1298 2591 1364 2627; x_wconf 83' lang='lat' dir='ltr'>legit</span> <span class='ocrx_word' id='word_1_576' title='bbox 1379 2594 1431 2627; x_wconf 68' lang='lat' dir='ltr'>qui</span> <span class='ocrx_word' id='word_1_577' title='bbox 1446 2601 1492 2628; x_wconf 89' lang='lat' dir='ltr'>pro</span> <span class='ocrx_word' id='word_1_578' title='bbox 1506 2594 1577 2628; x_wconf 79' lang='lat' dir='ltr'>quia</span> <span class='ocrx_word' id='word_1_579' title='bbox 1594 2595 1631 2625; x_wconf 76' lang='lat' dir='ltr'>(R.</span> <span class='ocrx_word' id='word_1_580' title='bbox 1650 2594 1696 2627; x_wconf 82' lang='lat' dir='ltr'>T.).</span> 
     </span>
    </p>
   </div>
   <div class='ocr_carea' id='block_1_14' title="bbox 1696 189 1995 226">
    <p class='ocr_par' dir='ltr' id='par_1_15' title="bbox 1696 189 1995 226">
     <span class='ocr_line' id='line_1_109' title="bbox 1696 189 1995 226; baseline 0.013 -4"><span class='ocrx_word' id='word_1_581' title='bbox 1696 189 1759 222; x_wconf 67' lang='grc' dir='ltr'>74ᾒ</span> <span class='ocrx_word' id='word_1_582' title='bbox 1806 198 1859 225; x_wconf 74' lang='lat' dir='ltr'>An.</span> <span class='ocrx_word' id='word_1_583' title='bbox 1880 199 1908 226; x_wconf 87' lang='lat' dir='ltr'>c.</span> <span class='ocrx_word' id='word_1_584' title='bbox 1928 199 1995 226; x_wconf 75' lang='lat'>1716</span> 
     </span>
    </p>
   </div>
  </div>
 </body>
</html>
