2269 3203
235 214 285 240 An.
307 213 334 240 c.
353 214 415 240 1721
467 205 531 238 852
1020 219 1202 244 BULLARIUM
1226 220 1380 245 ROMANUM
1963 226 2012 254 An.
2034 227 2062 255 c,
2080 227 2144 256 ¹721

431 264 669 307 quamprimum
691 264 784 299 iussu
809 272 933 309 nostro,
953 268 1169 301 benedicente
1215 279 1296 309 rum,
1315 269 1355 302 ad
1380 280 1472 302 usum
1494 271 1805 306 etcommoditatem
1830 284 1956 307 eorum-

430 316 578 358 Domino,
606 319 807 362 erogabitur.
1215 321 1288 354 dem
1327 322 1460 355 fratrum
1488 333 1524 356 ac
1560 323 1675 357 civium
1712 331 1745 358 et
1776 325 1956 360 incolarum

254 384 417 409 mmmmm
473 370 488 413 ἓ
512 370 543 403 ⁶2.
571 371 745 405 Praeterea
776 374 1058 416 metropolitanam
1085 374 1169 407 eius·
1214 386 1493 419 quorumcumque
1530 377 1630 420 ipsius
1654 378 1792 412 civitatis
1825 390 1955 413 necnon

233 413 324 431 eeclesia
358 416 368 435 ΙΙ
384 418 394 429 ‹⁴-
411 420 417 424 ·

234 439 298 468 nam.
311 416 417 457 anmfsi'-
430 423 501 456 dem
528 424 665 458 civitatis
690 426 912 459 Urbinatensis
933 428 1116 466 ecelesiam,
1136 427 1167 460 in
1213 428 1436 462 studiosorum
1462 431 1500 463 ad
1519 431 1698 473 praefatam
1714 433 1956 467 universitatem

232 465 417 518 {sslifsstsslllissssss'i
429 487 491 520 qua
512 479 612 510 sacris
631 479 783 522 baptismi
805 480 897 522 aquis
919 480 1021 512 abluti
1039 480 1166 521 fuimus,
1213 481 1310 514 studii
1340 483 1501 525 generalis
1527 484 1780 527 confluentium,
1807 486 1956 519 institui—

234 518 310 538 mma.
428 531 601 573 magnifico
620 537 718 575 atque
737 532 921 575 praenobili
939 533 1041 573 altari,
1060 533 1168 567 aeneis
1213 546 1295 575 nmS,
1320 546 1386 569 non
1422 537 1548 570 modica
1583 538 1797 581 pecuniarum
1832 542 1956 573 summa

428 584 640 626 ornamentis,
666 586 808 628 antiquis
832 586 1052 619 marmoribus
1079 588 1168 620 etla-
1213 589 1244 621 in
1273 589 1304 621 id
1329 600 1410 633 opus
1437 593 1577 633 erogata,
1604 591 1797 634 praesertim
1822 592 1854 625 in
1880 603 1956 626 con-

426 636 557 679 pidibus
582 638 835 671 versicoloribus
868 639 1089 672 selectissimis
1116 650 1169 672 ex·
1213 642 1424 676 structionem
1450 643 1590 676 fabricae
1611 644 1756 678 eiusdem
1776 645 1955 679 bibliothe-

427 690 527 730 culto,
553 692 610 724 sub
642 702 705 734 quo
737 702 867 725 sacrum
893 703 1012 736 corpus
1033 693 1066 727 S.
1093 692 1168 726 Cre-
1213 706 1280 736 cae,
1317 707 1453 741 eamque
1490 708 1557 731 non
1593 698 1690 731 modo
1726 699 1857 732 scriniis
1894 710 1954 733 seu

427 743 565 776 scentini
600 745 762 788 martyris,
800 745 902 788 ipsius
927 745 1066 779 civitatis
1092 757 1169 789 pro-
1214 749 1329 782 forulis
1355 760 1458 783 nuceo
1483 750 1573 793 ligno
1600 752 1754 785 decenter
1779 752 1955 786 elaboratis

427 796 579 837 tectoris,
606 797 813 831 reconditum
847 804 914 840 est,
957 810 1010 832 sex
1047 799 1168 832 ibidem
1213 812 1249 834 ac
1274 801 1329 835 filo
1356 813 1454 836 aereo
1481 804 1652 838 reticulato
1679 805 1820 846 munitis,
1839 816 1953 839 verum

426 850 688 892 praegrandibus
725 852 931 885 candelabris
962 863 1033 885 cum
1072 864 1167 886 cruce
1214 855 1309 888 etiarn
1323 856 1472 898 pluribus
1486 857 1652 890 codicibus
1667 858 1705 891 ad
1718 869 1830 892 omnes
1848 869 1953 902 prope

426 902 564 946 aliisque
601 904 682 937 vasis
723 906 888 948 argenteis
926 905 1168 949 elegantissime
1214 908 1369 941 scientias
1411 915 1442 942 et
1476 915 1561 943 artes
1598 916 1665 944 tum
1694 911 1849 945 liberales
1887 918 1955 945 tum

426 957 621 998 elaboratis,
649 960 748 992 multa
780 965 811 992 et
849 962 1039 1003 sumptuosa
1064 961 1168 994 omnis
1213 962 1420 995 mechanicas
1446 964 1677 1006 spectantibus,
1709 964 1776 997 sive
1812 976 1872 1009 per
1896 975 1954 999 nos

426 1011 557 1052 generis
582 1013 790 1055 supellectile
816 1012 848 1046 in
873 1025 965 1046 usum
999 1014 1083 1047 sacri
1110 1014 1169 1047 mi-
1213 1015 1340 1058 emptis,
1367 1015 1432 1048 sive
1459 1027 1475 1049 e
1502 1016 1680 1050 domestica
1703 1019 1817 1051 nostra
1840 1018 1956 1052 biblio·

425 1063 562 1104 misterii,
577 1065 715 1106 geminis
733 1066 872 1099 attalicis
890 1067 1041 1110 stragulis
1060 1068 1167 1110 magni
1215 1069 1309 1102 theca
1327 1069 1487 1109 extractis,
1507 1070 1591 1113 qui&
1615 1071 1700 1104 ultra
1723 1072 1900 1105 nonnullos
1921 1072 1955 1105 in

425 1117 532 1159 pretii,
560 1118 762 1162 totidemque
789 1131 806 1152 a
831 1120 1069 1154 celebrioribus
1098 1121 1168 1154 aevi
1213 1122 1345 1165 antiqua
1370 1122 1444 1155 dicti
1464 1129 1643 1157 conventus
1668 1124 1870 1158 bibliotheca
1894 1125 1957 1158 exi-

426 1171 531 1203 nostri
556 1171 739 1215 pictoribus
766 1174 939 1207 delineatis
966 1180 1064 1218 atque
1096 1186 1169 1208 eon·
1213 1181 1346 1217 stenteS,
1361 1187 1397 1209 ac
1415 1177 1496 1209 alios
1516 1177 1640 1220 plures,
1658 1188 1739 1221 quos
1763 1178 1869 1212 bonae
1890 1189 1956 1213 me-

426 1224 518 1257 seetis
544 1226 662 1258 tabulis
687 1227 835 1260 decorari
861 1230 970 1261 nostra
994 1229 1118 1272 pariter
1138 1234 1170 1263 et
1215 1228 1338 1262 moriae
1371 1230 1557 1263 Alexander
1580 1231 1713 1272 Fidelis,
1730 1231 1806 1264 dum
1822 1231 1953 1272 viveret,

427 1277 560 1320 quidem
586 1279 723 1312 maxima
748 1280 898 1324 impensa
922 1281 1115 1314 curavimus.
1214 1282 1388 1326 episcopus
1412 1283 1554 1325 AEsinus,
1582 1284 1742 1318 eiusmodi
1767 1291 1896 1319 nostrae
1921 1285 1954 1318 in

256 1339 356 1360 Eiusdem
382 1347 414 1370 ee,-
470 1330 485 1373 g
510 1331 541 1364 3.
569 1332 725 1375 Exiguum
751 1333 886 1376 insuper
919 1344 978 1367 nec
1002 1334 1168 1378 praefatae
1213 1347 1303 1369 suam
1332 1347 1434 1380 aeque
1460 1348 1496 1370 ac
1520 1342 1664 1370 nostram
1689 1337 1826 1381 patriam
1851 1338 1953 1372 bene-

229 1368 306 1387 clnsiae
329 1373 414 1388 canoni-

229 1395 414 1419 caiczpromnuz
427 1386 699 1428 metropolitanae
718 1387 874 1420 ecclesiae
894 1387 1043 1431 dignitati
1057 1399 1168 1432 parem
1212 1387 1290 1421 sicae
1316 1388 1489 1421 voluntatis
1513 1389 1616 1432 probe
1642 1389 1802 1429 conscius,
1829 1389 1862 1422 in
1888 1389 1953 1422 suis

229 1424 294 1442 aii-sti.
306 1421 369 1441 aede<
381 1428 413 1441 ar-

237 1448 407 1473 cini-pumma<
425 1437 692 1473 beneficiatorum
710 1440 757 1473 illi
782 1440 1029 1474 inservientium
1054 1452 1169 1475 nume·
1213 1441 1374 1485 supremis
1416 1441 1534 1474 tabulis
1573 1441 1781 1485 dispositioni
1820 1447 1952 1475 nostrae

228 1475 496 1525 fifssiiiiii'dsse'xfr‘iissrtim
523 1492 678 1533 auximus,
706 1496 917 1537 congruaque
944 1493 1020 1527 dote
1046 1494 1168 1527 instru-
1213 1494 1275 1527 hoc
1300 1494 1440 1527 consilio
1465 1495 1650 1538 reliquerat,
1676 1495 1708 1527 in
1734 1495 1863 1528 seriniis
1897 1495 1953 1528 hu-

228 1529 292 1547 cum
426 1544 548 1586 ximus,
586 1547 794 1580 canonicales
836 1553 1032 1591 proventus,
1074 1553 1167 1581 antea
1212 1546 1352 1581 iusmodi
1379 1547 1442 1581 iam
1463 1548 1611 1581 collocati
1630 1553 1661 1581 et
1682 1559 1826 1591 congrue
1849 1548 1954 1591 dispo-

426 1597 602 1632 admodum
628 1604 753 1641 tenues,
774 1602 862 1633 certa
887 1603 995 1634 annua
1012 1601 1168 1644 quingen·
1212 1601 1266 1634 siti
1307 1602 1534 1645 reperiuntur,
1576 1602 1691 1634 instrui
1735 1601 1892 1643 fecimus;
1919 1602 1954 1635 il-

425 1655 530 1683 torum
550 1662 727 1686 aureorum
745 1663 842 1696 super
860 1654 1015 1686 fructibus
1041 1660 1072 1687 et
1093 1655 1166 1688 red·
1211 1655 1316 1698 lisque
1353 1665 1457 1698 nuper
1486 1655 1568 1688 alios
1588 1655 1684 1688 etiam
1703 1655 1842 1697 codices,
1861 1666 1954 1699 prae-

425 1704 545 1737 ditibus
560 1706 820 1749 quibuscumque
846 1707 1034 1741 monasterii
1059 1707 1166 1741 stlta·
1211 1708 1324 1741 sertim
1350 1709 1390 1741 ad
1416 1713 1516 1741 artem
1544 1709 1703 1742 medicam
1732 1709 1950 1752 pertinentes,

422 1758 490 1790 riae
518 1759 557 1792 de
584 1758 775 1802 Claravalle,
801 1761 942 1802 nullius,
973 1772 1029 1794 seu
1066 1762 1166 1796 Seno·
1210 1772 1291 1805 quos
1317 1761 1482 1804 quondam
1507 1762 1640 1795 Ioannes
1659 1762 1756 1796 Maria
1773 1762 1950 1802 Laneisius,

423 1812 591 1853 galliensis
617 1813 789 1855 dioecesis,
809 1814 841 1847 in
866 1820 1061 1858 perpetuum
1086 1815 1164 1849 assi·
1210 1815 1285 1847 dum
1298 1814 1383 1855 vixit,
1398 1814 1618 1848 cubicularius
1633 1820 1665 1847 et
1679 1814 1824 1848 medicus
1841 1820 1953 1849 noster

423 1867 518 1906 gnata
542 1867 718 1908 pensione,
745 1868 1031 1911 amplificavim1153
1063 1880 1166 1902 sacra-
1209 1872 1366 1907 secretus,
1394 1878 1558 1911 propenso
1583 1867 1615 1900 in
1641 1868 1787 1901 eamdem
1811 1869 1952 1912 patriam

422 1918 504 1950 rium
541 1919 573 1952 in
610 1931 702 1953 usum
743 1922 977 1955 canonicorum
1009 1933 1026 1955 a
1050 1923 1166 1956 funda-
1209 1928 1354 1954 nostram
1378 1922 1501 1961 animo,
1532 1921 1637 1955 dictae
1662 1921 1885 1955 bibliothecae
1910 1923 1952 1956 le·
2267 1938 2269 1957 ι

422 1972 541 2004 mentis
579 1973 741 2006 ereximus
775 1979 807 2007 et
837 1975 990 2018 congruis
1016 1976 1164 2009 armariis
1209 1980 1351 2018 gaveiat,
1377 1975 1452 2008 addi
1477 1975 1637 2016 iussimus,
1664 1975 1741 2018 quin
1767 1975 1830 2008 imo
1855 1975 1950 2009 etiam

422 2035 482 2067 pro
517 2036 685 2060 sacrorum
717 2029 998 2072 suppellectilium
1035 2029 1164 2062 decenti
1208 2028 1241 2061 in
1265 2034 1435 2071 posterum
1462 2029 1609 2062 eamdem
1625 2029 1859 2063 bibliothecam
1878 2029 1949 2062 aliis
2267 2036 2269 2051 ¹

422 2080 569 2112 custodia
595 2081 837 2121 exornavi1nus;
863 2082 1164 2126 archiepiscopales
1209 2081 1387 2122 codicibus,
1404 2093 1460 2115 seu
1486 2082 1699 2115 voluminibus
1713 2109 1720 2123 ,
1738 2083 1831 2124 dum,
1849 2082 1950 2115 bene·
2267 2086 2269 2091 ⁴

422 2131 528 2172 aedes,
548 2140 699 2175 augustas
716 2139 747 2167 et
765 2135 975 2175 collabentes,
993 2135 1164 2169 refecimus
1210 2135 1339 2168 dicente
1363 2135 1510 2175 Domino,
1544 2136 1606 2168 vita
1638 2140 1800 2179 suppetet,
1832 2145 1950 2178 augere

422 2196 458 2218 ac
483 2187 705 2229 ampliavimus
724 2199 732 2227 3
759 2188 936 2231 collegium
962 2189 1096 2230 itidem,
1131 2189 1165 2222 in
1208 2187 1419 2229 intendimus,
1439 2194 1474 2221 ut
1490 2189 1606 2222 exinde
1628 2188 1797 2221 memorati
1823 2188 1949 2229 fratres,

422 2248 486 2280 quo
505 2239 632 2272 nobiles
654 2241 888 2280 adolescentes,
907 2247 972 2274 tum
991 2242 1164 2284 indigenae
1209 2241 1313 2282 cives,
1339 2242 1466 2275 incolae
1498 2248 1530 2275 et
1561 2242 1696 2276 studiosi
1725 2242 1886 2274 bonarum
1912 2252 1949 2274 ac

422 2296 489 2324 tum
517 2293 612 2325 etiam
639 2294 762 2335 exteri,
787 2294 883 2327 bonis
910 2295 1034 2328 artibus
1062 2295 1164 2328 hone-
1208 2295 1400 2338 praesertim
1426 2306 1590 2328 sacrarum
1621 2295 1802 2328 litterarum
1839 2294 1950 2328 lauda-

422 2344 545 2388 stisque
570 2347 714 2380 moribus
741 2358 757 2380 a
782 2348 886 2381 doctis
913 2348 1039 2392 piisque
1066 2348 1165 2391 magi·
1207 2348 1389 2392 biliumque
1433 2349 1678 2392 disciplinarum
1714 2348 1828 2381 studiis
1864 2359 1950 2381 com-

423 2399 497 2432 stris
513 2399 626 2433 sedulo
641 2400 869 2442 instituuntur,
888 2402 954 2435 fere
969 2402 1001 2434 in
1015 2402 1165 2434 meditul-
1208 2401 1334 2434 modius
1371 2412 1407 2435 ac
1437 2402 1617 2445 impensius
1654 2412 1767 2435 vacare
1813 2401 1949 2436 uberio-

422 2452 466 2485 lio
492 2452 629 2485 civitatis
655 2463 671 2485 a
697 2453 919 2486 fundamentis
940 2454 1161 2487 excitavimus.
1207 2465 1323 2499 resque
1344 2455 1376 2487 in
1394 2456 1440 2488 eis
1458 2466 1651 2499 progressus
1673 2456 1779 2490 facere
1804 2458 1943 2490 valeant.

280 2510 412 2531 Βὼῑωηινω
467 2506 482 2548 ἓ
506 2505 537 2538 4.
565 2506 731 2539 Publicam
767 2517 899 2549 quoque
927 2507 1163 2541 bibliothecam
1250 2509 1264 2552 ἓ
1285 2508 1315 2541 5.
1333 2509 1379 2541 Ad
1397 2509 1477 2542 haec
1491 2509 1655 2552 praefatae
1670 2510 1796 2553 patriae
1814 2515 1945 2544 nostrae
1992 2514 2076 2535 Moenia
2090 2513 2142 2536 civi·

227 2536 454 2591 inllrafssilsxccinlu§din
490 2565 650 2593 conventu
687 2560 820 2593 fratrum
853 2560 981 2593 Ordinis
1007 2560 1163 2595 Minorum
1243 2581 1252 2606 1
1277 2579 1341 2607 Vide
1361 2588 1444 2615 supra
1463 2588 1523 2615 pag.
1546 2580 1598 2608 843
1618 2580 1649 2614 bf
1676 2581 1745 2608 mate
1769 2581 1834 2609 edit.
1860 2543 2141 2609 Mam-‘aummum

228 2590 335 2614 publicum
353 2595 412 2612 usum

229 2618 308 2638 mvta-
425 2612 455 2646 S.
483 2612 644 2647 Francisci
670 2613 938 2647 Conventualium
964 2620 1164 2658 nuncupato·
1206 2623 1270 2660 tegit
1291 2627 1319 2652 ιιι
1338 2632 1387 2659 pro
1408 2624 1459 2659 qui
1478 2626 1515 2660 (n.
1533 2625 1582 2659 T.).
