2269 3203
102 249 150 276 An.
167 246 195 275 C.
218 246 281 274 ¹721

297 294 419 328 suerint
443 295 619 328 constituta
643 293 790 334 consilio,
821 294 1037 327 nihilominus

294 348 444 381 nonnulli
476 348 704 392 Hispaniarum
738 347 981 391 archiepiscopi
1008 352 1039 380 et

296 401 465 445 episcopi,
490 413 554 435 non
580 401 709 435 attentis
734 401 919 445 praemissis
952 401 1038 433 aliis-

296 465 359 498 que
396 455 559 487 Romanae
607 454 721 487 Curiae
759 453 1035 492 resolutionibus,

296 507 438 541 decretis
464 513 495 540 et
521 507 752 547 decisionibus,
780 507 894 539 domos
921 511 953 539 et
978 506 1037 539 lio-

295 561 423 604 spitalia
459 560 729 604 Congregationis
766 559 797 592 S.
826 559 954 592 loannis
978 559 1035 592 Dei

294 614 495 655 huiusmodi,
516 615 660 654 abusum,
680 612 897 646 intrusionem
916 618 947 645 et
963 623 1036 655 pos-

295 668 474 701 sessionem
500 668 555 700 illa
585 666 736 699 visitandi
762 667 964 709 allegantes,
990 666 1035 699 vi-

294 721 390 754 sitare
415 725 648 764 praesumant:
671 719 765 752 nobis
790 726 967 763 propterea
990 720 1036 752 di-

294 775 335 807 cti
362 779 562 818 exponentes
589 773 757 821 humiliter
787 773 963 816 supplicari
991 773 1035 806 se·

295 832 411 861 cerunt
442 832 478 860 ut
503 826 627 860 litteras
653 826 872 869 praeinsertas
897 836 957 869 pro
983 825 1034 858 fir-

293 880 388 914 miori
420 890 532 914 eorum
565 878 775 913 subsistentia
800 878 902 912 nostri
929 879 1035 912 muni-

293 933 390 967 minis
425 932 589 976 praesidio
621 932 732 966 fulcire
766 932 806 965 de
830 931 1033 975 benignitate

293 986 475 1030 apostolica
511 986 737 1029 dignaremur.
765 985 838 1026 Nos,
873 985 954 1029 ipsis
980 996 1034 1018 ex-

293 1040 490 1084 ponentibus
531 1040 704 1084 specialem
752 1039 886 1082 gratiam
928 1039 1032 1073 facere

293 1094 451 1135 volentes,
476 1098 508 1127 et
533 1104 646 1127 eorum
671 1093 855 1136 singulares
874 1103 1032 1136 personas

293 1158 311 1180 a
351 1147 516 1191 quibusvis
552 1146 919 1186 excommunicationis,
955 1156 1029 1179 sus-

292 1200 462 1244 pensionis
496 1205 528 1233 et
559 1199 733 1240 interdicti,
762 1199 897 1243 aliisque
934 1201 1033 1233 eccle-

293 1253 430 1287 siasticis
455 1253 627 1286 sententiis
643 1278 651 1293 ,
684 1252 828 1286 censuris
852 1258 883 1286 et
902 1253 1031 1296 poenis,

292 1317 308 1340 a
330 1307 398 1340 iure
423 1308 474 1340 vel
499 1307 538 1340 ab
564 1307 706 1346 homine,
726 1306 836 1350 quavis
860 1306 1032 1340 occasione

291 1361 341 1394 vel
367 1362 468 1418 caus&
487 1359 571 1399 latis,
595 1359 620 1392 si
642 1359 760 1403 quibus
785 1359 1032 1403 quomodolibet

290 1407 466 1446 innodatae
483 1412 635 1452 existunt,
655 1413 695 1445 ad
713 1411 862 1445 effectum
883 1422 1032 1456 praesen-

290 1466 368 1500 tium
394 1466 561 1499 dumtaxat
595 1465 883 1509 consequendum,
916 1465 1030 1499 harum

290 1519 375 1552 serie
392 1518 598 1552 absolventes
618 1523 650 1551 et
673 1518 840 1551 absolutas
866 1518 935 1552 sore
956 1528 1031 1552 cen-

290 1577 417 1612 sentes,
444 1571 631 1605 huiusmodi
656 1572 951 1615 supplicationibus
984 1572 1031 1605 in·

291 1624 415 1664 clinati,
434 1625 474 1658 de
492 1625 724 1658 venerabilium
750 1625 883 1658 fratrum
908 1631 1030 1659 nostro-

291 1688 361 1712 rum
396 1678 428 1712 S.
456 1678 492 1711 R.
519 1678 554 1711 Ε.
582 1678 792 1712 cardinalium
825 1679 966 1722 negotiis
1000 1683 1031 1713 et

291 1731 587 1765 consultationibus
621 1731 851 1775 episcoporum
879 1736 911 1765 et
934 1742 1030 1774 regu-

289 1784 403 1818 larium
422 1783 698 1828 praepositorum,
721 1784 776 1828 qui
793 1789 899 1818 votum
924 1785 1030 1818 bonae

289 1838 467 1872 memoriae
507 1838 634 1871 Ioannis

290 1891 321 1925 S.
349 1891 387 1924 R.
414 1891 449 1925 E.
481 1891 655 1925 cardinalis
688 1889 871 1924 Paracciani
904 1901 1031 1924 nuncu-

289 1945 369 1989 pati,
397 1945 474 1978 dum
499 1944 586 1985 vixit,
612 1945 688 1977 dicti
714 1944 843 1977 Ordinis
875 1945 959 1988 apud
978 1944 1030 1977 Se-

290 1997 362 2031 dem
388 1996 607 2041 Apostolicam
631 1997 828 2040 protectoris
857 1997 1029 2037 viderunt,

290 2061 326 2084 ac
351 2050 541 2084 relationem
564 2050 639 2083 dicti
660 2050 717 2083 filii
743 2050 891 2084 moderni
917 2061 1030 2094 procu-

289 2104 407 2137 ratoris
423 2103 585 2146 generalis
601 2103 745 2136 eiusdem
762 2103 890 2137 Ordinis
908 2104 1029 2137 eisdem

290 2157 511 2191 cardinalibus
526 2157 639 2190 saetam
657 2157 862 2197 audiverunt,
881 2158 1029 2198 consilio,

289 2211 507 2255 praeinsertas
532 2209 653 2243 Urbani
680 2216 712 2244 et
735 2211 908 2244 Alexandri
935 2221 1030 2254 prae-

291 2264 500 2298 decessorum
514 2265 648 2306 litteras,
664 2275 734 2297 cum
750 2264 902 2297 omnibus
919 2269 950 2297 et
964 2264 1029 2298 sin-

291 2318 373 2360 gulis
397 2318 431 2351 in
457 2318 504 2352 eis
528 2317 702 2358 contentis,
730 2317 922 2351 auctoritate
954 2328 1030 2361 apo-

291 2370 415 2410 stoliea,
433 2376 547 2405 tenore
564 2371 795 2415 praesentium,
810 2370 1029 2415 approbamus

291 2429 323 2457 et
340 2423 579 2466 confirmamus,
596 2424 937 2468 illisqueinviolabilis
950 2434 1029 2468 apo-

289 2477 423 2511 stolicae
445 2477 607 2512 firmitatis
626 2479 725 2512 robur
744 2478 926 2512 adiicimus:
944 2475 1028 2511 salva

290 2534 398 2563 tamen
422 2541 553 2574 semper
576 2531 609 2564 in
634 2531 820 2575 praemissis
840 2531 1028 2565 auctoritate

290 2582 560 2626 Congregationis
593 2589 844 2618 memoratorum
876 2583 1026 2618 cardina—

290 2635 379 2670 lium.

861 243 1071 270 INNOCENTIUS
1096 244 1155 269 xm
1179 244 1228 270 1⁵1³.

676 1838 836 1871 Dominici
884 1838 1028 1871 eiusdem
1044 1848 1051 1858 ⁴

1719 237 1783 272 885
1830 246 1923 274 amc.
1947 247 2011 275 1721

1127 294 1140 337 g
1165 294 1196 327 3.
1225 293 1445 327 Decernentes
1471 294 1600 328 easdem
1629 301 1820 338 praesentes
1859 309 1982 333 Clausulas.

1081 346 1206 380 litteras
1232 357 1363 390 semper
1388 346 1506 387 firmas,
1534 347 1620 380 ctc.⁴

1125 400 1139 442 ἓ
1159 399 1192 432 4.
1214 399 1283 432 Non
1305 399 1509 433 obstantibus
1532 400 1819 434 constitutionibus

1080 458 1110 485 et
1136 453 1398 486 ordinationibus
1423 453 1624 496 apostolicis,
1646 464 1771 486 necnon
1792 464 1822 486 o-

1080 506 1209 538 mnibus
1235 511 1265 539 et
1290 505 1425 548 singulis
1452 506 1526 545 illis,
1553 517 1634 549 quae
1660 506 1736 539 dieti
1762 506 1820 539 Ur-

1079 558 1182 591 banus
1216 564 1248 592 et
1280 559 1466 592 Alexander
1491 559 1761 601 praedecessores
1787 559 1819 592 in

1079 612 1147 644 suis
1184 612 1365 656 respective
1400 611 1516 644 litteris
1543 611 1716 644 voluerunt
1753 623 1818 645 non

1078 664 1228 705 obstare,
1263 665 1447 708 ceterisque
1481 665 1652 698 contrariis
1679 665 1820 709 quibus-

1078 729 1229 761 cumque.

1122 771 1136 814 ᾗ
1161 771 1192 804 5.
1216 771 1368 804 Volumus
1394 776 1502 804 autem
1530 776 1565 804 ut
1593 773 1817 816 praesentium
1870 785 1932 804 run,
1959 787 2013 805 mo-

1077 824 1258 858 litterarum
1285 825 1509 869 transumptis,
1537 831 1597 859 etc.
1614 826 1624 842 ²
1828 814 1966 837 ⁸¹¹¹¹'¹'¹‘''⁰¹¹''

1120 877 1233 910 Datum
1259 878 1378 911 Romae
1398 905 1405 918 ,
1433 879 1517 921 apud
1544 879 1575 912 S.
1603 879 1733 912 Mariam
1757 880 1819 913 Ma-

1076 930 1195 970 iorem,
1227 931 1287 964 sub
1313 932 1436 964 annulo
1462 932 1659 973 Piscatoris,
1682 933 1734 966 die
1761 943 1817 966 vni

1076 983 1146 1016 iulii
1160 993 1312 1024 iinccxn,
1337 983 1550 1027 pontificatus
1565 985 1668 1019 nostri
1687 996 1773 1018 anno
1793 996 1814 1019 1.

1110 1045 1169 1073 Dat.
1196 1045 1239 1072 die
1261 1046 1276 1072 8
1297 1044 1354 1073 iulii
1379 1045 1457 1079 1721,
1480 1046 1579 1082 pontif.
1604 1053 1709 1074 annot.

1903 416 2015 439 hernantio

1832 443 1994 462 contrariorum.

1414 1190 1464 1222 xl.

1076 1269 1322 1312 Confirnmnlur
1335 1270 1578 1303 constitutiones
1593 1269 1743 1313 Gregorii
1756 1270 1785 1303 X
1795 1269 1820 1303 V

1121 1322 1245 1356 Urbani
1275 1323 1368 1363 VIII,
1397 1324 1571 1361 Clementis
1596 1323 1646 1357 IX
1670 1328 1699 1357 ec
1724 1323 1764 1364 X,
1781 1335 1817 1357 ac

1117 1375 1303 1409 Innocentii
1323 1375 1384 1417 XI,
1405 1377 1526 1420 quibus
1543 1387 1688 1409 concessa
1705 1381 1733 1409 el
1747 1387 1818 1410 con-

1116 1428 1251 1470 firmata
1275 1430 1365 1472 fuere
1390 1429 1550 1473 hospitali
1573 1430 1613 1463 B.
1641 1429 1684 1462 M.
1717 1430 1818 1463 Theu-

1119 1482 1299 1515 tonicorum
1311 1482 1491 1526 privilegia
1501 1482 1675 1526 hospitalis
1687 1482 1817 1516 &loan-

1117 1535 1170 1569 nis
1194 1535 1529 1579 He‘erosolymicanffi
1740 1544 1743 1547 ·

1247 1606 1446 1664 Innssntius
1463 1616 1542 1650 Papa
1562 1617 1640 1649 xm,

1190 1661 1227 1688 ad
1247 1664 1427 1696 perpetuam
1448 1662 1493 1689 rei
1515 1662 1697 1689 memoriam.

1116 1731 1324 1765 inscrutabili
1359 1732 1486 1765 divinae
1512 1732 1690 1775 sapientiae
1716 1737 1814 1776 atque
1851 1739 1974 1761 Enoc-uum.

1072 1783 1265 1817 clementiae
1290 1794 1408 1818 arcano
1428 1786 1460 1817 in
1481 1785 1680 1828 apostolicae
1707 1784 1813 1827 digni-

1072 1837 1146 1869 tatis
1174 1836 1302 1880 sastigio
1328 1837 1505 1877 constituti,
1526 1838 1592 1877 illa,
1619 1848 1700 1881 quae
1720 1848 1736 1870 a
1754 1837 1813 1870 Ro-

1071 1889 1174 1922 manis
1192 1889 1402 1923 Pontificibus
1421 1891 1733 1934 praedecessoribus
1754 1900 1812 1923 no-

1072 1943 1146 1976 stris
1164 1943 1196 1975 in
1223 1943 1362 1976 savorem
1384 1943 1540 1976 Ordinum
1562 1942 1749 1976 militarium
1771 1944 1811 1976 ad

1073 1996 1245 2029 christiani
1272 1995 1413 2029 nominis
1441 1997 1572 2030 tutelam
1597 1996 1649 2039 pie
1674 1993 1812 2029 salubri·-

1073 2055 1186 2093 terque
1210 2049 1431 2083 institutorum
1454 2049 1541 2082 fideli
1568 2049 1813 2093 dispensatione

1071 2102 1292 2146 prudentique
1317 2102 1511 2136 liberalitate
1544 2107 1750 2141 emanarunt,
1777 2107 1812 2134 ut

1072 2156 1164 2189 firma
1188 2166 1316 2199 semper
1347 2160 1445 2199 atque
1471 2155 1598 2188 stabilia
1623 2155 1809 2198 persistant,

1071 2208 1244 2252 apostolici
1269 2207 1457 2241 muniminis
1484 2208 1586 2241 nostri
1612 2207 1809 2250 patrocinio,

1071 2271 1142 2294 cum
1168 2261 1200 2294 id
1225 2271 1242 2294 a
1267 2262 1362 2295 nobis
1388 2262 1523 2305 petitur,
1551 2261 1691 2295 libenter
1716 2261 1813 2293 robo-

1072 2325 1191 2348 ramus.

1108 2423 1116 2449 1
1141 2421 1258 2458 Reliqua
1277 2425 1306 2449 ut
1326 2430 1387 2457 pag.
1409 2421 1461 2448 703
1479 2431 1498 2448 a
1515 2422 1554 2456 (n.
1571 2421 1620 2456 τ.).

1104 2467 1121 2493 2
1140 2466 1257 2502 Reliqua
1276 2469 1306 2492 ut
1326 2474 1386 2501 pag.
1408 2466 1460 2493 704
1480 2474 1497 2492 a
1517 2466 1555 2500 (n.
1570 2465 1619 2499 Τ.).

1105 2512 1120 2538 3
1140 2511 1303 2538 Huiusmodi
1323 2510 1532 2538 constitutiones
1551 2510 1618 2536 infra
1638 2510 1763 2536 citantur.
1782 2507 1809 2534 ln

1070 2555 1151 2582 huius
1172 2555 1311 2582 Pontificis
1331 2558 1413 2582 const·
1435 2554 1478 2581 ed.
1500 2560 1626 2587 MDcchI,
1642 2553 1687 2580 die
1707 2554 1739 2580 10
1759 2560 1808 2580 no-

1072 2599 1199 2632 vembris,
1218 2598 1312 2634 pontif.
1330 2605 1347 2633 1,
1369 2598 1546 2625 confirmatur
1565 2596 1718 2624 constitutio
1734 2595 1772 2622 Pii
1787 2595 1810 2622 V

1070 2643 1103 2671 de
1124 2643 1286 2679 quibusdam
1306 2642 1365 2670 aliis
1384 2641 1541 2677 privilegiis.
