2269 3203
250 223 299 252 An.
317 223 345 252 C.
369 221 436 251 1702

293 1306 321 1325 De
346 1308 438 1332 tempore

257 1332 380 1357 disciplinati
409 1334 437 1354 sa·

256 1361 352 1380 ciendae.

310 2244 319 2254 ι)
342 2237 445 2258 liiiioami-

263 2264 324 2283 nibus
340 2265 396 2285 teeti.

481 212 524 246 50

444 272 488 310 tis,
521 274 545 300 et
578 272 607 300 in
640 269 760 309 cataloyo
791 269 985 310 redemptionis
1011 270 1184 309 exprimatur

445 321 517 350 unde
534 320 671 357 pennatae
693 321 809 359 fuerunt
827 319 993 358 desumptae.
1024 334 1058 339 —
1082 316 1183 353 Unde,

445 369 538 399 deleto
561 378 642 399 num.
660 377 699 405 vi,
717 368 780 397 eius
797 368 859 397 loco
875 367 951 396 dicet
972 366 1012 395 sic
1027 375 1033 394 :
1054 375 1068 393 ((
1084 365 1182 394 Eidem

444 417 638 456 iniungimus,
662 421 693 447 ut
721 426 778 446 non
809 415 965 445 transferat
987 414 1184 451 eleemosynas

445 466 532 496 unius
557 465 724 505 provinciae
746 465 774 494 in
799 464 897 500 aliam,
914 462 970 492 nisi
992 461 1021 490 in
1045 470 1113 490 casu
1134 469 1184 489 ne-

445 514 603 552 cessitatis,
618 518 649 543 ut
667 514 703 543 ad
726 512 929 542 redimendum
946 510 1076 549 captivos
1090 508 1181 545 illins,

445 563 481 593 ad
514 563 680 593 uberiorem
714 560 943 599 redemptionem
967 557 1123 596 agendum,
1148 556 1183 585 ad

446 611 706 651 repignorandum,
724 610 766 638 vel
784 609 818 638 ad
833 607 929 637 debita
951 606 1048 644 aliqua
1071 609 1183 634 contra-

447 664 491 691 cta
514 660 704 697 solvendum3
734 659 787 688 hoc
818 662 914 686 tamen
942 655 1062 685 minime
1085 654 1182 691 faciat,

446 710 502 740 nisi
530 710 564 739 de
597 717 741 739 consensu
768 705 924 736 definitorii
953 703 1132 744 provinciae,
1156 707 1184 732 et

447 767 562 797 semper
584 757 677 797 primo
695 756 875 786 redimantur
897 752 1005 792 captivi
1020 751 1184 782 nationales

446 807 526 837 illius
549 805 715 846 provinciae
731 813 804 843 quae
820 802 958 843 pecunias
976 800 1182 839 commodavit,

447 860 475 885 et
502 855 531 885 in
560 854 689 893 catalogo
711 851 918 892 redemptionis
939 850 1016 880 clare
1039 850 1185 889 exprima-

448 908 496 934 tur
527 913 561 934 ex
594 913 649 943 qua
682 901 835 941 provincia
865 900 983 930 fuerunt
1014 899 1185 938 desumptae

447 952 587 992 pecuniae
605 963 633 981 ›>.
654 951 792 990 Sequitur
813 958 894 979 num.
911 958 950 979 vn
964 948 1055 988 Super
1071 949 1118 978 hoc
1135 959 1184 978 au-

448 1006 510 1038 tem,
535 1010 625 1040 usque
648 1000 681 1029 ad
704 1000 752 1029 illa
775 998 884 1028 verba:
909 998 984 1028 Unde
1005 998 1053 1027 sub
1073 1007 1186 1037 praece-

445 1055 491 1090 pto
514 1055 539 1080 et
559 1049 836 1079 excommapricatione
852 1048 1008 1087 praefatis;
1027 1050 1055 1077 et
1070 1047 1187 1076 delean-

449 1104 497 1129 tur
518 1100 642 1138 reliqua.

489 1148 535 1178 IV.
553 1148 659 1178 Eadem
676 1147 757 1183 dist.,
775 1155 840 1185 cap.
858 1154 886 1180 v,
905 1145 1036 1175 deleatur
1049 1145 1079 1175 in
1095 1148 1186 1175 totum

450 1206 531 1227 num.
549 1206 567 1226 11
590 1196 668 1225 iuxta
691 1195 842 1225 decretum
864 1204 963 1224 sacrae
979 1194 1188 1232 Congregatio-

450 1246 511 1283 nis,
532 1250 560 1275 et
582 1244 731 1274 sufficiant
752 1244 828 1274 dicta
850 1253 921 1273 num
943 1252 962 1273 1.

489 1295 522 1325 V.
546 1294 678 1324 Distinet.
702 1303 743 1332 111,
767 1303 831 1333 cap.
848 1302 886 1330 Vl,
904 1302 984 1323 num.
1002 1302 1041 1331 iv,
1058 1293 1189 1324 decrevit

449 1354 529 1375 sacra
546 1343 735 1382 Congregatio
750 1353 755 1372 z
775 1343 902 1382 sufficere
916 1343 1113 1372 observantiam
1127 1353 1189 1372 con-

448 1395 620 1424 stitutionum
652 1394 838 1431 antiquarum.
871 1409 905 1412 —
935 1391 1029 1427 Quare
1057 1391 1190 1422 deleatur

450 1453 531 1474 num.
552 1452 589 1476 ιν,
607 1446 634 1472 et
657 1442 718 1472 eius
741 1442 804 1471 loco
827 1441 904 1471 dicet
925 1440 987 1470 sic:
1009 1451 1022 1469 ι(
1038 1440 1149 1476 Quarta
1162 1445 1191 1471 et

449 1493 530 1521 sexta
558 1491 631 1521 feria
653 1500 702 1530 per
725 1494 817 1520 totum
848 1490 1098 1529 quadragesimale
1120 1494 1192 1520 tem-

450 1550 517 1580 pu&
535 1544 562 1570 et
579 1540 664 1570 etiam
681 1539 817 1569 omnibus
832 1539 922 1569 sextis
939 1538 1019 1568 seriis
1035 1548 1085 1579 per
1101 1543 1192 1569 totum

452 1590 625 1625 Adventum,
636 1592 754 1628 peracto
768 1588 1076 1627 completorio‚0mnes
1089 1588 1194 1618 fratres

451 1639 627 1668 conveniant
642 1638 671 1667 in
688 1637 813 1667 ecclesia
828 1637 874 1666 vel
891 1637 991 1675 choro,
1016 1641 1044 1666 et
1060 1637 1100 1666 ibi
1116 1647 1195 1667 com-

451 1696 568 1717 munem
591 1690 746 1716 exerceant
773 1685 972 1724 disciplinam,
1001 1685 1194 1716 recitantibus

451 1737 568 1766 interim
584 1735 722 1774 praelato,
737 1735 800 1764 vcl¹
817 1735 880 1764 eius
894 1734 1015 1771 vicario,
1029 1739 1057 1765 et
1068 1744 1196 1765 conven-

452 1790 483 1815 tu
500 1785 665 1814 alternatim
685 1784 869 1823 praedictum
889 1784 1032 1822 psalmum
1055 1784 1145 1814 semel
1167 1789 1195 1814 et

453 1835 570 1870 iterum,
596 1833 639 1862 vel
668 1832 829 1862 secundnm
855 1832 1009 1862 domorum
1038 1837 1196 1863 consuetu-

453 1883 562 1919 dinem,
577 1891 642 1912 cum
658 1881 791 1911 versibus
806 1885 833 1910 et
850 1881 981 1910 oratione
998 1881 1146 1920 praefixis,
1161 1881 1195 1911 ab

453 1932 516 1970 ipso
539 1930 666 1970 praelato
689 1929 830 1959 dicendis.
849 1929 928 1959 Alias
951 1933 1049 1959 autem
1067 1929 1196 1969 discipli-

455 1990 524 2017 nas,
550 1979 655 2018 quibus
677 1979 754 2008 ultro
769 1979 779 1995 ²
801 1982 828 2008 et
851 1978 989 2018 privatim
1008 1978 1113 2008 fratres
1135 1978 1196 2008 affi-

456 2029 585 2066 ciuntur,
620 2028 642 2057 si
674 2027 833 2067 prudenter
865 2030 891 2057 et
924 2036 991 2057 cum
1020 2027 1196 2058 discretione

459 2078 540 2115 liant,
565 2086 621 2106 non
645 2077 737 2106 solum
763 2075 924 2106 laudabiles
946 2080 1127 2116 reputamuS,
1150 2086 1197 2106 ve-

456 2136 521 2156 rum
545 2130 572 2155 et
595 2125 751 2155 salubriter
773 2125 928 2155 suademus
951 2135 978 2154 )).
996 2125 1135 2165 Sequitur
1151 2135 1198 2156 ca-

457 2180 507 2216 put
529 2184 589 2206 νιιι.

496 2224 543 2254 Vl.
567 2224 673 2254 Eadem
693 2224 773 2262 dist„
790 2233 854 2263 cap.
873 2234 911 2261 xi,
936 2233 1017 2253 num.
1035 2233 1044 2254 1
1066 2224 1198 2254 decrevit

457 2283 537 2304 sacra
560 2274 768 2311 CongregatiO:
801 2274 940 2311 indnlyeri
971 2274 1041 2312 qnod
1072 2274 1197 2303 deleatur

454 2323 605 2362 prohibitio
621 2324 737 2351 duorum
754 2322 956 2351 linteaminum.
973 2340 1012 2345 -
1030 2321 1135 2359 Quare,
1149 2323 1198 2352 de-

458 2372 514 2400 leto
531 2380 611 2400 num.
635 2380 655 2407 1,
673 2371 734 2399 eius
754 2371 816 2400 loco
838 2371 915 2400 dicet
937 2371 998 2400 sic:
1023 2381 1037 2399 (ι
1052 2371 1093 2400 Ne
1111 2371 1140 2400 in
1158 2371 1198 2401 le-

457 2420 544 2449 ctulis
559 2420 665 2449 delitiis
678 2420 883 2457 refoveamusfl,
897 2420 1043 2450 universis
1060 2419 1198 2450 fratribus

458 2468 664 2498 constituimus
687 2472 717 2497 ut
744 2477 894 2507 nunquam
926 2468 996 2497 nudi
1026 2468 1195 2506 dormiant,

495 2535 504 2560 1
529 2533 599 2559 Edit.
616 2533 695 2559 Main.
713 2533 776 2567 legit
795 2536 820 2560 et
837 2542 884 2567 pro
905 2535 948 2561 vet
967 2536 1004 2568 (n.
1021 2534 1069 2568 T.).

494 2578 510 2604 2
530 2577 602 2604 Edit.
620 2577 699 2604 Mam.
717 2577 782 2611 legit
798 2579 876 2605 ultra
896 2580 931 2612 (R.
948 2579 997 2611 'r.).

496 2622 511 2650 3
530 2622 560 2650 In
580 2621 637 2650 loco
657 2621 785 2658 parallelo
806 2622 865 2658 lege
885 2624 1071 2659 refoveamur
1090 2622 1129 2659 (R.
1146 2622 1196 2658 τ.).

1024 219 1205 244 BULLARIUM
1229 217 1384 243 ROMANUM

1968 213 2022 241 An.
2037 212 2066 241 C.
2085 209 2159 241 1702

1226 267 1274 297 sed
1298 275 1364 296 cum
1387 263 1499 295 tunica.
1515 262 1564 295 Uti
1587 266 1708 303 possunt
1728 261 1841 294 duobus
1862 260 1967 293 lintea-

1227 314 1368 352 minibus,
1391 322 1456 343 cum
1488 312 1628 351 religiosa
1659 315 1756 342 tamen
1782 314 1964 351 paupertate,

1226 363 1336 402 absque
1359 361 1544 402 profanitatis
1567 361 1672 391 umbra
1694 371 1723 391 ι).
1741 361 1881 401 Sequitur
1899 369 1929 390 n.
1947 369 1966 390 11

1224 411 1337 449 Ssnynli
1359 413 1474 450 fratres,
1498 415 1549 440 etc.

1266 460 1326 489 Vll.
1341 459 1449 489 Eadem
1466 459 1549 496 dist„
1568 468 1632 499 cap.
1650 461 1716 497 xv¹,
1733 467 1815 489 num.
1832 468 1852 495 ι,
1869 458 1968 488 decre·
2016 476 2044 496 n,
2068 476 2162 502 capituto

1227 508 1267 538 vit
1277 517 1358 538 sacra
1370 508 1574 546 Congregatio:
1588 508 1799 547 relinquendam
1810 507 1896 536 solam
1906 517 1969 546 poe·
1979 503 2097 530 '³¹³¹P³'‘¹¹¹¹¹·

1228 567 1290 587 nnm
1309 558 1476 596 privationis
1498 557 1584 596 officii
1600 557 1658 596 ipso
1672 558 1744 596 facto
1759 556 1968 591 incurrendam,-

1226 607 1323 635 cetert‘s
1347 608 1442 645 poenis
1468 609 1493 634 et
1520 605 1776 635 comminationibus
1797 605 1902 635 deletis.
1931 622 1969 627 -—
2013 636 2019 643 ‚

1226 654 1333 692 Quare,
1356 654 1451 684 deleto
1481 655 1535 684 hoc
1563 663 1646 684 num.
1670 663 1690 691 1,
1713 654 1778 684 eius
1807 653 1871 683 loco
1892 653 1971 683 dicet

1227 702 1280 732 sic:
1300 713 1314 731 «
1330 703 1506 741 Regularem
1522 702 1738 733 observantiam
1752 702 1925 742 exequimur
1940 701 1969 732 in

1227 751 1363 790 capitulis
1384 751 1551 790 culparum,
1568 751 1618 781 ubi
1640 750 1836 790 nosmetipsos
1853 760 1972 780 accusa-

1228 809 1303 838 muS‚
1333 803 1361 830 et
1388 799 1548 830 salubriter
1574 810 1589 830 a
1619 800 1750 840 praelato
1781 799 1969 838 corrigimur.

1227 848 1409 889 Quapropter
1431 848 1579 878 universis
1597 847 1897 886 commendatoribuS,
1917 848 1971 879 sub

1229 899 1323 938 poena
1338 898 1511 938 privationis
1526 897 1614 928 officii
1637 898 1701 937 ipso
1723 898 1798 928 facto
1820 897 1973 927 incurren-

1228 947 1275 986 da,
1295 947 1505 987 praecipimus,
1523 951 1554 977 ut
1570 947 1605 976 ad
1629 947 1727 977 minus
1749 946 1878 986 qualibet
1901 946 1971 976 feria

1229 997 1322 1035 sexta,
1339 996 1385 1026 vel
1404 995 1606 1035 opportuniori
1622 995 1668 1025 die
1688 995 1846 1025 cuiuslibet
1861 994 1974 1025 hebdo-

1229 1045 1342 1083 madae,
1368 1044 1529 1084 capitulum
1552 1044 1704 1082 culparum
1728 1047 1792 1082 post
1814 1043 1975 1082 completo-

1229 1095 1305 1125 rium
1329 1094 1523 1124 celebrent».
1548 1093 1687 1133 Sequitur
1709 1101 1789 1123 num.
1812 1101 1832 1122 ιι
1856 1092 1975 1131 Congre-

1229 1146 1300 1183 gatis
1323 1145 1423 1182 igitur,
1445 1148 1497 1173 etc.
1674 1139 1677 1141 ’

1271 1193 1345 1223 Vlll.
1370 1192 1441 1223 Dist.
1467 1201 1505 1229 vr,
1529 1201 1592 1231 cap.
1618 1200 1656 1229 vi,
1681 1200 1762 1220 num.
1787 1200 1817 1227 11,
1844 1190 1976 1221 decrevit
1987 1193 2170 1240 d,⁰·¹›r¹r⁰m030n·

1231 1251 1314 1273 sacra
1337 1241 1540 1280 congregatio,
1554 1241 1624 1280 quod
1639 1244 1783 1270 serventur
1807 1241 1977 1270 constitutio·
1986 1225 2170 1274 piiiessntffil'isrff.

1233 1301 1278 1321 nes
1289 1292 1428 1330 antiquae.
1443 1308 1481 1313 —
1496 1290 1601 1327 Quare,
1619 1289 1736 1319 delet0²
1751 1298 1834 1319 num.
1851 1297 1882 1326 ιι,
1899 1289 1976 1319 dicet

1232 1340 1273 1370 sic
1290 1350 1296 1369 2
1317 1349 1330 1368 «
1346 1339 1487 1375 Quocirca
1509 1338 1656 1378 praesenti
1671 1338 1880 1368 constitutione
1893 1347 1977 1377 prae-

1233 1389 1369 1428 cipimus,
1387 1388 1464 1428 quod
1487 1387 1586 1417 nullus
1608 1387 1643 1417 ad
1666 1386 1788 1426 gradum
1810 1391 1979 1426 praesenta-

1234 1442 1317 1468 turae
1352 1437 1387 1467 de
1426 1437 1540 1467 lectura
1572 1436 1739 1476 promoveri
1770 1436 1887 1473 valeat,
1920 1436 1978 1467 nisi

1235 1487 1360 1527 peractis
1391 1486 1522 1526 quinque
1554 1485 1639 1515 annis
1671 1485 1824 1523 lecturae,
1855 1484 1978 1515 inclusis

1235 1536 1345 1575 pariter
1360 1545 1433 1575 quos
1455 1535 1551 1564 forsan
1567 1534 1662 1573 egerit
1679 1534 1709 1564 in
1733 1533 1903 1572 magisterio
1919 1537 1979 1564 stu-

1235 1585 1377 1621 dentium,
1398 1585 1435 1614 ita
1453 1588 1482 1614 ut
1505 1584 1562 1614 iam
1580 1593 1632 1623 per
1655 1583 1815 1613 triennium
1839 1591 1925 1612 unam
1941 1583 1978 1612 ad

1237 1634 1333 1664 minus
1345 1633 1451 1663 artium
1462 1633 1602 1662 lecturam
1613 1631 1787 1671 expleverit,
1798 1634 1827 1661 et
1838 1640 1889 1671 per
1898 1631 1980 1661 blen-

1237 1683 1318 1712 nium
1351 1690 1463 1711 sacram
1487 1680 1663 1719 theologiam
1690 1680 1834 1717 docuerit,
1860 1679 1904 1709 vel
1921 1688 1981 1710 ma-

1237 1732 1328 1770 gister
1350 1730 1532 1760 studentium
1553 1729 1693 1759 extiterit.
1713 1728 1857 1758 Similiter
1878 1728 1978 1767 etiam,

1238 1781 1315 1820 quod
1331 1780 1430 1809 nullus
1448 1779 1483 1809 ad
1500 1778 1699 1817 magisterium
1717 1781 1892 1813 assumatur,
1909 1776 1978 1815 nisi,

1239 1831 1314 1860 ultra
1350 1829 1514 1869 praedictos
1547 1828 1678 1867 quinque
1706 1836 1809 1862 annos,
1833 1826 1905 1856 alios
1929 1836 1979 1855 sex

1238 1880 1267 1909 in
1284 1888 1385 1909 sacrae
1404 1878 1565 1917 theologiae
1583 1878 1697 1907 lectura
1716 1876 1932 1915 consumpserit
1950 1886 1978 1905 >).

1238 1927 1377 1967 Sequitur
1393 1936 1475 1958 num.
1494 1936 1523 1957 ιιι
1539 1926 1677 1956 Lectorem
1693 1929 1793 1954 aulem.
1990 1929 1998 1932 “

1279 1976 1325 2006 IX.
1350 1976 1458 2007 Eadem
1481 1975 1548 2005 dist.
1576 1978 1604 2005 et
1630 1983 1694 2014 cap.
1710 1974 1720 1990 ³
1746 1982 1829 2004 num.
1858 1982 1908 2003 xm
1931 1972 1981 2003 de·
2019 1984 2177 2004 noconanone

1239 2026 1330 2056 crevit
1352 2035 1434 2055 sacra
1458 2023 1662 2063 Congregatio,
1682 2023 1752 2062 qnod
1774 2026 1894 2052 mutetur
1916 2032 1982 2051 exa-
1992 2011 2103 2059 ffissfflssfflf,
2122 2011 2178 2032 '¹¹¹⁰'

1239 2085 1309 2105 men.
1331 2094 1363 2097 —
1381 2074 1486 2110 Quare,
1502 2073 1598 2103 deleto
1617 2073 1671 2102 hoc
1688 2080 1823 2108 numero,
1841 2071 1904 2101 eius
1919 2071 1981 2101 loco

1239 2124 1315 2154 dicet
1337 2124 1400 2153 sic:
1428 2134 1441 2151 «
1461 2123 1495 2153 Ut
1517 2122 1582 2162 quis
1608 2125 1706 2151 autem
1730 2121 1764 2150 ad
1795 2120 1982 2150 collationem

1239 2173 1381 2212 graduum
1404 2172 1439 2202 de
1461 2171 1553 2210 gratia
1574 2179 1624 2209 per
1648 2170 1739 2200 Breve
1761 2169 1844 2200 Sedis
1860 2169 1984 2208 Aposto-

1239 2223 1312 2252 licae
1335 2221 1496 2261 perveniat,
1513 2219 1706 2249 sufficientiae
1722 2219 1802 2248 illius
1818 2218 1983 2256 rigorosum

1240 2272 1289 2301 liat
1310 2279 1432 2301 examen
1455 2279 1470 2299 a
1493 2269 1633 2308 magistro
1657 2267 1799 2306 generali,
1813 2267 1858 2296 vel
1880 2276 1895 2296 a
1919 2275 1985 2306 pro-

1240 2319 1369 2353 vinciali,
1385 2327 1450 2348 cum
1467 2317 1532 2346 aliis
1547 2316 1661 2346 duobus
1678 2316 1825 2355 magistris
1842 2316 1886 2346 vel
1903 2325 1986 2355 prae-

1240 2368 1360 2399 sentatis
1383 2367 1417 2397 de
1441 2375 1562 2396 numero
1586 2370 1613 2395 et
1636 2365 1788 2403 cathedra,
1815 2365 1878 2403 qni,
1903 2365 1983 2394 iuxta

1240 2418 1329 2447 Deum
1345 2420 1373 2446 et
1390 2414 1537 2455 propriam
1552 2413 1776 2451 conscientiam,
1787 2413 1821 2442 de
1837 2412 1986 2442 sussicien-

1241 2467 1279 2496 tia
1302 2469 1352 2495 aut
1373 2463 1586 2494 insufficientia
1613 2461 1776 2500 graduandi
1804 2461 1935 2491 iudicent
1956 2465 1984 2491 et

1276 2534 1287 2559 1
1310 2530 1376 2557 Male
1396 2530 1463 2556 edit.
1485 2528 1564 2556 lllain.
1586 2528 1653 2563 legit
1677 2536 1690 2556 ι·
1705 2528 1743 2563 (R.
1765 2529 1816 2560 τ.).

1275 2576 1290 2603 2
1310 2575 1377 2602 Male
1398 2574 1463 2602 edit.
1485 2573 1563 2601 lllain.
1585 2573 1650 2608 legit
1669 2573 1763 2600 delato
1784 2574 1823 2607 (R.
1844 2572 1893 2606 T.).

1277 2620 1292 2648 3
1307 2619 1375 2648 Male
1391 2618 1455 2648 edit.
1473 2617 1551 2647 Main.
1570 2617 1652 2646 habet
1667 2625 1727 2655 cap.
1744 2621 1756 2643 1
1777 2618 1816 2654 (n.
1835 2618 1885 2652 τ.).
