2269 3203
0 3106 2 3132 l

0 3135 1 3168 l

0 3170 2 3186 ι

56 220 106 246 An.
124 219 153 246 C.
177 219 243 247 1715

880 221 1021 244 CLEMENS
1047 220 1075 243 xl
1103 221 1150 243 ΙΨ.

249 269 303 298 bus
325 280 357 299 ac
379 271 606 309 magistratilms,
631 276 786 310 antequam
810 269 983 307 dignitatem

250 317 369 354 adeant,
392 329 441 347 seu
466 320 566 348 saltem
592 325 654 358 post
673 318 802 348 eiusdem
826 318 983 356 possessio-

250 376 315 396 nem
332 368 479 406 adeptam,
499 373 558 397 tum
575 368 703 406 donique
720 377 733 395 a
759 366 905 403 litteratis,
923 367 984 405 qui,

251 419 401 454 postquam
419 417 452 445 ad
469 417 576 454 gradus
593 420 659 445 sunt
675 415 805 451 admissi,
830 425 844 443 e
864 415 985 453 vestigio

249 463 282 492 ad
298 465 436 502 templum
451 474 499 494 seu
514 465 614 494 aedem
627 464 760 493 (tonna-ii
778 473 807 493 se
823 463 985 493 conserunt.

289 513 441 542 Praeterea
470 523 526 542 non
554 521 617 542 esse
647 512 876 551 permittendum
910 512 987 541 chri-

249 561 352 590 stianis
376 562 403 590 in
428 561 543 600 templis
571 570 622 590 seu
653 561 772 590 aedibus
796 560 987 598 progenitori-

250 608 304 637 bus
334 609 437 639 dicatis
465 609 625 639 oblationes
649 609 745 638 minus
767 609 910 638 solemnes
932 609 988 637 eis-

249 658 313 687 dem
351 659 466 696 l'acere,
503 668 556 687 nec
585 658 615 687 in
647 658 705 687 illis
737 658 906 687 ministrare
938 662 988 687 aut

249 707 465 745 quomodolibet
496 706 650 744 inservire,
686 706 729 735 vel
761 706 833 735 alios
865 706 937 735 ritus
961 710 988 735 et

249 755 447 784 caeremonias
469 764 619 794 peragere.

289 803 360 832 ltem
400 812 454 832 nec
494 812 557 833 esse
599 802 826 842 permittemlum
850 801 987 842 praefatis

248 851 417 881 christianis
436 851 608 889 oblationes,
643 851 716 881 ritus
739 855 767 881 et
789 851 987 881 caeremonias

248 899 414 929 huiusmodi
443 909 540 929 coram
572 900 792 939 progenitorum
821 899 935 929 tabellis
958 900 985 929 in

248 948 369 988 privatis
391 947 535 983 domibus,
559 948 619 978 sive
641 949 671 978 in
695 949 861 978 eorunidem
887 958 988 988 proge-

248 997 375 1027 nitorum
400 996 572 1036 sepulchris,
595 997 654 1026 sive
677 1001 832 1036 antequam
856 997 986 1027 defuncti

247 1045 413 1084 sepulturae
449 1045 612 1082 tradantur,
644 1046 674 1075 in
709 1055 808 1075 eorum
847 1046 985 1075 honorem

248 1094 309 1124 lieri
345 1098 510 1130 consuetas,
544 1096 604 1124 una
638 1104 703 1124 cum
737 1095 906 1132 gentilibus,
942 1097 985 1125 vel

247 1143 368 1173 seorsim
391 1143 427 1173 ab
449 1144 519 1179 illis,
539 1152 678 1182 peragere
698 1144 798 1182 eisque
818 1144 986 1173 ministrare

247 1197 295 1221 aut
318 1192 480 1223 interesse:
505 1192 561 1221 imo
585 1192 732 1231 praedicta
756 1194 863 1229 omnia,
888 1197 986 1231 utpote

247 1250 332 1279 quae,
357 1241 508 1279 perpensis
531 1241 596 1270 hinc
620 1241 686 1270 inde
709 1241 851 1277 deductis,
871 1252 985 1271 necnon

246 1289 402 1327 diligenter
420 1299 452 1318 ac
475 1294 590 1319 mature
612 1289 752 1319 discussis
775 1290 922 1328 omnihus,
946 1291 984 1320 ita

247 1337 346 1376 peragi
362 1341 511 1376 comperta
527 1341 595 1367 suut
617 1342 647 1367 ut
674 1347 689 1367 a
712 1339 919 1376 superstitione
942 1348 987 1368 se-

247 1386 344 1425 parari
366 1390 526 1426 nequeant,
545 1386 721 1416 christianae
737 1387 809 1425 legis
826 1387 987 1417 cultoribus

246 1444 282 1465 ne
304 1435 422 1474 quidem
445 1434 638 1474 permittenda
661 1444 724 1465 esse
748 1436 911 1474 praemissa
934 1446 985 1475 pu-

246 1483 325 1513 blica
348 1484 390 1513 vel
413 1484 526 1513 secreta
549 1484 759 1522 protestatione
786 1493 815 1513 se
839 1493 895 1514 non
920 1485 987 1514 rcli-

247 1532 326 1570 gioso
359 1532 407 1562 sed
437 1532 515 1562 civili
545 1541 577 1562 ac
607 1532 725 1571 politico
760 1527 870 1563 tantum
905 1534 986 1564 cultu

247 1589 313 1618 erga
347 1580 498 1610 defunctos
529 1580 576 1609 illa
610 1585 757 1620 praestare
790 1591 843 1611 nec
876 1582 911 1611 ab
944 1583 985 1612 eis

248 1629 407 1669 quidquam
430 1634 528 1668 petere
551 1634 599 1659 ant
618 1639 746 1669 sperare.

287 1678 348 1707 Non
372 1682 467 1707 tamen
487 1687 538 1717 per
559 1678 630 1708 haec
652 1679 827 1709 censendam
851 1690 914 1710 esse
936 1682 985 1710 da-

248 1731 373 1755 mnatam
398 1726 591 1764 praesentiam
614 1727 694 1756 illam
717 1737 768 1757 seu
790 1729 984 1759 assistentiam

249 1784 326 1804 mere
349 1775 540 1810 materialem,
565 1784 651 1814 quam
673 1785 738 1805 cum
762 1777 919 1814 gentilibus
941 1787 986 1807 su-

249 1823 416 1862 perstitiosa
451 1823 668 1861 peragentibus,
703 1825 775 1854 citra
807 1825 896 1855 ullam
925 1827 986 1857 sive

246 1881 414 1910 expressam
438 1872 497 1901 sive
521 1872 639 1902 tacitam
663 1878 810 1910 gestorum
845 1875 987 1914 approba-

248 1921 368 1958 tionem,
383 1930 415 1950 ac
431 1920 533 1959 quovis
551 1921 715 1951 ministerio
728 1923 844 1960 penitus
860 1924 984 1963 secluso,

246 1969 355 1999 eisdem
368 1969 580 2008 superstitiosis
593 1969 706 1999 actibus
721 1971 893 2011 quandoque
907 1981 987 2011 prae-

246 2018 316 2048 stari
334 2017 484 2056 contingat
505 2027 519 2046 a
544 2017 724 2055 christianis,
742 2028 806 2048 cum
823 2020 907 2050 aliter
923 2021 985 2051 odia

247 2070 275 2096 et
290 2066 463 2096 inimicitiae
479 2065 562 2095 vitari
579 2076 636 2096 non
655 2073 787 2106 possunt,
801 2068 873 2098 sacta
890 2074 986 2099 tamen

247 2116 338 2155 prius,
363 2116 386 2145 si
415 2115 565 2145 commode
594 2116 656 2146 fieri
683 2118 801 2156 poterit,
827 2118 893 2148 fidei
923 2128 987 2158 pro-

249 2165 413 2202 testatione,
431 2174 463 2194 ac
479 2168 610 2194 cessante
627 2166 757 2204 periculo
773 2166 983 2197 subversionis.

286 2213 406 2242 Demum
429 2213 655 2252 permittendum
680 2224 736 2244 non
760 2224 822 2245 esse
850 2215 987 2246 christifi-

249 2260 359 2291 delibus
383 2261 504 2291 tabellas
532 2262 735 2292 defunctorum
769 2265 985 2302 progenitorum

250 2308 279 2336 in
301 2310 361 2338 suis
384 2310 504 2348 privatis
526 2310 659 2340 domibus
682 2312 808 2342 retinere
825 2313 904 2342 iuxta
924 2314 986 2343 illa-

251 2365 315 2386 rum
339 2358 462 2395 partium
485 2368 607 2394 morem,
632 2360 686 2389 hoe
708 2365 761 2399 est,
793 2371 858 2391 cum
881 2362 986 2392 inscri-

251 2405 349 2443 ptione
370 2406 473 2445 stuic-a,
491 2417 545 2446 qua
562 2409 676 2438 thronus
701 2419 751 2439 seu
779 2412 852 2439 sedes
870 2413 987 2450 spiritus

252 2453 297 2483 vel
319 2455 426 2483 animae
446 2455 481 2485 N.
511 2457 712 2494 significetur;
747 2459 805 2488 imo
838 2469 890 2489 nec
920 2470 985 2490 cum

250 2502 305 2531 alia
329 2512 385 2541 qua
407 2504 480 2532 sedes
501 2513 552 2534 seu
582 2506 716 2543 thronus,
751 2508 879 2547 adeoque
910 2509 986 2539 idem

251 2559 283 2580 ae
300 2550 402 2589 priori,
419 2551 486 2581 licet
507 2553 598 2591 magis
620 2557 779 2592 contracta,
797 2557 986 2596 inscriptione

251 2598 399 2639 designari
432 2599 576 2631 videatur.
609 2601 671 2638 Quo
703 2613 771 2635 vero
799 2605 835 2636 ad
865 2605 985 2637 tabellas

1664 214 1723 246 (¹171

1647 271 1765 301 tolerari

1028 327 1110 356 posse
1134 318 1249 348 illarum
1274 328 1370 356 ristun,
1405 320 1561 348 diumnodo
1585 320 1611 348 in
1636 321 1677 349 cis
1700 330 1766 349 cou-

1029 367 1160 396 ficiendis
1179 368 1352 397 omittantur
1374 368 1470 397 ‹uunia
1491 378 1563 407 quae
1586 369 1768 407 superstitio-

1029 424 1093 444 nem
1117 415 1260 452 redolent,
1285 421 1312 445 et
1335 417 1447 445 secluso
1471 417 1618 453 scandalo,
1636 418 1689 446 hoc
1712 423 1766 452 est,

1028 464 1258 503 ‹liiinin‹=‹lo‚‹pii
1282 465 1432 494 christiani
1458 475 1513 494 non
1535 468 1613 501 sunt,
1632 466 1766 494 arbitrari

1029 521 1085 541 non
1111 513 1222 551 possint
1247 513 1365 542 tabellas
1385 513 1551 543 huiusmodi
1569 523 1582 542 a
1601 514 1769 543 christianis

1029 561 1171 590 retineri¹
1195 563 1225 589 ca
1250 566 1357 598 mente,
1383 572 1436 600 qua
1464 562 1518 600 ipsi
1542 562 1606 591 illas
1629 563 1767 597 retinent,

1030 619 1144 639 necnon
1162 610 1275 640 adiecta
1291 611 1411 650 insuper
1427 611 1621 640 declaratione
1644 611 1678 640 ad
1694 611 1769 640 latus

1027 269 1087 298 solo
1123 269 1250 299 defuncti
1288 270 1405 299 nomine
1442 270 1621 309 inscriptas,

1007 689 1009 693 ,
1031 659 1159 688 ipsarum
1177 659 1348 689 tabellarum
1365 660 1547 698 apponenda,
1567 670 1635 698 qua,
1653 665 1681 689 et
1696 670 1769 698 quae

1029 707 1066 736 sit
1089 707 1314 737 christianorum
1337 708 1371 737 de
1393 708 1539 738 defunctis
1558 709 1639 745 tides,
1659 713 1686 738 et
1702 718 1770 747 qua-

1030 755 1064 784 lis
1088 755 1214 785 [iliorum
1238 766 1271 785 ac
1296 761 1434 794 nepotum
1466 757 1493 786 in
1526 757 1769 795 primogenitores

1031 803 1122 842 pietas
1146 814 1208 834 esse
1231 804 1346 843 debeat,
1371 806 1555 835 cnuncietur.

1080 852 1134 881 I'er
1169 853 1325 891 praemissa
1366 853 1558 883 nihilominus
1591 864 1647 884 non
1680 857 1769 885 vetari

1030 901 1187 939 quominus
1203 910 1270 939 erga
1288 901 1438 931 defunctos
1458 903 1556 941 peragi
1574 903 1683 941 possint
1701 903 1768 942 alia,

1029 949 1052 978 si
1075 959 1148 988 quae
1166 950 1234 987 sint,
1261 949 1295 979 ab
1319 950 1353 980 iis
1376 950 1512 988 gentibus
1529 952 1625 990 peragi
1649 961 1771 982 consue-

1030 1002 1068 1034 ta,
1102 1008 1176 1037 quae
1210 1008 1276 1028 vere
1309 999 1509 1038 superstitiosa
1543 1010 1599 1029 nou
1624 1001 1693 1037 sint,
1718 1011 1771 1031 nec

1029 1047 1245 1085 superstitionis
1269 1048 1394 1086 speciem
1419 1049 1616 1086 praeseferant
1631 1060 1638 1085 ς
1655 1050 1703 1078 sed
1727 1050 1771 1080 in-

1030 1098 1071 1123 tra
1096 1095 1203 1124 limites
1228 1095 1356 1124 civilium
1387 1100 1414 1125 ct
1450 1097 1632 1135 politicorum
1660 1099 1770 1128 rituum

1029 1143 1245 1173 contineantur.
1270 1144 1359 1173 Porro
1387 1154 1530 1183 quaenam
1555 1146 1623 1175 haec
1647 1147 1717 1183 sint,
1741 1152 1769 1177 et

1029 1191 1136 1228 quibus
1169 1192 1306 1221 adhibitis
1338 1193 1460 1222 cautelis
1493 1194 1609 1223 tolerari
1643 1195 1768 1233 valeant,

1031 1244 1089 1269 tum
1115 1250 1165 1280 pro
1190 1246 1319 1280 tempore
1351 1243 1504 1272 existentis
1527 1244 1719 1274 commissarii
1742 1250 1770 1274 et

1030 1289 1187 1318 visitatoris
1209 1291 1353 1327 generalis
1377 1292 1540 1329 apostolici,
1570 1302 1621 1322 seu
1644 1293 1706 1322 eius
1730 1294 1770 1323 vi-

1029 1347 1077 1366 ces
1110 1339 1273 1367 exercentis
1307 1339 1336 1368 iu
1371 1340 1493 1378 imperio
1525 1340 1672 1379 Sinai-um,
1709 1346 1767 1371 tum

1029 1386 1233 1425 episcoporum
1270 1392 1297 1417 et
1333 1388 1509 1418 vicariorum
1542 1391 1769 1428 apostolicorum

1029 1434 1144 1464 illarum
1168 1436 1293 1475 partium
1318 1437 1425 1466 iudicio
1445 1438 1669 1477 relinquendum
1693 1449 1770 1477 esse;

1029 1483 1077 1523 qui
1102 1488 1195 1514 tamen
1220 1485 1330 1515 interea
1345 1487 1423 1515 omni
1440 1497 1496 1526 quo
1520 1491 1656 1526 poterunt
1675 1489 1770 1519 studio

1028 1542 1061 1562 ac
1078 1533 1232 1572 diligentia
1254 1544 1357 1565 curare
1373 1535 1529 1574 debebunt,
1550 1541 1579 1566 ut
1594 1538 1614 1574 ²,
1638 1538 1768 1576 gentium

1029 1584 1220 1614 caeremoniis
1250 1585 1365 1624 penitus
1394 1585 1528 1624 sublatis,
1554 1586 1595 1616 illi
1623 1587 1730 1616 sensim
1755 1598 1769 1617 a

1029 1632 1197 1663 christianis
1222 1637 1249 1663 et
1272 1643 1323 1673 pro
1346 1634 1514 1664 christiz‘mis
1532 1635 1585 1664 hae
1608 1636 1637 1665 in
1662 1646 1692 1665 re
1715 1647 1768 1667 usu

1029 1681 1208 1721 recipiantur
1240 1683 1326 1721 ritus,
1360 1693 1432 1722 quos
1465 1685 1606 1714 catholica
1642 1685 1767 1715 Ecclesia

1029 1738 1082 1768 pro
1104 1730 1247 1760 defunctis
1270 1731 1316 1770 pie
1339 1732 1540 1771 praescripsit.

1073 1806 1087 1849 ἓ
1111 1806 1142 1839 3.
1171 1807 1246 1840 Post
1271 1807 1352 1840 haec
1370 1818 1447 1840 vero
1466 1808 1595 1842 labente
1614 1809 1680 1842 sere
1699 1821 1768 1842 sex-

1029 1859 1139 1898 ennio,
1158 1870 1276 1902 nempe
1295 1860 1345 1892 die
1366 1871 1422 1894 xxv
1439 1862 1633 1904 septembris
1650 1872 1765 1902 nnccx,

1029 1912 1147 1944 auditis
1162 1912 1278 1944 iterum
1298 1913 1458 1946 dictorum
1472 1915 1695 1954 cardinalium,
1713 1916 1766 1958 qui

1030 1975 1097 1997 rem
1123 1970 1249 1997 mature
1277 1976 1311 1998 ac
1337 1966 1587 2008 diligentissime
1614 1967 1769 2001 discusse-

1030 2024 1114 2057 runt,
1133 2018 1304 2061 suffragiis,
1321 2019 1436 2052 eadem
1455 2029 1626 2063 responsa,
1641 2031 1768 2053 necnon

1030 2071 1216 2104 mandatum
1235 2082 1290 2104 seu
1315 2072 1493 2112 decretum,
1513 2073 1608 2115 quod,
1635 2073 1699 2106 illis
1718 2084 1770 2107 ex-

1007 2142 1008 2146 =
1030 2135 1143 2167 presse
1170 2124 1384 2164 inhaerendo,
1403 2136 1419 2158 a
1440 2125 1513 2169 piae
1533 2127 1769 2160 recordationis

1031 2178 1144 2211 Carolo
1163 2178 1297 2218 Thoma,
1319 2179 1395 2211 dum
1415 2179 1501 2219 vixit,
1524 2179 1669 2213 eiusdem
1697 2192 1770 2214 sau-

1031 2236 1100 2263 ctae
1134 2230 1297 2264 Romanae
1335 2231 1498 2265 Ecclesiae
1536 2233 1692 2266 cardinali
1730 2234 1768 2268 de

1030 2283 1180 2316 Touruon
1200 2290 1397 2326 nuncupato,
1418 2291 1493 2317 tuno
1509 2286 1694 2328 [uitriarcha
1712 2287 1769 2318 Λιι-

1032 2336 1199 2377 tiochcno,
1227 2337 1447 2371 commissario
1466 2343 1497 2370 et
1514 2339 1678 2372 visitatore
1697 2351 1770 2382 apo-

1031 2389 1145 2422 stolico
1172 2390 1316 2432 generali
1343 2390 1374 2422 in
1402 2391 1549 2433 praefato
1570 2392 1706 2434 imperio
1723 2393 1769 2425 Si-

1030 2453 1154 2481 uarmn,
1176 2443 1226 2475 (lie
1247 2453 1304 2476 xxv
1327 2443 1461 2475 ianuarii
1488 2453 1621 2477 MDCCVH
1648 2445 1769 2478 editum

1032 2496 1108 2535 suit,
1136 2495 1173 2527 ab
1200 2496 1351 2528 omnibus
1378 2502 1408 2529 ct
1438 2497 1594 2540 singulis,
1623 2498 1661 2530 ad
1688 2509 1768 2541 quos

1065 2562 1075 2592 't
1100 2565 1169 2592 Edit.
1192 2566 1270 2593 Maia.
1293 2567 1357 2600 legit
1377 2567 1504 2594 relinere
1524 2569 1563 2600 (u.
1580 2570 1629 2600 Τ.),

1065 2610 1079 2636 ⁴.)
1095 2609 1228 2637 Particula
1245 2614 1273 2639 ul
1291 2619 1340 2638 nos
1356 2611 1480 2638 addimus
1497 2612 1532 2647 (a.
1550 2614 1597 2646 T.j.

1775 224 1823 248 Αιι.
1843 224 1869 248 (ἶ,
1891 224 1960 251 1715

1792 1817 1866 1837 {tutata
1880 1823 1963 1843 respon·

1778 1849 1799 1863 sa
1816 1850 1862 1863 ‘'utn
1879 1845 1964 1864 itm-reto

1779 1870 1893 1889 cardinalis
1917 1877 1963 1889 ιικιι

1779 1898 1852 1916 tataris
1863 1897 1888 1916 du
1898 1897 1964 1916 'sour-

1779 1929 1818 1943 noi
1842 1924 1963 1943 confirmata

1779 1949 1823 1969 suci·
1833 1957 1844 1969 ⁴.
