2269 3203
240 201 289 227 An.
310 200 422 228 &1710

271 986 421 1007 Duodecimum

238 1013 352 1034 decretum.

272 1674 422 1695 Decimumter-

237 1702 288 1722 tium
305 1702 420 1722 decretum.

318 1740 333 1757 Β

467 192 531 225 39ss

433 249 567 280 omnibus
597 251 747 281 monachis
769 252 921 292 utriusque
953 261 1039 282 sexus
1074 253 1162 282 totius

433 298 549 329 Ordinis
572 299 773 330 cisterciensi<
792 301 969 331 concesserit
992 311 1098 331 novum
1122 301 1171 330 ka-

433 347 595 377 lendarium
620 349 769 388 proprium
788 350 952 379 ordinatum
973 354 1000 379 et
1017 351 1169 379 adauctum

432 396 633 435 compluribus
656 398 759 426 ot'ticiis
777 398 902 436 propriis
926 407 976 436 pro
999 399 1111 427 dierum
1129 399 1171 427 di-

432 445 570 474 versitate
601 445 636 474 ab
666 445 718 473 liae
749 447 831 474 saera
858 445 1091 483 Congregatioue
1114 447 1170 475 iam

433 493 616 532 approbatis,
634 493 669 522 ad
692 493 753 532 pias
777 494 860 523 modo
885 503 984 533 preces
1007 499 1036 524 et
1058 496 1172 525 relatio-

432 550 499 571 nem
521 542 613 580 ipsius
635 542 859 571 eminentissimi
882 547 909 572 et
933 544 1171 573 reverendissimi

432 590 542 619 domini
571 590 729 619 cardinalis
757 590 929 627 Gabriellii,
958 591 1060 621 eadem
1090 601 1170 621 sacra

433 639 622 677 Congregatio
652 649 701 678 pro
732 639 867 668 omuibus
891 641 1041 670 monacbis
1065 641 1172 671 utrius-

433 696 489 725 que
511 696 597 716 sexus
614 687 700 716 totius
723 686 841 717 Ordinis
863 687 1066 719 Cisterciensis
1089 690 1172 720 dum-

434 740 512 765 taxat
535 735 706 775 approbavit
729 741 756 766 et
780 737 907 776 imprimi
925 747 1008 776 posse
1030 739 1172 768 concessit

434 784 631 823 suprascripta
665 785 758 822 elogia
787 785 901 824 publice
932 786 959 815 in
990 787 1077 816 choro
1100 787 1174 816 reei-

434 832 518 861 tanda
544 832 571 861 in
589 832 713 862 lectione
737 834 936 872 martyrologii
961 836 1075 864 romani
1093 836 1170 865 iuxta

433 881 566 911 rubricas
593 882 723 911 eiusdem
750 883 960 922 martyrologii.
985 901 1022 905 —
1045 884 1102 914 Ilae
1126 884 1171 914 die

433 937 499 958 xxtv
523 930 689 960 novembris
711 940 831 961 atacem.

472 987 521 1007 ΧΠ.
547 978 659 1008 Ordinis
686 980 922 1010 cisterciensium.
953 998 987 1001 —-
1014 981 1099 1011 Sacra
1125 982 1173 1010 Ri-

433 1030 514 1056 tuum
537 1027 747 1066 Congregatio,
773 1030 916 1058 referente
939 1034 966 1058 et
988 1030 1172 1069 supplicante

432 1077 665 1106 eminentissimo
704 1082 732 1107 et
770 1078 1014 1107 reverendissimo
1055 1079 1172 1108 domino

431 1125 572 1154 cardinali
594 1125 763 1163 Gabriellio,
788 1126 912 1165 benigne
934 1127 1058 1157 indulsit
1080 1128 1173 1157 omui-

432 1172 485 1202 bus
508 1177 535 1202 et
562 1173 687 1212 siugulis
720 1175 869 1204 monacbis
901 1175 1053 1214 utriusque
1086 1185 1171 1206 sexus

432 1221 518 1251 totius
547 1222 665 1252 Ordinis
698 1222 921 1263 Cisterciensis,
957 1229 986 1253 ut
1014 1225 1171 1263 quotannis

431 1270 477 1300 die
510 1279 555 1300 xlv
581 1271 707 1301 ianuarii
742 1272 821 1302 licite
855 1273 968 1312 possint
998 1278 1026 1303 et
1056 1274 1171 1304 valeant

430 1319 580 1350 celebrare
604 1321 708 1351 festum
737 1326 765 1351 et
796 1322 919 1352 recitare
951 1322 1004 1351 sub
1035 1323 1093 1353 ritu
1120 1324 1171 1353 du-

432 1367 500 1406 plici
517 1369 660 1398 secundae
677 1369 778 1398 classis
798 1369 926 1399 officium
950 1375 977 1400 et
1001 1371 1118 1400 missam
1136 1372 1170 1401 de

430 1416 478 1446 SS.
503 1417 625 1447 Nomine
660 1418 723 1448 Iesu
758 1418 830 1448 alias
857 1419 1015 1458 approbata
1047 1424 1075 1450 et
1108 1420 1171 1459 plu-

431 1464 490 1494 ries
512 1474 649 1495 coucessa
673 1466 707 1495 ab
736 1466 789 1496 bac
813 1469 894 1496 sacra
925 1467 1168 1507 Congregatioue,

432 1514 572 1544 translato
594 1514 629 1544 ad
652 1515 728 1544 diem
753 1524 799 1545 x1v
822 1515 960 1546 februarii
985 1517 1056 1546 sesto
1079 1522 1107 1547 et
1130 1518 1171 1546 of—

432 1561 498 1591 ficio
520 1562 549 1592 S.
572 1562 691 1592 Guarini
714 1564 843 1603 episcopi
866 1569 893 1594 et
919 1566 1104 1595 contessoris.
1135 1584 1169 1587 —

433 1611 491 1641 llac
513 1612 558 1641 (lie
582 1621 617 1641 xv
640 1612 778 1642 februarii
802 1623 908 1643 ainccx.

472 1669 533 1690 xm.
559 1660 672 1691 Ordinis
703 1662 901 1693 Cisterciensis.
930 1682 963 1686 —
987 1664 1056 1694 Cum
1086 1673 1168 1694 sacra

432 1708 553 1738 Ilituum
576 1709 788 1749 Congregatio,
820 1712 967 1742 referente
998 1713 1169 1742 eminentis-

431 1757 505 1787 simo
536 1762 564 1787 et
598 1759 842 1789 reverendissimo
873 1760 991 1790 domino
1027 1761 1168 1791 cardinali

431 1806 601 1845 Gabriellio,
619 1807 673 1837 sub
695 1808 741 1837 die
771 1817 838 1838 xvin
862 1809 961 1839 martii
988 1819 1086 1839 nomm
1110 1820 1168 1840 mo-

430 1855 532 1884 nacbis
548 1856 713 1886 reformatis
729 1856 757 1885 S.
776 1857 915 1887 Bernardi
931 1857 1048 1887 Ordinis
1063 1859 1168 1889 Cister-

431 1903 537 1933 ciensis
555 1905 659 1934 festum
679 1910 707 1935 et
730 1906 858 1936 osticium
877 1907 1028 1946 proprium
1052 1907 1100 1938 SSi
1117 1908 1168 1938 Co-

430 1961 518 1982 ronae
540 1953 663 1992 Spineae
686 1954 795 1984 domini
818 1955 907 1985 nostri
930 1955 993 1986 Iesu
1010 1956 1114 1986 Christi
1138 1958 1167 1987 in

431 2001 499 2031 seria
523 2011 553 2031 in
575 2007 638 2042 post
661 2003 836 2033 dominicam
860 2004 1005 2035 Passionis
1022 2015 1105 2044 posse
1122 2016 1168 2036 ce-

431 2050 536 2080 lebrari
559 2061 591 2081 ac
613 2053 730 2082 recitari
763 2053 816 2082 sub
846 2054 904 2083 ritu
927 2054 1036 2093 duplici
1065 2056 1166 2086 maiori

431 2098 555 2136 benigue
577 2101 753 2130 concesserit
769 2125 776 2138 ,
800 2111 923 2142 eamque
950 2103 1070 2140 gratiam
1088 2104 1121 2133 ad
1139 2114 1167 2133 o-

430 2157 512 2177 mnes
527 2150 686 2179 monachos
699 2150 903 2181 Cistercienses
916 2152 1068 2192 utriusque
1081 2162 1167 2183 sexus

430 2196 476 2225 die
498 2205 526 2225 1x
547 2197 709 2228 decembris
733 2208 831 2228 MDCCH
854 2201 1027 2239 extenderit,
1052 2202 1087 2231 ad
1105 2202 1166 2241 pias

430 2245 513 2274 inodo
530 2255 630 2284 preces
646 2247 872 2277 eminentissimi
884 2253 911 2278 et
928 2250 1166 2280 reverendissimi

429 2294 538 2323 domini
561 2295 719 2324 cardinalis
741 2296 890 2326 Gabriellii
908 2307 959 2336 pro
976 2303 1034 2328 toto
1056 2299 1165 2328 Ordine

429 2342 616 2372 Cisterciensi
640 2344 791 2383 utriusque
813 2354 899 2375 sexus
926 2352 1074 2384 porrectas
1090 2371 1097 2383 ‚
1120 2358 1166 2377 ea-

429 2390 495 2420 dem
517 2401 599 2421 sacra
622 2391 813 2430 Congregatio
837 2395 973 2423 transt'ert
1005 2396 1039 2424 ad
1064 2396 1163 2425 seriam

430 2448 456 2469 V1
478 2444 544 2470 ante
559 2440 734 2470 dominicam
748 2441 895 2471 Passionis
911 2443 1038 2472 osticium
1054 2443 1102 2473 SS.
1115 2444 1164 2473 Co-

430 2497 518 2518 ronae
540 2488 663 2527 Spineae
685 2488 738 2518 sub
760 2489 860 2519 eodem
893 2491 949 2520 ritu
976 2491 1083 2530 duplici
1106 2502 1163 2522 ma-

430 2536 494 2566 iori.
520 2554 553 2557 —
577 2537 626 2567 Die
648 2546 696 2566 xxt
719 2537 791 2567 iunii
814 2547 922 2567 noccx.

470 2585 509 2614 Ila
525 2586 703 2624 reperiuntur
718 2587 746 2615 in
762 2588 890 2624 regestris
905 2588 1073 2617 decretorum
1092 2588 1160 2619 Con-

1018 203 1198 228 BULLARIUM
1222 204 1379 229 ROMANUM

1961 209 2009 237 An.
2030 209 2059 238 C.
2076 211 2145 238 1710

1210 255 1374 291 gregatiom's
1390 264 1531 283 sacrorum
1548 256 1663 284 rstumn.
1682 255 1712 284 In
1730 265 1844 295 quorum
1859 257 1948 296 fidem,

1213 302 1256 331 die
1278 310 1364 332 xxvni
1392 303 1456 333 iulii
1487 312 1594 333 nnocx.
1620 322 1652 325 —
1677 304 1698 334 l.
1729 304 1768 334 lta
1793 305 1951 336 cardinalis

1213 350 1388 382 Cixnrlxsrs.
1406 371 1443 375 —
1456 353 1486 382 R.
1502 352 1655 382 lxeummn
1673 363 1822 384 sacrorum
1842 355 1950 384 rituum

1213 400 1450 439 Congregationis
1474 402 1662 431 secretarius.

2014 483 2146 505 Confirmatio

1259 468 1272 510 ἓ
1298 467 1326 500 (2.
1352 468 1428 501 Cum
1455 475 1572 509 autem,
1600 469 1680 501 sieut.
1698 470 1882 513 praedictus
1905 470 2034 531 lo-decri

2015 517 2103 532 eorum.

1215 530 1315 553 anites
1340 521 1438 554 Maria
1464 522 1637 555 cardinalis
1663 533 1768 566 nuper
1794 523 1951 566 exposuit,

1216 574 1283 616 ipse
1298 574 1426 607 decreta
1446 575 1644 615 huiusmodi,
1664 586 1728 619 quo
1749 575 1868 609 firmius
1885 577 1954 610 snb-

1215 627 1328 660 sistant
1346 633 1377 660 et
1394 634 1563 661 serventur
1581 630 1731 670 exactius,
1753 629 1953 673 apost011cae

1216 680 1471 713 confliwiiationis
1496 687 1627 715 nostrae
1658 683 1841 725 patrocinio
1867 693 1955 715 cotn-

1215 733 1332 765 muniri
1358 744 1564 777 summopere
1592 735 1773 768 desideret:
1792 746 1861 776 nos,
1880 746 1953 779 spe-

1215 786 1328 818 cialem
1356 786 1415 829 ipsi
1441 787 1552 820 loanni
1571 788 1688 821 Mariae
1708 788 1863 821 cardinali
1885 799 1956 831 gra-

1216 839 1291 872 tiam
1328 839 1433 872 sacere
1461 841 1618 882 volentes,
1657 841 1953 885 supplicationibus

1216 892 1283 924 eius
1308 893 1439 925 nomine
1466 893 1561 926 nobis
1587 904 1686 937 super
1703 895 1765 927 hoc
1784 895 1955 927 humiliter

1215 945 1374 987 porrectis
1387 945 1541 985 inclinati,
1559 947 1713 980 tredecim
1729 948 1956 991 decretaprae-

1216 997 1344 1037 inserta,
1371 1004 1403 1030 et
1427 1009 1538 1031 eorum
1566 999 1745 1042 quodlibet,
1764 1000 1954 1033 auctoritate

1215 1051 1403 1093 apostoliea,
1432 1056 1544 1085 tenore
1571 1053 1803 1095 piaesentium,
1830 1063 1952 1096 appro-

1214 1102 1328 1135 bamus
1355 1109 1383 1137 et
1413 1104 1655 1145 confirmamus,
1691 1105 1821 1149 illisque
1846 1105 1952 1138 invio-

1214 1155 1321 1189 labilis
1346 1157 1542 1200 apostolicae
1567 1157 1727 1191 firmitatis
1753 1159 1852 1192 robur
1876 1159 1955 1192 adii-

1215 1209 1332 1250 cimus3
1348 1211 1433 1243 salva
1449 1217 1557 1244 tamen
1576 1222 1705 1254 semper
1720 1212 1750 1244 in
1768 1212 1954 1255 praemissis

1214 1263 1956 1308 auctoritatepraedictaeCongregationiscar-

1214 1315 1383 1348 dinatium.
1407 1317 1637 1358 Deeernentes,
1658 1318 1789 1351 easdem
1805 1329 1954 1361 praesen·

1215 1372 1260 1400 tes
1279 1368 1402 1401 litteras
1427 1379 1557 1412 semper
1578 1369 1694 1410 sirmas,
1709 1370 1830 1403 validas
1845 1375 1876 1403 et
1893 1370 1954 1403 esn-

1214 1430 1306 1453 caees
1326 1420 1464 1454 existere
1484 1426 1513 1454 et
1534 1422 1613 1461 sore,
1629 1433 1769 1466 suosque
1789 1423 1952 1466 plenarios

1214 1478 1245 1506 et
1270 1473 1416 1516 integros
1444 1474 1574 1508 euectus
1601 1476 1710 1508 sortiri
1737 1482 1768 1510 et
1793 1476 1953 1516 obtinere,

1214 1537 1248 1559 ac
1269 1526 1344 1567 illis,
1363 1528 1400 1559 ad
1422 1539 1503 1571 quos
1526 1535 1650 1572 spectat
1669 1533 1699 1563 et
1724 1540 1782 1572 pro
1809 1535 1953 1574 tempore

1214 1580 1384 1622 spectabit,
1412 1582 1602 1624 plenissime
1627 1582 1814 1625 suffragari,
1841 1583 1951 1627 sicque

1213 1633 1243 1664 in
1279 1635 1465 1676 praemissis
1492 1646 1551 1678 per
1577 1646 1803 1680 quoscumque
1829 1637 1952 1670 iudices

1213 1686 1393 1719 ordinarios
1427 1693 1457 1720 et
1489 1688 1678 1730 delegatos,
1712 1690 1806 1722 etiam
1843 1700 1954 1723 causa-

1212 1749 1281 1771 rum
1300 1740 1408 1782 palatii
1427 1741 1598 1783 apostolici
1617 1742 1791 1783 auditores,
1816 1742 1952 1776 iudicari

1213 1798 1243 1823 et.
1266 1792 1394 1825 deliniri
1416 1794 1558 1835 debere,
1580 1804 1615 1826 ac
1648 1795 1773 1827 irritum
1799 1801 1830 1828 et
1857 1796 1952 1829 inane

1211 1846 1235 1877 si
1266 1857 1358 1879 secus
1386 1848 1554 1890 superbis
1588 1859 1605 1880 a
1635 1859 1810 1891 quoquam,
1843 1849 1952 1893 quavis

1211 1900 1413 1941 auctoritate,
1433 1901 1572 1933 scienter
1589 1902 1637 1934 vel
1659 1901 1859 1944 ignoranter,
1882 1913 1953 1935 con-

1213 1952 1322 1994 tigerit
1343 1954 1503 1986 attentari.

1254 2007 1268 2047 ξ
1293 2006 1325 2039 3.
1352 2006 1420 2039 Non
1439 2007 1645 2041 obstantibus
1666 2009 2146 2064 constitutionibuslgfflffissjocou-

1210 2064 1242 2090 et
1268 2058 1531 2092 ordinationibus
1560 2062 1770 2104 apostolicis,
1796 2074 1847 2103 ac,
1874 2074 1952 2106 qua·
2076 2059 2083 2066 ”

1211 2116 1305 2143 tenus
1331 2122 1411 2154 opus
1437 2113 1487 2153 sit„
1503 2113 1772 2157 Congregationis
1797 2116 1952 2149 reforma-

1211 2171 1259 2197 tae
1286 2165 1484 2205 bniusmodr
1510 2167 1606 2199 etiam
1645 2168 1841 2209 iuramento,
1866 2180 1947 2202 con—

1210 2218 1390 2251 firmatione
1412 2220 1603 2262 apostolica²
1633 2222 1681 2253 vet
1709 2222 1820 2264 quavis
1846 2221 1948 2255 sirmi-

1210 2276 1273 2304 tate
1299 2273 1363 2304 alia
1388 2274 1551 2305 roboratis
1568 2301 1575 2313 ,
1602 2275 1730 2312 statutis
1756 2280 1788 2307 et
1811 2286 1948 2310 consue·

1209 2325 1385 2365 tudinibus,
1422 2326 1601 2368 privilegiis
1638 2338 1781 2370 quoque,
1818 2329 1950 2363 indultis

1208 2382 1239 2408 et
1256 2376 1374 2409 litteris
1384 2379 1572 2420 apostolicis
1588 2379 1618 2410 in
1637 2381 1836 2414 eontrarium
1855 2393 1949 2425 prae-

1207 2430 1379 2462 missorum
1405 2431 1651 2473 quomodolibet
1673 2434 1856 2475 concessis,
1872 2445 1947 2468 con-

1206 2481 1339 2515 firmatis
1366 2478 1398 2515 et
1422 2483 1610 2525 innovatis·‚
1650 2487 1767 2530 quibus
1793 2488 1946 2521 omnibus

1206 2539 1237 2567 et
1254 2535 1401 2578 singulis,
1422 2536 1550 2569 illorum
1570 2543 1700 2572 tenores
1718 2541 1947 2583 praesentibus

1205 2598 1262 2630 pro
1280 2588 1376 2631 plene
1394 2594 1421 2619 et
1442 2589 1640 2624 sufficis-nter
1663 2593 1829 2636 expressis
1854 2604 1889 2627 ac
1906 2594 1946 2627 ad
