2269 3203
123 205 173 232 Αιι.
187 204 216 231 C.
240 203 306 231 1718

317 251 455 295 gendam
488 261 523 284 ac
544 250 721 295 praefatam
748 250 878 283 domum
906 250 991 292 piam
1012 248 1057 280 sic

317 304 559 337 concedendam
598 302 846 347 quomodolibet
878 301 1056 345 respective

317 356 497 400 spectantia
523 361 555 389 et
581 356 788 399 pertinentia,
811 355 1003 397 illorumque
1029 364 1058 386 o-

317 421 407 444 mnes
437 416 468 443 et
493 408 633 453 siuguli¹
671 410 815 448 fruetus,
851 408 996 440 redditus
1027 412 1058 439 ct

318 469 504 506 proventus,
528 462 592 506 qui,
608 461 758 495 deductis
776 461 926 494 omnibus
946 465 977 492 et.
995 459 1058 492 sin—

319 517 404 559 gulis
430 515 587 549 ecclcsiae
609 525 643 547 ac
662 514 777 547 domus
802 513 873 556 piac
897 513 1058 556 praefata-

319 580 389 602 rum
411 570 576 609 oneribus,
597 569 635 602 ad
658 568 854 612 quingentos
872 566 1059 610 septuagin-

321 623 435 656 taduos
462 623 593 656 ducatos
618 622 686 654 auri
709 622 748 654 de
773 621 905 655 Camera
930 620 1059 654 circiter

318 677 491 715 annuatim,
511 681 544 708 ut
568 675 732 715 asseritur,
749 673 930 715 ascendat&
953 674 1058 707 eidem

318 729 449 763 Militiae
475 729 506 761 in
532 739 709 771 congruam
734 739 795 772 pro
822 734 969 771 tempore
995 727 1060 760 cxi-

318 783 433 815 stentis
460 782 567 824 magni
600 782 721 825 prioris
748 780 855 824 magni
881 781 1057 823 prioratus,

318 840 353 868 ut
379 835 573 879 praefertur,
599 835 746 878 erigendi
766 834 963 875 huiusmodi,
985 844 1061 867 ncc-

318 899 383 922 non
411 889 443 922 in
468 889 576 922 dotem
608 889 837 922 nonnullarum
867 893 1058 932 praecepto-

318 943 440 976 riarum
467 953 524 976 scu
551 942 815 976 commendarum
840 941 983 975 eiusdem
1006 940 1060 973 Mi-

319 995 428 1036 litiae,
455 995 604 1029 similiter
640 1000 675 1028 ut
700 996 783 1028 infra
819 995 1057 1038 erigendarum,

319 1055 478 1092 perpetuo
493 1049 735 1092 applicarentur
751 1054 783 1082 et
803 1048 1059 1091 assignarentur,

320 1102 446 1145 aliaque
465 1102 669 1146 infrascripta
684 1112 742 1145 per
757 1112 813 1135 nos
827 1101 970 1144 benigne
988 1111 1060 1134 con-

321 1156 532 1195 cederentur;
553 1166 589 1189 ex
615 1156 666 1188 his
693 1155 843 1188 omnibus
869 1159 901 1188 et
925 1154 1060 1197 singulis

321 1208 432 1242 Militia
450 1209 594 1252 praefata
611 1208 747 1242 validius
774 1219 849 1241 suae
876 1208 1060 1241 stabilitans

321 1261 560 1295 firmamentum
587 1273 623 1295 ac
649 1262 776 1295 divinus
793 1263 898 1295 cultus
924 1261 955 1293 in
979 1261 1061 1293 dicta

321 1315 458 1348 ecclesia
477 1325 541 1348 non
559 1314 723 1348 modicum
743 1315 943 1357 susciperent
958 1314 1061 1346 incre-

321 1373 484 1408 mentum,
505 1378 541 1401 ac
566 1368 687 1401 milites
712 1367 773 1411 ipsi
801 1368 838 1400 ad
865 1367 1061 1400 christianas

322 1421 516 1455 excolendas
533 1422 676 1462 virtutes,
692 1420 828 1453 solidam
843 1420 955 1463 quesui
971 1419 1062 1453 Ordi-

322 1475 372 1508 nis
391 1475 528 1518 gloriam
544 1475 812 1518 promovendam,
831 1473 1001 1517 proposito
1017 1473 1062 1506 eis

0 1552 3 1587 Ι
323 1529 484 1572 praemio,
508 1528 736 1562 vehementius
761 1528 1059 1561 inflammarentur:

0 1588 3 1626 Ι
155 1589 213 1609 Nova
229 1594 314 1608 conm-
368 1582 382 1625 ἓ
407 1581 439 1615 3.
454 1581 528 1622 Nos,
550 1581 604 1625 qui
626 1582 769 1614 Militiam
788 1581 989 1621 huiusmodi,
1009 1592 1062 1614 eu-

129 1616 385 1688 ΞᾘΙεὲἓοτὲἑιᾞῖἰυε,
411 1635 485 1667 dum
519 1634 736 1667 cardinalatus
763 1634 980 1676 fungebamur
1005 1635 1063 1667 ho-

129 1675 405 1742 {lss‘ssf‘ssss’fiilws'nore
421 1714 428 1728 ,
457 1687 651 1730 protectoris
683 1697 800 1719 munus
824 1688 1060 1729 sustinuimus,

271 1729 313 1743 Μ
324 1740 451 1774 sincero
476 1745 632 1783 paternae
656 1740 824 1773 charitatis
849 1740 962 1773 atl'ectu
982 1751 1064 1774 sem-

130 1748 265 1769 confirmatio.

323 1805 383 1837 per
407 1793 570 1838 prosecuti
597 1794 722 1834 suimus,
741 1799 772 1826 et
789 1804 874 1826 nunc
894 1794 989 1827 etiam
1011 1795 1066 1827 im·

323 1900 437 1933 dentes
463 1900 549 1943 quod
574 1899 630 1933 illa
654 1900 713 1932 sub
738 1899 900 1932 Francisci
923 1900 1012 1933 ducis
1029 1910 1065 1933 ac

323 1952 431 1995 magni
449 1952 596 1995 magistri
615 1963 671 1986 seu
690 1953 838 1996 perpetui
857 1953 1066 1986 administra-
1086 1965 1087 1974 ¹

324 2006 404 2039 toris
438 2006 596 2049 praedicti
635 2006 786 2049 auspiciis
820 2007 859 2039 ad
888 2006 1065 2050 pristinum
1086 2027 1087 2031 =

323 2060 459 2093 honoris
479 2066 510 2093 et
528 2060 695 2103 dignitatis
711 2061 829 2101 locum,
849 2061 1065 2094 benedicente

325 2167 400 2200 inde
427 2167 578 2200 eumdem
600 2167 806 2200 Franciscum
833 2167 946 2200 ducem
973 2167 1064 2201 novis

326 2220 504 2261 gratiarum
522 2220 717 2253 muneribus
741 2221 908 2260 decorare,
927 2221 1065 2264 eiusque

326 2272 414 2315 pium
433 2284 470 2306 ac
490 2273 654 2306 laudabile
679 2273 891 2318 propositum,
911 2280 1064 2316 quantum

328 2335 400 2358 cum
424 2326 560 2359 Domino
586 2337 768 2369 possumus,
790 2327 973 2366 confovere,
993 2338 1067 2360 nec-

328 2387 394 2410 non
418 2378 520 2421 ipsam
551 2379 697 2412 Militiam
713 2405 720 2419 ,
746 2385 782 2412 ut
807 2379 1008 2413 felicioribus
1033 2380 1065 2412 in

329 2429 397 2462 dies
421 2430 535 2463 laetari
559 2432 661 2474 possit
685 2432 914 2472 incrementis,
944 2443 1065 2476 oppor-

330 2487 426 2515 tunae
450 2483 673 2517 subventionis
691 2496 753 2528 ope
771 2485 882 2518 iuvare
900 2496 936 2518 ac
955 2486 1065 2518 fulcire

365 2554 376 2579 1
399 2552 468 2579 Edit.
490 2553 568 2580 Main.
590 2553 672 2582 habet
689 2556 820 2590 siuyulos
839 2559 877 2591 (R.
890 2558 939 2591 T.).

364 2596 379 2623 2
396 2597 485 2625 Potius
496 2598 555 2633 lege
571 2600 727 2627 ascendunt
746 2601 783 2627 vel
799 2601 956 2628 ascendant
972 2602 1067 2637 (n.T.).

929 200 1069 225 CLEMENs
1095 199 1127 223 XI
1152 200 1200 223 Pr.

1734 190 1798 223 795

1100 250 1268 288 volentes,
1296 248 1468 291 ipsumque
1493 247 1698 281 Franciseum
1726 249 1839 281 ducem

1101 313 1137 334 ac
1162 312 1314 343 magnum
1346 301 1535 343 magistrum
1562 311 1616 333 seu
1643 306 1838 344 perpetuum

1101 355 1419 394 administratorem,
1460 354 1670 396 eiusdemque
1710 354 1838 386 Militiae

1102 408 1228 447 milites,
1249 414 1278 441 et
1300 418 1411 440 eorum
1430 407 1612 449 singulares
1632 417 1799 449 personas,
1823 418 1840 439 a

1101 462 1268 504 quibusvis
1288 460 1642 498 excommunicationis,
1658 460 1841 502 suspensio-

1102 516 1149 548 nis
1176 521 1205 548 et
1231 515 1413 555 interdicti,
1441 514 1581 557 aliisque
1607 512 1840 546 ecclesiasticis

1102 569 1286 609 sententiis,
1304 568 1450 601 censuris
1471 572 1502 600 ct
1523 567 1649 610 poenis,
1668 578 1684 599 a
1702 566 1770 599 iure
1793 566 1841 598 vel

1101 623 1140 654 ab
1167 622 1311 661 homine,
1337 621 1447 665 quavis
1473 621 1643 654 occasione
1672 619 1720 652 vel
1746 620 1843 652 causa

1102 674 1193 715 latis,
1222 675 1246 707 si
1273 675 1389 718 (puluis
1416 674 1665 717 quomodolibet
1694 671 1841 705 innodati

1102 729 1255 769 existunt,
1286 728 1324 761 ad
1346 727 1494 761 etl'ectum
1521 726 1745 770 praesentium
1775 731 1844 758 tan-

1104 787 1167 814 tum
1192 781 1475 824 consequendum,
1494 781 1608 814 harum
1629 780 1712 813 serie
1737 780 1844 812 absol-

1102 840 1214 869 ventes
1232 841 1264 868 et
1281 835 1448 868 absolutos
1466 835 1536 868 sore
1550 840 1734 875 censentes,
1753 826 1842 866 motu

1103 889 1298 932 proprio,ex
1327 889 1412 921 certa
1433 887 1565 921 seientia
1589 898 1625 920 ae
1643 888 1769 920 matura
1791 887 1844 919 de-

1103 942 1299 976 liberatione
1334 942 1476 981 nostris,
1504 942 1607 984 deque
1644 941 1842 983 apostolicae

1103 994 1500 1039 potestatisplenitudine,
1518 994 1556 1026 ad
1575 993 1758 1026 uberiorem
1774 1004 1844 1025 cau-

1104 1049 1201 1081 telam
1223 1059 1257 1081 ac
1275 1049 1386 1087 etiam,
1404 1053 1562 1091 quatenus
1581 1058 1662 1091 opus
1682 1047 1735 1087 sit,
1755 1047 1841 1079 omni

1104 1107 1136 1135 et
1161 1112 1367 1145 quocumque
1390 1100 1509 1144 potiori
1536 1105 1567 1133 et
1593 1099 1720 1132 meliori
1747 1099 1843 1131 modo

1103 1166 1140 1188 ac
1166 1156 1288 1194 forma,
1318 1154 1436 1198 quibus
1462 1153 1584 1185 firmius
1610 1158 1637 1185 et
1665 1151 1801 1184 validius
1826 1162 1843 1184 a

1103 1209 1199 1242 nobis
1225 1208 1293 1241 sieri
1319 1208 1421 1251 possit
1438 1217 1474 1239 ac
1490 1207 1602 1245 valeat,
1624 1206 1727 1238 eidem
1745 1205 1844 1238 Fran-

1104 1261 1189 1294 cisco
1215 1261 1287 1294 duci
1315 1266 1346 1293 et
1371 1270 1489 1302 magno
1508 1259 1662 1302 magistro
1688 1269 1743 1291 seu
1770 1269 1842 1301 per-

1103 1320 1202 1358 petuo
1228 1313 1503 1353 administratori,
1531 1324 1567 1345 ac
1599 1312 1751 1355 praetatis
1777 1312 1845 1344 eius

1104 1368 1197 1407 natis,
1217 1367 1391 1410 nepotibus
1409 1371 1439 1399 et
1458 1365 1742 1405 descendentibus,
1757 1365 1845 1399 aliis-

1104 1432 1168 1465 que
1194 1421 1335 1454 familiae
1373 1431 1451 1454 suae
1476 1420 1650 1453 Farnesiae
1676 1430 1845 1452 suceesso-

1104 1474 1194 1508 ribus
1213 1474 1346 1507 Parmae
1365 1479 1396 1506 et
1413 1473 1597 1507 Placentiae
1620 1468 1766 1511 ducibus,
1786 1482 1845 1515 pro

1106 1534 1253 1572 tempore
1279 1527 1504 1567 existentibus,
1531 1525 1712 1560 successivo
1738 1535 1848 1568 respe-

1105 1582 1187 1614 ctive
1225 1581 1341 1614 ordine
1358 1608 1365 1621 ,
1393 1581 1573 1624 praefatum
1611 1579 1750 1613 officium
1790 1589 1847 1612 seu

1105 1645 1222 1668 munus
1242 1635 1349 1677 magni
1376 1634 1524 1677 magistri
1546 1644 1601 1666 seu
1629 1632 1776 1676 perpetui
1796 1631 1848 1665 ad-

1105 1688 1337 1721 ministratoris
1354 1687 1484 1720 Militiae
1503 1686 1666 1730 praefatae
1684 1697 1743 1729 per
1763 1695 1846 1719 eum-

1107 1741 1180 1774 dem
1207 1741 1413 1774 Franciscum
1440 1741 1564 1780 ducem,
1591 1745 1626 1772 ut
1650 1740 1845 1783 praefertur,

1085 1838 1086 1843 1
1107 1795 1280 1827 obtentum
1296 1799 1326 1827 et
1340 1795 1508 1838 hucusque
1526 1794 1694 1837 praeclare
1710 1799 1846 1836 gestum,

323 1857 425 1890 pense
461 1846 716 1890 prosequimur,
743 1857 954 1889 summopere
980 1858 1061 1889 gau-
1085 1848 1087 1872 ἰ

1107 1859 1144 1881 ac
1164 1847 1365 1887 exercitium,
1382 1859 1453 1881 cum
1480 1847 1631 1879 omnibus
1657 1851 1688 1879 et
1713 1846 1849 1889 singulis

1108 1901 1194 1934 illius
1222 1900 1420 1940 honoribus,
1450 1900 1585 1939 iuribus,
1619 1899 1849 1943 praeeminen-

1108 1954 1160 1986 tiis
1180 1959 1211 1987 et
1227 1953 1460 1997 praerogativis
1486 1952 1589 1986 solitis
1614 1959 1645 1986 et
1666 1953 1845 1993 consuetis,

1108 2007 1243 2051 aliisque
1281 2006 1392 2049 gratiis
1426 2006 1487 2039 sibi
1525 2017 1560 2039 ac
1598 2005 1737 2039 familiae
1772 2016 1847 2039 suae

1086 2060 1281 2110 3Farnesiae
1319 2059 1594 2093 descendentibus
1627 2064 1659 2091 et
1682 2069 1849 2092 successo-

324 2113 473 2154 Domino,
493 2124 664 2156 resurgere
682 2114 744 2146 iam
760 2114 918 2157 coeperit,
939 2125 975 2147 ac
993 2125 1066 2158 pro·
1086 2132 1088 2135 ·

1108 2115 1197 2147 ribus
1234 2114 1410 2157 praedictis
1436 2125 1452 2146 a
1477 2114 1623 2157 praefato
1659 2112 1848 2146 Innocentio

1108 2168 1384 2211 praedecessore,
1417 2169 1458 2201 ob
1483 2168 1631 2201 eximiam
1660 2178 1792 2200 suorum
1818 2172 1851 2199 et

1086 2221 1249 2261 ,familiae
1275 2232 1350 2254 suae
1376 2221 1548 2254 Faruesiae
1574 2221 1760 2264 praedictae
1787 2232 1850 2253 me-

1108 2274 1244 2307 ritorum
1263 2274 1499 2314 celsitudinem,
1517 2279 1551 2306 ut
1566 2274 1757 2317 praefertur,
1777 2284 1850 2306 con-

1108 2328 1220 2370 cessis,
1241 2334 1355 2362 tenore
1376 2328 1597 2372 praesentium
1615 2334 1773 2371 perpetuo
1792 2328 1849 2360 ite-

1109 2392 1179 2414 rum
1205 2382 1415 2414 concedimus
1442 2386 1474 2414 et
1499 2381 1712 2423 assignamus,
1731 2380 1850 2414 omnia-

1109 2445 1172 2477 que
1198 2440 1230 2467 et
1253 2435 1381 2477 singula
1407 2435 1513 2468 eidem
1535 2435 1705 2467 Francisco
1724 2433 1796 2467 duci
1818 2439 1850 2466 et

1109 2497 1226 2529 magno
1251 2487 1406 2530 magistro
1443 2498 1499 2519 seu
1530 2492 1688 2530 perpetuo
1715 2486 1850 2519 admini·

1110 2540 1240 2579 statori,
1267 2550 1303 2572 ac
1329 2541 1468 2573 familiae
1494 2551 1569 2572 suae
1596 2539 1769 2572 Farnesiae
1795 2539 1849 2571 de-

1110 2592 1345 2626 scendentibus
1361 2598 1391 2625 et
1406 2592 1649 2625 successorilms
1664 2591 1848 2633 praedictis,

1844 200 1894 226 An.
1914 197 1942 225 C.
1966 197 2034 225 1718
