2269 3203
502 224 566 258 984
1046 229 1223 253 rauranum
1251 227 1401 252 nmmum

452 287 596 321 Monacbi
621 285 746 319 Ordinis
767 270 866 318 VSancti
893 284 1049 316 Benedicti
1076 280 1333 323 Congregationis
1358 281 1386 313 S.
1406 278 1521 311 Crucis.
1539 297 1581 302 --
1606 276 1815 318 Congregatio
1836 276 1866 308 in
1892 287 1991 319 regno

540 338 687 373 poloniae
710 343 740 371 et
766 347 880 379 magno
906 336 1019 368 ducatu
1045 335 1228 368 Litliuaniae
1252 333 1409 375 erigitur,
1434 331 1498 364 344
1526 342 1566 368 nv,
1593 330 1755 374 privilegia
1780 329 1886 362 omnia
1914 330 1991 362 Con-

540 391 732 436 gregationis
751 390 926 429 Bavaricae,
945 389 1104 432 exemptio
1129 387 1167 419 ab
1184 387 1367 425 Ordinariis,
1385 386 1513 418 facultas
1538 383 1729 426 aggregandi
1755 383 1813 415 alia
1838 386 1992 416 monaste-

544 447 589 478 ria
614 451 644 478 et
669 443 822 478 condendi
849 441 1089 475 constitutiones
1124 440 1165 472 illi
1191 449 1361 479 concessa,
1386 438 1450 472 344
1479 438 1494 471 b
1519 444 1546 470 et
1572 448 1648 480 δίψῃ
1681 437 1820 480 ipsorum
1853 435 1992 468 ecclesiis

542 498 737 542 indulgentia
762 497 901 541 plenaria
926 494 1123 539 perpetuam
1156 493 1240 525 festis
1261 491 1450 525 Inventionis
1475 496 1504 524 ct
1530 489 1730 523 lixaltationis
1748 488 1776 522 S.
1795 489 1902 522 Crucis
1922 499 1993 522 con-

542 551 674 591 ceditur,
699 550 763 583 348
788 562 808 583 ιι
833 555 863 582 et
887 549 913 581 b.

454 606 596 639 Monacbi
622 603 748 638 Ordinis
772 603 870 635 sancti
896 601 1053 635 Benedicti
1071 598 1330 642 Congregationis
1346 597 1457 630 Montis
1474 597 1594 631 Oliveti.
1618 616 1661 620 -—
1678 595 1837 630 Monachis
1857 596 1993 638 Congre-

544 658 678 701 gationis
703 656 814 689 Montis
837 655 947 688 Oliveti
972 653 1097 687 Ordinis
1117 652 1212 684 sancti
1235 650 1390 683 Benedicti
1409 650 1569 683 decretum
1588 649 1848 692 Congregationis
1865 649 1990 692 episco-

541 722 653 755 porum
679 716 709 743 et
734 709 927 752 regularium
953 707 989 740 de
1012 707 1111 740 forma
1132 704 1265 747 eligendi
1288 704 1466 747 generalem
1490 704 1568 735 infra
1587 702 1754 736 triennium
1781 703 1809 734 in
1835 702 1993 745 praedicta

546 764 797 807 Congregatione
824 762 1039 799 confirmatur,
1057 759 1119 792 267
1145 770 1163 791 α
1189 764 1218 790 ct
1235 768 1309 801 qus,
1334 757 1496 790 monacbis
1517 756 1633 789 eisdem
1652 756 1908 789 constitutionum
1928 756 1994 787 (lle-

545 817 658 851 menlis
684 817 705 849 X
729 815 831 859 quoad
856 814 1072 846 alternativani
1098 811 1260 854 regiminis
1285 810 1482 843 abbatiarum
1510 810 1590 842 inter
1615 810 1743 842 abbates
1768 815 1794 841 et
1823 809 1994 842 monachos

545 870 702 914 praefatae
723 867 982 911 Congregationis
1006 865 1169 908 derogatio
1195 863 1389 903 conceditur,
1414 863 1478 895 554
1502 863 1518 895 b
1544 868 1572 895 et
1596 874 1656 906 seq.

455 923 598 957 Monaclii
624 921 883 965 Congrcgationis
909 919 1034 953 Ordinis
1056 919 1085 951 S.
1112 917 1268 950 Benedicti
1291 916 1565 949 vallisumbrosae.
1583 935 1626 939 —
1646 915 1868 948 Monacliorum
1886 915 1994 947 l'allis-

542 976 709 1009 umbrosae
734 974 972 1007 constitutiones
998 971 1163 1005 nonnullas
1196 981 1266 1003 cum
1300 970 1364 1002 suis
1395 968 1646 1002 correctionibus
1672 973 1701 1001 et
1730 967 1994 1000 declarationibus

542 1029 579 1061 ad
607 1029 747 1071 regulam
773 1027 801 1060 S.
829 1025 985 1059 Benedicti
1012 1025 1123 1065 refert,
1150 1024 1213 1057 ’113
1237 1035 1255 1056 α
1277 1029 1307 1056 et
1331 1034 1407 1067 seq.;
1434 1028 1464 1055 et
1488 1022 1672 1062 confirmat,
1697 1021 1759 1054 ‘188
1784 1033 1802 1054 a
1829 1027 1858 1054 et
1883 1021 1916 1060 {13
1941 1022 1996 1053 ab-

544 1083 647 1114 batem
673 1081 867 1124 generalem,
892 1079 1067 1113 visitatores
1093 1084 1122 1111 et
1146 1078 1327 1110 definitores
1352 1076 1497 1119 deputat,
1522 1085 1696 1119 eorumque
1720 1075 1821 1107 officia
1847 1075 1926 1108 ultra
1947 1085 1997 1107 so-

546 1135 634 1167 litum
659 1140 782 1177 tempus
807 1133 960 1171 extendit,
980 1131 1045 1164 ⁶220
1063 1131 1095 1170 b;
1121 1137 1270 1164 statutum
1288 1130 1325 1163 de
1348 1130 1468 1162 ratione
1493 1128 1636 1162 visitandi
1663 1127 1853 1161 monasteria
1871 1132 1901 1160 et
1918 1128 1996 1160 rela-

542 1188 627 1221 tione
651 1185 890 1220 transmittenda
917 1185 954 1217 ad
978 1184 1263 1227 Congregationem
1289 1193 1384 1226 super
1409 1181 1573 1225 disciplina
1599 1181 1752 1224 regulari,
1770 1180 1827 1213 0202!
1851 1191 1889 1220 ας
1914 1191 1997 1213 coni-

542 1240 711 1273 municatio
729 1239 970 1283 privilegiorum
990 1237 1199 1281 quorumdam
1219 1236 1372 1269 Ordinum
1390 1242 1419 1269 et
1439 1236 1736 1279 Congrcgationum,
1755 1234 1818 1268 578
1840 1246 1859 1268 α
1884 1240 1914 1267 et
1935 1246 1994 1279 seq.

454 1294 597 1328 Monaehi
622 1294 748 1327 Ordinis
772 1292 1012 1326 Carthusicnsis.
1030 1309 1073 1315 —-
1089 1290 1248 1324 Monacliis
1272 1289 1399 1324 Ordinis
1424 1289 1664 1331 Carthasiensis,
1691 1299 1730 1322 ne
1754 1288 1848 1322 alicui
1873 1288 1903 1320 in
1929 1288 1995 1321 suis

545 1347 743 1381 monasteriis
769 1345 916 1379 carnibus
943 1345 1025 1377 vesei
1050 1344 1288 1388 permitterent,
1312 1342 1514 1386 prohibetur,
1540 1341 1603 1376 486
1628 1354 1647 1376 α
1673 1348 1702 1375 et
1727 1342 1752 1374 b.

454 1400 597 1434 Monaclii
622 1400 746 1434 Ordinis
774 1399 998 1434 Cisterciensis.
1020 1417 1061 1422 ——
1082 1397 1242 1430 Monacliis
1267 1396 1526 1439 Congregationis
1551 1395 1648 1428 sancti
1672 1394 1820 1427 Bernardi
1846 1394 1996 1428 Castellae

544 1454 669 1487 Ordinis
702 1452 917 1487 Cisterciensis
944 1450 1124 1484 constitutio
1156 1449 1328 1482 Innocentii
1358 1449 1397 1481 Xl
1430 1448 1468 1481 de
1501 1453 1571 1481 voto
1607 1448 1771 1491 capitulari
1808 1448 1995 1481 eorumdem

543 1507 772 1540 monachorum
792 1507 822 1539 in
846 1505 1014 1539 academiis
1038 1501 1275 1537 Salmanticensi
1299 1507 1328 1534 et
1352 1501 1583 1545 Complutcnsis
1609 1501 1832 1543 magistrorum
1857 1500 1997 1533 declara-

548 1566 598 1593 tur
615 1560 653 1593 de
674 1560 734 1593 illis
755 1564 874 1592 tantum
893 1558 1051 1600 magistris
1080 1556 1133 1599 qui
1162 1561 1235 1588 tunc
1259 1560 1329 1587 actu
1355 1554 1535 1587 cathedram
1562 1558 1769 1597 occuparent,
1797 1553 1839 1586 14
1862 1565 1882 1587 α
1907 1559 1936 1586 et
1960 1554 1996 1594 b;

544 1613 670 1647 decreta
695 1613 847 1656 quaedam
869 1611 1078 1655 capitulorum
1104 1608 1300 1651 generalium
1326 1607 1466 1640 eiusdem
1492 1606 1750 1649 Congregationis
1781 1605 1820 1639 de
1845 1606 1998 1649 suffragio

546 1668 699 1700 lectorum
718 1672 747 1698 et
772 1665 1025 1709 praedicatorum
1043 1663 1284 1701 confirmantur,
1303 1660 1344 1693 15
1369 1660 1406 1699 ὁ;
1431 1659 1531 1692 dictae
1552 1659 1792 1702 Congregationi
1810 1659 1906 1692 sancti
1925 1659 1999 1692 Ber-

543 1719 632 1752 nardi
658 1719 762 1752 Italiae
787 1718 949 1751 decretum
975 1714 1237 1759 Congregationis
1262 1713 1485 1757 episcoporum
1511 1718 1541 1746 et
1565 1712 1759 1755 regularium
1777 1712 1815 1745 de
1832 1712 1998 1745 abbatibus

547 1783 609 1806 non
633 1771 858 1806 confirmandis
884 1771 914 1802 in
939 1769 1049 1802 eodem
1077 1768 1268 1802 monasterio
1301 1767 1348 1800 vel
1373 1767 1476 1800 officio
1508 1771 1578 1810 post
1607 1767 1882 1810 quinquennium,
1917 1765 1953 1799 18
1978 1778 1998 1800 α

546 1833 576 1859 et
600 1837 682 1869 seq.;
709 1836 766 1868 pro
792 1823 953 1857 monacbis
978 1822 1237 1865 Congregationis
1263 1822 1459 1855 Reformatac
1484 1821 1705 1864 Hispaniarum
1732 1820 1893 1853 decretum
1918 1821 1997 1854 Con-

546 1878 740 1922 gregationis
765 1877 986 1921 episcoporum
1013 1881 1042 1908 et
1067 1875 1262 1918 regularium
1287 1874 1325 1907 de
1349 1874 1502 1907 servanda
1524 1873 1745 1907 constitutione
1771 1874 1940 1907 Innocentii
1959 1874 1998 1907 Xl

547 1932 639 1965 etiam
675 1931 779 1975 quoad
805 1930 1034 1963 restrictionem
1061 1927 1184 1961 numeri
1208 1932 1343 1971 quatuor
1367 1927 1621 1970 praedicatorum
1655 1927 1831 1968 vocalium,
1865 1926 1930 1959 104
1956 1937 1997 1967 α;

546 1985 672 2018 decreta
694 1983 841 2018 tredecim
858 1981 1119 2025 Congregationis
1143 1980 1280 2022 Rittium,
1305 1980 1419 2024 quibus
1444 1979 1560 2013 eisdem
1587 1979 1769 2013 conceditur
1795 1979 1923 2012 facultas
1947 1990 1998 2012 re-

546 2037 661 2072 citandi
682 2037 784 2070 officia
809 2036 947 2080 plurium
973 2036 1158 2069 Sanctorum
1190 2034 1378 2078 quibusdam
1405 2033 1517 2067 ritibus
1541 2039 1572 2066 et
1596 2033 1709 2073 modis,
1733 2033 1797 2066 39⁶2
1821 2033 1838 2065 b
1862 2038 1892 2065 et
1915 2044 1998 2077 seq.;

547 2092 628 2124 inter
653 2090 824 2123 monachos
850 2089 1069 2122 Cistercienses
1103 2087 1241 2120 eiusdem
1274 2087 1537 2130 Congregationis
1570 2086 1631 2120 litis
1656 2092 1783 2120 exortae
1815 2086 1937 2120 initium
1970 2092 2000 2119 et

545 2154 749 2188 progressum
776 2143 881 2183 refert,
906 2142 970 2176 399
994 2153 1014 2175 α
1038 2147 1067 2174 et
1091 2151 1172 2185 seq.;
1198 2139 1358 2184 praedicta
1383 2140 1420 2172 lis
1446 2140 1642 2182 extinguitur
1667 2145 1696 2172 et
1719 2149 1799 2172 nova
1820 2140 1921 2172 forma
1945 2139 2000 2172 bi-

546 2197 658 2241 partita
684 2206 751 2230 eam
778 2195 976 2238 gubernandi
1004 2194 1252 2237 praescribitur,
1279 2192 1342 2226 402
1367 2203 1387 2226 α
1412 2198 1441 2226 et
1465 2203 1548 2237 seq.;
1581 2196 1615 2226 ut
1649 2192 1778 2236 praefati
1811 2192 2000 2236 Congrega-

546 2249 640 2283 tionis
670 2249 857 2282 reformatae
882 2247 980 2280 sancti
1007 2247 1159 2280 Bernardi
1187 2246 1359 2290 capitulum
1381 2246 1530 2289 generale
1556 2245 1705 2290 deinceps
1732 2245 1865 2288 singulis
1889 2255 2002 2278 sexen-

546 2302 605 2335 niis
630 2307 660 2335 et
684 2311 745 2334 non
771 2301 907 2344 amplius
932 2300 1076 2333 trienniis
1101 2300 1253 2339 habeant,
1277 2299 1442 2339 statuitur,
1463 2299 1528 2333 789
1545 2299 1562 2331 b
1579 2304 1609 2331 et
1632 2309 1712 2342 seq.;
1738 2298 1829 2338 item,
1847 2296 1911 2330 816
1936 2298 1952 2330 b
1972 2303 2002 2331 et

547 2365 630 2398 seq.;
656 2354 805 2398 praefatis
830 2353 991 2387 decretum
1012 2352 1199 2385 eorumdem
1225 2351 1354 2395 capituli
1381 2352 1539 2395 generalis
1564 2352 1602 2386 de
1626 2351 1844 2395 superioribus
1870 2351 2004 2395 singulis

548 2407 707 2441 sexenniis
740 2407 897 2450 eligendis
912 2434 919 2447 ,
943 2406 1047 2449 quoad
1071 2405 1255 2449 superiores
1281 2404 1417 2438 maiores
1449 2410 1589 2446 tantum,
1614 2415 1685 2438 cum
1710 2406 1825 2438 norma
1849 2406 2003 2439 servanda

548 2460 681 2504 singulis
707 2460 851 2493 trienniis
878 2460 906 2492 in
938 2459 1091 2492 electione
1125 2459 1171 2491 vel
1204 2458 1448 2491 confirmatione
1473 2459 1608 2492 aliorum
1634 2459 1854 2502 superiorum,
1879 2458 2000 2492 confir-

548 2519 670 2553 matur,
696 2512 759 2547 817
785 2523 825 2551 α;
851 2511 1039 2545 eorumdem
1063 2510 1329 2555 Congregationis
1356 2513 1454 2546 Sancti
1476 2513 1626 2546 Bernardi
1649 2513 1678 2546 in
1705 2513 1852 2557 Hispania
1877 2514 2005 2547 decreta

547 2566 701 2611 quaedam
733 2566 763 2599 in
796 2566 935 2609 capitulo
967 2565 1107 2609 generali
1133 2564 1216 2599 edita
1240 2565 1356 2606 refert,
1382 2565 1444 2599 839
1470 2566 1486 2599 b
1511 2571 1540 2600 et
1566 2577 1647 2612 seq.;
1675 2572 1704 2600 et
1729 2566 1914 2608 confirmat,
1940 2565 1998 2602 841

554 2622 570 2654 ὁ
596 2627 625 2655 et
650 2632 711 2666 seq.
