2269 3203
261 207 311 235 An.
332 206 361 234 c.
381 206 447 234 1708
493 197 558 232 3⁶20

289 1333 407 1354 clausulas»,

454 256 601 289 eiusdem
625 255 812 300 primodicti
838 256 969 299 collegii
1007 267 1063 289 seu
1099 266 1193 300 prae·

454 308 508 342 sati
534 310 698 343 seminarii
716 310 898 353 recipiendi
912 315 944 344 et
961 309 1078 349 alendi,
1098 314 1194 353 prout
1213 338 1214 344 ,

454 362 657 406 recipiuntur
693 369 726 396 et
767 365 898 396 aluntur
935 363 1033 396 ceteri
1071 363 1190 395 alumni

454 416 509 459 qui
535 416 657 449 ibidem
684 417 723 449 de
750 417 912 460 praesenti
929 417 1051 458 degunt
1066 422 1095 449 et
1115 416 1194 449 edu·
1213 446 1214 453 ,

454 475 591 509 cantur,
617 470 743 502 sublata
769 470 854 503 inter
885 470 989 512 ipsum
1027 470 1193 502 alumnum

454 522 673 555 Albanensem
700 528 732 555 et
755 523 834 555 alios
860 533 1064 565 quacumque
1101 532 1194 565 pror-

453 585 506 607 sus
543 574 749 615 differentia,
788 585 972 618 novumque
1008 573 1215 607 huiusmodi>

454 628 654 661 alumnatum
687 627 805 661 ceteris
832 638 933 671 usque
959 628 1057 661 modo
1076 626 1193 660 erectis

454 686 486 714 et
510 680 667 714 institutis
694 686 783 714 motu
810 681 879 724 pari
920 680 1125 723 adiungimus
1161 686 1214 713 et,

454 734 665 768 annectimus.
684 734 834 778 Dictique
858 734 979 767 alumni
999 733 1192 767 Albanensis

454 788 710 821 nominationem
736 798 795 832 pro
813 793 971 831 tempore,
992 787 1119 831 quoties
1137 797 1193 819 no-

453 840 599 873 minandi
625 851 715 873 casus
746 841 913 881 evenerit,
939 845 1110 884 postquam
1149 844 1193 871 ta-

454 905 528 927 men
554 904 610 927 sua
635 893 742 926 studia
766 893 981 937 compleverit
1005 893 1142 925 dilectus
1161 891 1194 923 fi-

454 947 516 980 lius
540 947 654 980 Petrus
681 947 827 979 Rozovik
863 946 895 978 in
929 946 1017 978 dicto
1054 944 1194 987 collegio

455 1000 494 1033 de
519 1000 682 1043 praesenti
708 1001 831 1042 degens
858 1005 889 1032 et
913 998 1033 1032 nostris
1061 997 1195 1041 sumpti-

454 1054 516 1086 bus
543 1054 712 1097 hucusque
738 1053 862 1086 ibidem
887 1057 1034 1086 retentus
1062 1057 1091 1084 et
1118 1051 1195 1084 edu-

454 1112 554 1148 catus,
580 1107 618 1139 ad
646 1107 747 1149 ipsam
767 1116 889 1139 sacram
902 1105 1194 1148 Congregationem

454 1159 487 1192 in
513 1166 706 1202 perpetuum
732 1164 889 1202 spectare,
921 1163 1035 1198 motu,
1061 1157 1195 1190 scientia

455 1218 488 1245 et
512 1213 682 1256 potestatis
707 1212 910 1256 plenitudine
945 1211 1105 1244 similibus
1143 1211 1196 1243 iti-

456 1266 529 1298 dem
553 1266 699 1299 volumus
726 1271 757 1298 et
782 1265 984 1298 mandamus.

499 1319 514 1362 ἓ
539 1319 570 1351 5.
598 1319 825 1358 Decernentes,
852 1323 1045 1362 praesentes
1069 1317 1195 1350 litteras

454 1373 547 1406 nullo
572 1383 713 1416 unquam
742 1378 889 1416 tempore
916 1372 954 1405 de
973 1371 1196 1415 subreptionis

455 1426 506 1458 vel
531 1426 734 1469 obreptionis
759 1436 813 1458 seu
840 1425 998 1458 nullitatis
1023 1425 1121 1465 vitio,
1145 1425 1195 1458 vel

455 1478 649 1513 intentionis
685 1484 815 1512 nostrae
856 1484 910 1512 aut
942 1479 1004 1512 alio
1042 1479 1195 1522 quopiam

457 1532 587 1564 defectu
613 1532 732 1572 notari,
760 1531 851 1574 argui
877 1537 932 1564 aut
956 1531 987 1564 in
1014 1536 1219 1576 conderer-J

456 1586 535 1618 siam
551 1585 588 1618 ad
601 1585 787 1628 quorumvis
805 1584 990 1617 instantiam
1002 1584 1128 1623 adduci,
1141 1594 1197 1617 seu

456 1637 522 1671 via¹
548 1638 762 1671 restitutionis
788 1638 820 1670 in
845 1638 1007 1680 integrum
1033 1638 1082 1670 vel
1106 1637 1198 1670 redu-

457 1691 574 1724 ctionis
599 1691 638 1724 ad
665 1691 819 1724 terminos
845 1691 924 1723 iuris
950 1696 1003 1724 aut
1020 1691 1099 1723 alias
1119 1700 1198 1734 quo-

456 1745 637 1778 modolibet
663 1745 807 1778 revocari
834 1744 1195 1788 impugnarire·posse,

457 1809 517 1832 nec
543 1810 579 1833 ex
618 1809 656 1832 eo
697 1799 784 1842 quod
820 1799 1000 1842 praemissa
1036 1797 1220 1834 verificata,

457 1862 523 1885 non
549 1851 633 1891 sint,
659 1856 713 1884 aut
739 1851 825 1895 quod
851 1851 897 1892 ii,
924 1861 1064 1895 quorum
1097 1850 1198 1883 inter—

459 1909 514 1945 est,
541 1905 581 1938 ad
605 1905 637 1938 id
663 1904 765 1938 vocati
792 1910 824 1937 et
848 1904 947 1937 auditi
972 1915 1039 1937 non
1065 1903 1194 1943 suerint,

459 1958 587 1992 easdem
613 1958 739 1992 litteras
763 1969 822 2002 per
857 1958 1104 2002 subreptionem
1142 1957 1199 1990 ob-

460 2016 563 2044 tentas
586 2012 723 2052 censeri,
750 2017 780 2045 et
805 2016 980 2055 propterea
1006 2011 1129 2044 viribus
1149 2022 1199 2044 ca-

460 2074 541 2105 rere,
556 2075 662 2108 neque
676 2065 971 2108 Congregationem
996 2064 1197 2108 praedictam

459 2117 612 2161 illiusque
627 2118 791 2152 ministros
805 2119 843 2151 ad
862 2117 1092 2151 verificandum
1107 2128 1199 2161 prae-

459 2170 558 2205 missa
583 2171 735 2214 compelli
761 2177 792 2204 et
816 2171 938 2211 teneri,
966 2181 1072 2214 neque
1099 2171 1141 2203 ob
1167 2171 1198 2203 id

460 2226 566 2258 nullas
602 2230 634 2258 et
669 2225 776 2258 irritas
815 2235 851 2258 ac
885 2225 1005 2258 nullius
1040 2225 1198 2257 momenti

461 2288 531 2312 esse
556 2284 587 2311 et
611 2278 680 2311 fore
705 2278 854 2318 censeri,
882 2277 991 2320 sicque
1018 2288 1078 2320 per
1103 2288 1199 2321 quos-

461 2342 601 2375 cumque
626 2331 748 2365 iudices
766 2357 773 2371 ‚
796 2336 858 2364 etc.
874 2358 881 2371 ‚
908 2330 1004 2363 etiam
1031 2341 1198 2363 causarum

461 2386 573 2430 palatii
599 2384 768 2429 apostolici
795 2384 981 2424 auditores,
1008 2394 1044 2417 ac
1071 2384 1200 2428 praedi-

462 2444 530 2473 ctae
543 2438 658 2473 S.R.E.
679 2438 872 2478 cardinales,
887 2443 960 2477 etc.,
976 2437 1108 2478 sublata,
1126 2442 1198 2477 etc.,

462 2493 599 2526 iudicari
625 2492 762 2531 debere,
790 2491 1097 2539 etc.,*irritumque,
1125 2496 1198 2529 etc.,

462 2545 624 2586 attentari,
640 2550 700 2578 etc.
720 2544 791 2577 Non
809 2543 1012 2577 obstantibus
1035 2545 1144 2577 nostra
1169 2548 1198 2576 et

502 2611 509 2637 l
534 2607 626 2636 Potius
645 2607 704 2643 lege
725 2607 752 2636 vi
772 2607 810 2643 (a.
834 2607 881 2641 τ.).

1037 206 1215 231 DL'LLARIL'M
1241 205 1396 229 ROMANUM

1236 252 1453 288 Cancellariae
1480 251 1678 295 apostolicae
1703 251 1816 294 regula
1840 249 1878 284 de
1904 250 1972 283 iure

1237 307 1385 351 quaesito
1411 316 1477 339 non
1504 305 1665 346 tollendo,
1692 315 1819 338 necnon
1844 304 1973 337 Latera-

1236 360 1348 393 nensis
1375 358 1509 393 Concilii
1542 357 1772 391 concessiones
1797 362 1972 400 perpetuas

1237 413 1297 446 nisi
1316 413 1348 446 in
1365 413 1490 445 casibus
1508 422 1524 444 a
1546 412 1614 444 iure
1633 410 1800 454 permissis
1817 409 1885 443 fieri
1904 420 1973 452 pro-

1213 476 1215 485 ¹
1237 465 1390 505 bibentis,
1409 476 1445 498 ac
1459 464 1617 508 praedicti
1643 463 1762 496 Urbani
1780 463 1974 506 praedeces-

1236 519 1327 558 soris,
1343 528 1470 550 necnon
1486 517 1680 550 recolendae
1695 515 1870 549 memoriae
1884 515 1974 559 Sym-

1236 571 1355 611 machi,
1376 570 1465 603 Pauli
1486 570 1520 610 ll,
1539 569 1627 602 Pauli
1645 568 1693 609 IV,
1715 573 1747 602 et
1763 568 1898 601 aliorum
1916 567 1977 600 Ro-

1236 635 1405 658 manorum
1437 622 1652 658 Pontificum¹
1686 623 1976 667 praedecessorum

1236 684 1421 712 nostrorum
1434 678 1472 711 de
1483 677 1579 711 rebus
1589 677 1753 710 Ecclesiae
1763 686 1827 710 non
1838 676 1978 709 alienan-

1238 733 1297 773 dis,
1310 744 1345 766 ac
1359 732 1404 765 Pii
1424 732 1460 765 lv
1472 732 1510 765 de
1525 731 1634 775 gratiis
1650 731 1802 765 Gamerae
1818 730 1978 774 Apostoli-

1237 797 1290 820 eae
1302 787 1458 820 interesse
1476 785 1724 830 quomodolibet
1751 784 1977 818 concernenti-

1237 840 1298 872 bus
1318 839 1351 872 in
1378 839 1461 872 dicta
1487 838 1620 872 Carnera
1645 838 1730 871 intra
1755 843 1878 871 certum
1896 836 1977 869 inibi

1237 893 1472 935 praescriptum
1485 897 1610 935 tempus
1625 891 1872 934 praesentandis
1887 894 1918 923 et
1932 900 1978 922 re—

1238 945 1424 988 gistraudis,
1448 945 1528 977 itaut
1551 949 1742 988 praesentes
1767 944 1800 976 in
1825 945 1861 976 ea
1886 953 1977 986 prae-

1238 997 1357 1030 sentari
1383 1003 1413 1030 et
1438 997 1611 1040 registrari
1636 997 1728 1029 nullo
1740 1006 1883 1039 unquam
1897 1001 1978 1028 tem-

1238 1059 1317 1092 pore
1342 1051 1393 1083 vel
1419 1050 1518 1082 modo
1551 1059 1685 1083 necesse
1721 1049 1760 1082 sit
1777 1076 1784 1089 ,
1822 1058 1858 1081 ac
1892 1047 1977 1081 beati

1979 200 2028 228 Au.
2050 200 2079 228 C.
2098 199 2165 228 ¹708

1238 1103 1285 1136 Pii
1310 1103 1332 1135 V
1352 1130 1359 1143 ,
1387 1102 1556 1146 felicisque
1581 1101 1816 1136 recordationis
1839 1101 1915 1134 Sixti
1942 1101 1976 1142 V,
2022 1134 2024 1136 ,

1239 1161 1271 1189 et
1289 1156 1364 1189 dicti
1379 1155 1500 1188 Urbani
1519 1155 1594 1195 t'llt,
1608 1164 1736 1188 necnon
1749 1154 1925 1187 Clementis
1939 1154 1977 1194 X,

1240 1215 1271 1243 et
1296 1219 1573 1253 quorumcumque
1599 1209 1736 1241 aliorum
1758 1207 1977 1240 Romanorum

1239 1262 1451 1303 Pontificum,
1477 1262 1573 1296 etiam
1600 1261 1888 1305 praedecessorum
1922 1271 1978 1294 no-

1239 1322 1398 1356 strorum,
1425 1326 1531 1359 super,
1547 1314 1708 1349 solutione
1733 1319 1922 1347 annatarum
1949 1320 1980 1347 et

1240 1369 1516 1414 quindenniorum
1531 1368 1777 1413 quomodolibet
1789 1367 1897 1408 editis,
1909 1377 1980 1400 nec-

1240 1435 1304 1457 non
1316 1424 1386 1457 aliis
1401 1423 1659 1467 quibuscumque
1673 1420 1980 1465 apostolicis,etiam

1217 1472 1219 1475 ’
1240 1477 1272 1510 in
1298 1477 1506 1521 generalibus
1533 1475 1679 1509 conciliis
1706 1475 1801 1508 editis
1827 1479 1859 1507 et
1884 1473 1981 1507 eden-

1241 1531 1310 1571 dis,
1348 1529 1639 1564 constitutionibus
1665 1534 1696 1562 et
1721 1527 1980 1562 ordinationibus

1241 1582 1454 1627 apostolicis,
1482 1582 1625 1625 dictique
1651 1580 1840 1614 monasterii
1867 1585 1899 1614 et
1923 1579 1981 1613 Or-

1242 1637 1326 1670 dinis
1351 1635 1535 1678 praedicti,
1562 1636 1658 1669 etiam
1684 1636 1879 1676 iuramento,
1905 1639 1978 1674 ete„

1241 1690 1403 1724 roboratis
1429 1689 1572 1729 statutis,
1606 1688 1786 1733 privilegiis
1824 1698 1980 1732 quoque,

1218 1773 1219 1777 ,
1242 1742 1376 1776 indultis
1402 1747 1433 1775 et
1458 1743 1576 1775 litteris
1604 1741 1791 1785 apostolicis
1817 1745 1981 1774 monaste-

1241 1797 1289 1829 rio
1314 1796 1501 1840 praedicto,
1529 1795 1681 1838 illiusque
1706 1794 1832 1827 abbatis
1859 1798 1890 1827 et
1915 1803 1983 1827 mo-

1241 1849 1353 1883 nachis
1392 1859 1445 1882 seu
1473 1848 1639 1881 canonicis
1659 1847 1867 1891 ⁷1·egularilms
1887 1873 1894 1887 ,
1930 1846 1978 1879 ei-

1242 1903 1379 1946 demque
1405 1901 1655 1944 Congregationi
1674 1929 1681 1942 ,
1719 1911 1754 1934 ac
1789 1899 1982 1944 primodicto

1242 1958 1382 2000 collegio
1408 1967 1465 1990 seu
1491 1956 1635 2000 praefato
1661 1955 1861 1995 seminario,
1896 1953 1982 1987 illius

1242 2011 1467 2055 superioribus
1492 2016 1522 2043 et
1546 2009 1711 2053 personis,
1745 2014 1776 2042 et
1809 2008 1880 2041 aliis
1907 2007 1980 2051 qui-

1241 2065 1466 2108 buscumque,
1493 2063 1526 2096 in
1552 2073 1673 2106 genere
1700 2062 1749 2095 vel
1775 2061 1808 2094 in
1845 2060 1953 2104 specie
1973 2087 1980 2100 ,

1242 2124 1297 2152 aut
1321 2118 1419 2158 alias,
1444 2117 1475 2150 in
1512 2116 1730 2157 eontrarium,
1767 2116 1825 2148 sub
1851 2114 1983 2158 quibus-

1242 2182 1381 2214 cumque
1408 2170 1578 2204 tenoribus
1603 2174 1634 2202 et
1659 2169 1780 2208 formis,
1797 2167 1982 2211 quomodo-

1242 2225 1322 2257 libet
1346 2234 1406 2268 per
1430 2233 1651 2267 quoscumque
1677 2222 1840 2255 Romanos
1875 2220 1984 2254 Ponti-

1242 2278 1318 2310 fices
1343 2277 1618 2320 praedecessores
1643 2280 1773 2308 nostros
1791 2301 1798 2315 ,
1824 2278 1856 2306 et
1886 2273 1982 2306 etiam

1243 2341 1311 2369 nos,
1330 2330 1426 2363 etiam
1448 2334 1535 2361 motu
1553 2327 1699 2371 proprio,
1716 2332 1788 2366 etc.,
1809 2326 1982 2366 concessis,

1243 2382 1432 2427 approbatis
1459 2387 1489 2414 et
1520 2381 1700 2420 innovatis,
1731 2379 1848 2423 quibus
1882 2379 1984 2413 omni—

1242 2436 1318 2477 bus,
1345 2440 1418 2476 etc.,
1446 2434 1572 2468 etiamsi
1599 2434 1637 2466 de
1664 2433 1745 2474 illis,
1771 2438 1846 2476 etc.,
1871 2443 1983 2467 eorum

1243 2495 1383 2529 tenores,
1411 2494 1487 2528 etc.,
1516 2487 1579 2521 illis
1606 2487 1704 2526 alias,
1733 2491 1808 2527 etc.,
1832 2496 1984 2530 perman-

1243 2544 1350 2584 suris,
1386 2542 1425 2576 ad
1461 2541 1716 2585 praemissorum
1751 2539 1983 2573 validissimum

1280 2607 1288 2633 l
1313 2604 1413 2633 Vocem
1431 2604 1604 2640 Pontificum
1628 2611 1677 2632 nos
1693 2603 1820 2631 addimus
1841 2602 1880 2639 (R.
1898 2602 1947 2639 ¹12).
