2269 3203
290 252 338 279 An.
361 252 389 278 C.
409 251 471 279 1721

309 1476 429 1497 Exordium.

331 1900 406 1920 Preces
422 1905 467 1921 car·

282 1927 359 1947 ainans
382 1932 468 1947 maioris

281 1955 468 1979 poenitentiarum

281 1986 345 1999 causa
370 1985 467 2005 praeseu-

282 2008 307 2026 tis
317 2006 467 2027 concesnonis.

523 243 586 278 888

483 302 702 345 praesentium
721 303 903 336 litterarum
928 303 1140 346 transumptis
1158 314 1223 336 ma-

484 366 525 388 nu
544 355 680 389 alicuius
697 355 813 389 notarii
840 356 959 400 publici
986 356 1176 399 subscriptis
1193 361 1224 389 et

483 408 590 452 sigillo
624 419 780 452 personae
811 409 842 441 in
878 409 1034 451 dignitate
1069 409 1223 442 ecclesia·

483 462 562 495 stica
587 462 780 495 constitutae
807 462 961 502 munitis,
987 462 1018 494 in
1045 461 1166 495 iudicio
1191 467 1223 495 et

483 520 573 548 extra
591 515 682 554 illud,
700 515 820 558 ubique
836 516 994 554 locorum,
1011 515 1107 558 plena
1125 519 1158 547 et
1175 514 1222 548 in-

483 568 628 601 dubitata
654 568 832 610 eademque
868 578 999 611 prorsus
1024 567 1104 600 fides
1130 567 1221 600 adhi-

482 622 606 660 beatur,
626 630 708 663 quae
727 619 806 663 ipsis
832 619 1062 663 praesentibus
1087 620 1223 653 adhibe-

482 679 571 706 retur
596 673 621 705 si
648 673 755 706 forent
780 673 944 706 exhibitae
979 673 1031 705 vel'
1054 677 1218 706 ostensae.

525 726 639 758 Datum
661 725 782 758 Romae
809 725 895 766 apud
913 725 942 758 S.
968 724 1099 758 Mariam
1123 725 1220 758 Maio-

480 789 569 818 rem,
597 778 657 811 sub
694 778 815 810 annulo
854 777 1045 817 piscatoris,
1074 777 1125 811 die
1150 788 1219 811 xxxv

480 831 547 864 iulii
563 841 711 872 nnccxin,
731 830 938 875 pontificatus
963 832 1075 873 nostri,
1092 841 1176 865 anno
1197 842 1217 865 1.

513 895 575 922 Dat.
595 894 639 923 die
659 894 693 921 24
713 894 772 922 iulii
791 894 869 929 1721,
890 894 988 930 pontit.
1009 902 1081 923 anno
1103 902 1123 921 1.

815 1037 880 1071 XII.

478 1118 707 1151 Conceduntur
730 1117 1022 1162 exprovincialium
1039 1116 1220 1162 privileyia

520 1171 681 1213 fratribus
710 1171 748 1204 de
780 1170 990 1204 Observantici
1021 1171 1219 1213 Reformalis

519 1223 786 1266 poenitentiariis
814 1223 1000 1256 minoribus
1026 1223 1058 1257 S.
1083 1223 1219 1256 Ioannis

520 1278 557 1310 in
581 1277 743 1310 Laterano
768 1277 805 1310 de
832 1275 949 1310 Urbe¹.

653 1357 851 1384 Innocentius
872 1357 950 1391 Papa
969 1357 1050 1389 XIII,

600 1401 635 1428 ad
656 1404 831 1435 perpetuam
851 1402 894 1429 rei
914 1402 1098 1430 memoriam.

523 1472 687 1506 Romanus
713 1471 859 1505 Pontifex
897 1472 1041 1506 omnium
1067 1473 1218 1506 christifi-

478 1525 600 1559 delium
626 1535 722 1558 curae
749 1535 825 1558 suae
852 1525 1004 1558 divinitus
1031 1526 1219 1560 commisso-

477 1590 560 1618 rum,
588 1585 619 1612 et
643 1579 835 1622 pracsertim
860 1579 999 1620 illorum,
1024 1580 1078 1623 qui
1103 1580 1136 1612 in
1161 1580 1218 1613 Ec-

478 1630 576 1664 clesia
589 1629 644 1663 Dei
663 1635 796 1663 strenue
811 1630 970 1671 laborant,
985 1631 1099 1664 merita
1116 1634 1217 1674 aequa

476 1683 569 1716 lance
587 1683 721 1723 librans,
739 1693 884 1726 congrua
909 1684 1045 1726 singulis
1068 1683 1216 1717 laborum

477 1736 620 1779 praemia
644 1735 843 1769 constituere
877 1736 996 1777 studet,
1024 1736 1108 1769 sicut
1132 1737 1217 1769 iusti-

478 1789 539 1822 tiae
565 1795 596 1822 ct
622 1789 777 1832 aequitati
804 1795 1060 1823 consentaneum
1087 1800 1157 1823 esse
1184 1791 1215 1824 in

478 1842 613 1875 Domino
639 1842 822 1875 arbitratur.

522 1895 536 1939 ἓ
553 1895 584 1928 1.
604 1894 679 1928 Cum
699 1896 821 1938 itaque,
839 1896 923 1929 sicut
944 1896 1136 1930 venerabilis
1154 1897 1216 1930 sra-

480 1954 526 1982 ter
543 1953 653 1982 noster
677 1949 836 1982 Fabritius
858 1950 1033 1993 episcopus
1059 1950 1218 1984 Albanen-

477 2002 520 2036 sis
544 2001 575 2034 S.
595 2001 631 2034 R.
651 2001 683 2034 E.
703 2002 876 2036 cardinalis
902 2002 1068 2036 Paulutius
1093 2013 1217 2036 nuncu-

476 2060 571 2098 patus
587 2081 594 2095 ‚
619 2054 672 2098 qui
698 2055 777 2088 alias
813 2056 946 2088 maioris
971 2055 1214 2099 poenitentiarii

475 2107 616 2140 osticium
634 2107 743 2148 obivit,
763 2118 890 2141 necnon
909 2108 1045 2142 dilectus
1061 2108 1143 2142 fitius
1161 2119 1216 2143 no-

476 2165 542 2193 ster
570 2160 752 2193 Bernardus
775 2160 872 2194 Maria
897 2162 1045 2195 eiusdem
1070 2161 1102 2196 S.
1123 2162 1157 2195 R.
1178 2162 1212 2195 E.

474 2213 646 2246 cardinalis
669 2213 707 2246 de
732 2213 907 2247 Comitibus
934 2214 1029 2248 etiam
1054 2225 1215 2259 nuncupa-

475 2272 533 2305 tus,
553 2272 664 2300 noster
689 2267 867 2300 secundum
893 2278 1023 2301 carnem
1042 2279 1213 2311 germanus

475 2320 583 2359 l'rater,
602 2319 634 2351 in
653 2319 768 2352 eodem
788 2320 895 2353 officIO
920 2330 1096 2361 successor,
1118 2321 1213 2355 nobis

474 2381 581 2414 nuper
606 2378 833 2415 exposuerunt,
853 2383 990 2416 aequum
1015 2383 1081 2406 non
1106 2374 1214 2407 videa-

475 2430 544 2465 tur,
576 2429 611 2456 ut
635 2425 749 2457 fratres
774 2425 901 2458 Ordinis
926 2425 1084 2458 Minorum
1111 2426 1212 2460 sancti

475 2476 636 2510 Francisci
663 2477 702 2510 dc
723 2477 934 2511 Observantia
950 2478 1212 2513 Reformatorum

512 2559 521 2583 1
546 2556 647 2583 Eadem
666 2556 808 2592 privilegia
827 2565 955 2584 concessa
974 2557 1051 2585 suere
1071 2558 1214 2587 missiona-

475 2601 523 2628 riis
541 2601 569 2628 in
588 2600 706 2636 AEtiopia
734 2609 750 2629 a
777 2601 914 2629 Clemente
942 2601 976 2629 xl
1005 2603 1114 2632 constit.
1146 2603 1212 2633 edit.

475 2652 587 2682 aiacem,
609 2645 652 2675 die
672 2645 688 2673 2
708 2645 872 2682 decembris,
892 2646 987 2683 pontif.
1008 2655 1036 2676 v.

1064 254 1245 280 BULLARIUM
1271 254 1424 280 ROMANUM

1266 308 1538 347 nuncupatorum,
1560 313 1620 347 per
1645 313 1704 336 nos
1729 309 1760 337 et
1785 303 1903 338 dictum
1929 304 2004 338 Ber-

1267 358 1403 390 nardum
1422 357 1551 391 Mariam
1569 356 1780 397 cardinalem,
1798 367 1883 391 nunc
1898 363 1930 391 et
1945 368 2003 401 pro

1266 415 1413 453 tempore
1439 411 1630 444 existentem
1654 410 1809 444 maiorem
1835 410 2004 453 poeniten-

1267 462 1417 504 tiarium,
1444 474 1479 497 ex
1516 463 1650 497 diversis
1685 464 1842 507 praedicti
1875 463 2004 497 Ordinis

1265 516 1454 558 provinciis,
1475 516 1593 559 linguis
1615 521 1645 549 et
1663 516 1858 556 nationibus,
1876 516 1915 550 ad
1933 527 2002 550 mu-

1265 579 1325 602 nus
1350 570 1513 603 minorum
1543 570 1870 613 poenitentiariorum
1896 570 1928 603 in
1953 581 2003 604 ec-

1265 621 1363 654 clesia
1386 621 1418 655 S.
1446 622 1576 656 Ioannis
1602 622 1634 654 in
1660 623 1819 656 Laterano
1853 623 1892 657 de
1916 623 2001 656 Urbe

1265 684 1324 717 pro
1350 684 1408 707 suo
1433 675 1570 718 quisque
1603 675 1755 708 idiomate
1786 675 2001 709 exercendum

1265 727 1442 771 assumpti,
1469 727 1522 771 qui
1549 728 1710 761 assiduam
1737 728 2002 772 laudabilemque

1264 780 1384 813 ibidem
1397 791 1456 824 pro
1467 780 1645 814 animarum
1656 782 1757 815 salute
1768 791 1899 824 operam
1914 781 2003 814 exhi-

1262 834 1353 874 bent,
1382 833 1604 876 maioremque
1630 832 1711 866 vitae
1735 838 1862 877 partem
1887 833 1919 866 in
1946 843 2001 867 eo-

1263 897 1335 920 rum
1353 887 1466 920 officiis
1494 886 1672 928 traducunt,
1691 897 1912 930 quoscumque
1930 897 2002 930 gra·

1263 940 1322 972 dus
1341 945 1371 972 et
1396 939 1569 982 dignitates
1589 939 1620 971 in
1647 939 1804 973 eiusmodi
1825 939 2000 983 provinciis

1263 992 1484 1036 consequendi
1521 1003 1580 1036 spe
1617 992 1758 1025 frustrati
1787 998 1999 1034 remaneant;

1262 1046 1457 1090 cupiantque
1490 1051 1664 1089 propterea
1703 1045 1801 1079 iidem
1839 1044 2000 1078 Fabritius

1261 1099 1435 1142 episcopus
1453 1104 1485 1132 et
1502 1098 1686 1132 Bernardus
1704 1098 1802 1132 Maria
1819 1097 2000 1131 cardinales

1262 1151 1417 1184 fratribus
1435 1151 1615 1184 minoribus
1633 1150 1892 1194 poenitentiariis
1906 1161 2000 1194 prae-

1262 1204 1356 1238 dictis
1382 1210 1566 1248 opportune
1592 1204 1624 1236 in
1650 1204 1838 1247 praemissis
1864 1195 1882 1237 a
1906 1204 2000 1237 nobis

1262 1258 1423 1302 provideri
1446 1264 1476 1291 et
1500 1264 1534 1291 ut
1554 1258 1638 1291 infra
1663 1257 1838 1301 indulgeri:
1858 1268 1929 1298 nos,
1951 1268 1999 1292 eo·

1262 1312 1409 1345 rumdem
1445 1312 1580 1345 Fabritii
1617 1311 1763 1355 episcopi
1789 1317 1821 1345 et
1844 1311 1998 1345 Bernardi

1261 1365 1378 1399 Mariae
1396 1365 1607 1398 cardinalium
1632 1365 1764 1398 maioris
1789 1365 1998 1408 poenitentia·

1260 1419 1310 1460 rii,
1328 1419 1381 1462 qui
1408 1424 1516 1452 votum
1543 1418 1736 1452 dilectorum
1761 1417 1904 1451 fitiorum
1929 1418 1998 1451 offi-

1260 1472 1391 1506 cialium
1406 1472 1590 1515 signaturae
1609 1471 1704 1505 officii
1723 1471 1995 1506 poenitentiariae

2013 256 2062 284 An.
2083 256 2113 283 C.
2130 257 2194 285 4721

1260 1525 1458 1569 apostolicae
1477 1535 1575 1569 super
1593 1525 1776 1568 praemissis
1795 1524 2011 1565 audiverunt,-

1260 1578 1423 1612 desiderio
1453 1584 1484 1611 et
1508 1578 1660 1621 precibus
1689 1577 1783 1610 nobis
1815 1587 1912 1621 super
1935 1577 1998 1611 hoc

1260 1632 1429 1665 humiliter
1454 1631 1612 1674 porrectis
1646 1631 1856 1664 favorabilem
1881 1640 1994 1664 assen-

1260 1695 1330 1717 sum
1357 1684 1514 1727 praehere
1536 1685 1716 1727 cupientes,
1734 1694 1770 1717 ac
1787 1683 1881 1716 etiam
1906 1688 1995 1717 motu

1258 1738 1393 1781 proprio
1418 1747 1455 1770 ac
1479 1747 1515 1770 ex
1542 1739 1628 1770 certa
1656 1737 1791 1770 scientia
1817 1741 1848 1770 et
1871 1738 1997 1770 matura

1260 1790 1497 1824 deliberatione
1522 1790 1652 1830 nostris,
1672 1790 1775 1834 deque
1800 1789 1995 1834 apostolicae

1260 1844 1430 1887 potestatis
1456 1843 1672 1887 plenitudine,
1696 1849 1731 1877 ut
1755 1843 1793 1877 de
1812 1848 1920 1877 cetero
1939 1844 1997 1876 fra-

1259 1902 1321 1931 tres
1348 1897 1592 1941 poenitentiarii
1619 1897 1771 1937 minores,
1798 1907 1833 1930 ex
1860 1896 1994 1930 diversis

1259 1950 1448 1995 provinciis,
1472 1949 1594 1993 linguis
1620 1956 1651 1983 et
1675 1950 1862 1983 nationibus
1878 1977 1885 1991 ‚
1913 1949 1996 1983 sicut

1258 2004 1452 2048 praefertur,
1467 2004 1636 2048 assumpti,
1656 2009 1688 2037 et
1704 2014 1762 2047 pro
1784 2009 1930 2048 tempore
1948 2014 1996 2037 as-

1259 2057 1433 2098 sumendi,
1460 2056 1514 2100 qui
1540 2056 1735 2090 laudabilem
1761 2056 1856 2090 vitam
1881 2056 1915 2097 in
1939 2066 1994 2090 eo·

1258 2121 1328 2143 rum
1354 2110 1495 2153 collegio
1529 2109 1686 2150 vixerint,
1714 2114 1745 2143 et
1770 2109 1933 2143 servitium
1958 2119 1994 2143 ac

1257 2163 1474 2197 ministerium
1500 2163 1690 2197 huiusmodi
1710 2163 1743 2195 in
1759 2163 1924 2207 praedicta
1942 2173 1994 2196 ec-

1256 2217 1355 2251 clesia
1378 2217 1409 2250 S.
1429 2217 1557 2251 loannis
1582 2217 1615 2250 in
1639 2217 1798 2250 Laterano
1819 2216 1892 2249 Sedi
1911 2216 1994 2260 Apo-

1257 2270 1389 2304 stolicae
1404 2270 1490 2303 iuxta
1508 2270 1729 2304 ordinationes
1747 2274 1779 2303 et
1796 2272 1915 2304 statuta
1931 2270 1994 2303 col·

1256 2323 1331 2366 legii
1371 2323 1528 2356 dictorum
1572 2322 1894 2366 poenitentiariorum
1934 2333 1994 2366 per

1256 2376 1438 2409 cardinales
1456 2376 1595 2409 maiores
1612 2375 1884 2418 poenitentiarios
1902 2386 1994 2420 prae-

1256 2428 1445 2461 decessores
1470 2428 1572 2467 edita,
1597 2428 1644 2461 vel
1670 2438 1730 2471 pro
1756 2433 1902 2472 tempore
1928 2429 1994 2462 exi-

1256 2485 1391 2514 stentem
1417 2481 1616 2514 cardinalem
1642 2481 1798 2514 maiorem
1824 2481 1994 2525 poeniten-

1256 2534 1386 2567 tiarium
1412 2534 1546 2575 edenda,
1563 2534 1710 2567 decennii
1732 2535 1837 2578 spatio
1862 2536 1993 2579 praesti-

1257 2586 1355 2621 terint
1380 2587 1440 2631 (de
1458 2597 1597 2631 quorum
1616 2593 1721 2621 tamen
1740 2586 1991 2632 adimplemento

1257 2643 1288 2673 et
1313 2639 1477 2687 requisitis
1494 2639 1579 2675 idem
1600 2650 1660 2685 pro
1687 2645 1832 2687 tempore
1851 2640 1990 2675 existens
