2269 3203
233 175 281 202 Αη.
299 175 326 202 c,
350 156 417 202 1764
464 165 527 200 eie

238 2003 280 2032 ‘Do
296 2002 420 2022 tabellarum

237 2034 380 2055 inscriptione.

468 234 512 259 vl.
555 223 743 265 Quaeritur,
785 235 824 257 an
866 224 962 258 liceat
998 232 1054 256 seu
1090 231 1164 265 per-

424 277 508 311 mitti
534 278 636 322 possit
668 278 855 311 christianis
888 277 1019 310 easdem
1051 285 1164 309 omnes

425 331 608 365 oblationes
634 331 816 374 respective
849 330 881 363 in
915 329 996 363 locis
1022 327 1165 372 supradi-

426 385 485 419 ctis
501 412 508 426 ,
532 386 582 419 vel
608 387 724 419 saltem
754 384 841 418 domi
875 394 911 416 ac
936 383 1164 416 defunctorum

426 439 611 483 sepulchris
636 438 771 472 seorsim
797 439 845 471 vel
872 437 968 470 etiam
990 447 1061 469 cum
1088 445 1166 478 gen-

428 493 538 526 tilibus
563 492 689 531 offerre,
716 491 863 534 aliosque
888 489 967 522 ritus
988 500 1024 522 ac
1055 499 1166 522 caere-

427 546 552 579 monias
577 554 736 589 peragere
753 571 760 584 ‚
785 543 920 577 sublatis
951 542 1085 576 omnino
1114 552 1167 574 su-

427 599 624 642 perstitiosis
657 598 707 631 vel
743 596 986 640 superstitionis
1022 594 1166 639 speeiem

427 650 736 696 praeseferentibus,
753 650 815 682 hoc
830 654 879 682 est
893 659 930 683 ea
944 648 1167 682 tantummodo

427 705 609 744 offerendo,
624 713 717 748 quae,
733 703 817 736 iuxta
831 702 922 746 regni
942 712 1076 742 morem,
1090 700 1167 733 vivis

428 757 535 791 offerri
562 757 677 797 solent,
698 761 729 789 et
749 767 822 790 cum
842 755 1057 790 caeremoniis
1076 765 1110 787 ac
1127 754 1168 787 ri-

428 811 514 844 tibus
540 820 617 854 erga
642 809 729 843 vivos
755 808 825 842 sieri
851 809 901 842 vel
931 806 1082 842 adhiberi
1117 817 1169 841 so-

426 864 511 899 litis:
539 869 571 897 et
595 874 635 897 an
654 864 717 897 hoc
734 864 849 897 saltem
866 862 970 903 liceat,
989 861 1169 905 praemissa

428 929 485 952 seu
511 917 658 950 adhibita
682 916 870 960 supradicta
893 914 1142 960 protestatione.

471 971 563 1004 Ratio
585 976 645 1011 est,
672 970 759 1014 quia,
786 970 847 1003 nisi
873 969 954 1002 haec
981 969 1095 1001 saltem
1121 966 1169 1001 Si-

426 1024 581 1058 nensibus
603 1023 789 1057 christianis
808 1022 1051 1066 permittantur,
1074 1020 1167 1053 valde

428 1077 606 1111 timendum
643 1082 714 1117 est,
740 1087 802 1117 ne,
829 1075 884 1120 qni
909 1073 1079 1109 christiani
1105 1073 1168 1106 iam

426 1136 519 1171 sunt,
557 1129 768 1163 christianam
807 1128 1002 1171 religionem
1037 1126 1168 1171 penitus

429 1184 590 1225 abiiciant,
607 1189 638 1217 et
655 1183 709 1227 qui
722 1182 867 1216 nondum
881 1182 970 1215 illam
984 1189 1168 1224 suscepere,

427 1239 460 1272 in
484 1243 656 1282 posterum
687 1237 872 1270 nullatenus
904 1234 1165 1278 amplectentur;

427 1293 491 1326 imo
517 1291 550 1324 in
575 1291 771 1324 christianos
798 1294 961 1332 tamquam
988 1287 1018 1320 in
1044 1286 1168 1330 patrio-

426 1358 497 1381 rum
515 1346 636 1379 rituum
658 1355 735 1387 erga
753 1344 922 1377 defunctos
940 1340 1167 1385 progenitores

428 1402 615 1436 desertores
652 1410 688 1432 ac
725 1398 946 1432 destructores
979 1395 1166 1437 insurgant,

427 1465 550 1499 eosque
575 1465 612 1487 ac
637 1451 866 1486 missionarios
885 1459 998 1484 omnes
1019 1448 1114 1482 minis
1132 1458 1168 1481 ac

427 1507 710 1553 persecutionibus
749 1505 933 1548 exagitent,
967 1508 999 1537 et
1025 1513 1042 1536 a
1066 1512 1168 1545 reguo

427 1562 559 1607 penitus
584 1560 768 1595 excludant.

472 1615 537 1656 Ita,
563 1615 668 1659 quoad
693 1614 810 1646 factum
837 1612 1004 1655 pertinet,
1034 1614 1170 1642 testatur

428 1674 522 1713 pater
547 1669 685 1702 Ioannes
711 1666 900 1700 Franciscus
925 1665 964 1697 de
989 1663 1127 1696 Nicolais
1153 1673 1170 1694 a

428 1723 594 1763 Leonissa,
610 1721 750 1755 vicarius
767 1719 966 1763 apostolicus
984 1718 1032 1751 Hu
1047 1717 1168 1759 Quang,

429 1777 603 1821 episcopus
628 1773 830 1818 Berytensis,
857 1772 940 1815 apud
967 1781 1063 1814 quem
1096 1774 1172 1802 sunt

429 1831 559 1864 ritualia
584 1834 637 1863 aut
662 1834 765 1862 textus
790 1825 932 1869 allegati,
961 1834 1064 1867 eaque
1086 1824 1172 1857 exhi-

429 1885 498 1918 buit
523 1890 555 1918 et
578 1884 812 1926 interpretatus
839 1885 898 1913 est.

622 1941 713 1981 Super
735 1940 829 1980 quinto
851 1937 980 1968 articulo.

475 2003 497 2026 1.
524 1991 716 2031 Quaeritur,
743 1999 782 2022 an
809 1987 998 2021 christianis
1027 1986 1171 2031 permitti

431 2046 539 2091 possit
566 2045 668 2078 dictas
697 2043 832 2076 tabellas
860 2040 1107 2084 progenitorum
1138 2039 1171 2072 in

430 2099 564 2144 privatis
598 2096 750 2131 domibus
782 2094 923 2128 retinere
956 2103 1028 2126 cum
1059 2092 1171 2126 inscri-

431 2153 543 2197 ptione
568 2152 638 2186 Xz‘n
664 2151 745 2191 Cha,
770 2149 839 2183 Xin
865 2147 942 2182 Goei
967 2148 1051 2190 Βίης]
1075 2146 1169 2181 Goei:

432 2206 536 2239 idest:
562 2205 713 2238 Thronus
739 2213 796 2235 seu
821 2201 914 2234 sedes
940 2200 1086 2244 spiritus,
1115 2210 1172 2233 seu

431 2260 557 2292 animae
583 2259 619 2292 N.
648 2256 806 2292 defuncti.

476 2313 530 2352 Et,
558 2318 721 2355 quatenus
748 2308 908 2352 negative,

477 2376 513 2400 11.
541 2365 723 2405 Quaeritur,
741 2373 781 2396 an
799 2364 924 2401 saltem,
944 2362 1057 2394 abrasa
1076 2363 1113 2394 ea
1130 2361 1177 2394 in-

438 2419 629 2463 scriptione,
652 2416 855 2451 solummodo
877 2415 1022 2448 defuncti
1044 2414 1176 2447 nomine

1016 171 1195 197 BULLARIL'M
1221 170 1377 194 ROMAMJM

1960 168 2008 195 An.
2024 167 2053 194 C.
2076 167 2145 197 ¹70⁴

1252 229 1300 253 111.
1327 217 1509 258 Quaeritur,
1540 228 1580 250 an
1605 217 1723 252 saltem
1744 226 1815 250 cum
1841 214 1949 250 decla-

1209 273 1335 307 ratione
1370 284 1433 316 qua
1466 273 1651 306 declaretur
1684 281 1765 314 quae
1798 269 1840 303 sit
1864 268 1951 302 chri-

1209 326 1388 360 stianorum
1414 326 1453 359 de
1480 325 1640 359 defunctis
1666 323 1758 364 fides,
1785 329 1818 356 et
1844 323 1950 367 qualis

1210 380 1348 413 [iliorum
1362 391 1399 413 ac
1412 384 1568 423 nepotum
1586 378 1618 411 in
1636 376 1863 422 progenitores
1881 376 1951 420 pie-

1210 439 1256 467 tas
1282 444 1354 467 esse
1375 433 1506 466 debeat.

1294 491 1385 531 Super
1406 492 1487 520 tertio
1508 489 1626 520 articulo
1649 493 1728 519 antea
1749 489 1857 518 omisso.

1253 541 1311 573 llic
1336 540 1506 584 quaeritur
1539 539 1617 583 quid
1643 539 1886 572 decernendum
1911 538 1952 572 sit
1985 549 2146 570 Dacutmcon-

1210 594 1295 627 circa
1319 593 1450 627 tertium
1474 593 1647 627 articulum
1672 602 1769 635 supra
1793 578 2019 625 omissums¹¹‘'''·

1212 647 1333 681 tenoris
1353 646 1535 691 sequentis:

1260 712 1273 732 α
1299 699 1449 738 Quaesita
1469 709 1570 743 super
1593 698 1756 742 capitibus
1780 697 1867 731 inter
1892 697 1954 730 hu-

1211 752 1299 786 iusce
1324 752 1488 786 missionis
1513 752 1682 795 operarios
1708 750 1952 792 controversis,

1212 817 1337 839 summo
1352 805 1498 850 pontifici
1513 805 1698 839 Alexandro
1709 804 1760 838 VII
1773 803 1953 848 proposita,

1212 859 1321 893 multis
1352 859 1385 892 in
1420 859 1518 892 rebus
1543 869 1608 893 non
1635 869 1707 892 esse
1731 857 1873 892 veridica
1898 857 1953 891 de-

1212 913 1393 952 claramus;
1420 922 1456 945 ac
1484 911 1625 955 proinde
1651 911 1877 945 missionarios
1903 921 1954 944 rc-

1212 965 1340 1010 sponsis
1357 967 1397 999 ab
1411 966 1598 1010 Apostoliea
1612 965 1696 999 Sede
1714 970 1803 998 recte
1820 964 1952 1008 quidem

1212 1024 1244 1051 et
1269 1018 1437 1062 sapienter
1461 1028 1498 1051 ac
1523 1018 1610 1051 iuxta
1634 1016 1895 1051 circumstantias
1921 1016 1955 1049 in

1213 1071 1320 1105 dubiis
1345 1081 1516 1115 expressas
1543 1071 1625 1104 datis
1644 1070 1739 1103 inniti
1763 1080 1831 1103 non
1854 1079 1954 1113 posse

1213 1126 1251 1158 ad
1271 1126 1423 1158 usitatum
1441 1125 1525 1169 apud
1542 1125 1635 1159 Sinas
1651 1123 1798 1159 Consucii
1824 1128 1856 1157 et
1880 1133 1956 1167 pro-

1213 1179 1395 1223 genitorum
1420 1180 1545 1212 cultum
1569 1178 1827 1222 permittendum
1854 1188 1886 1211 γ’.

1413 1236 1506 1276 Super
1527 1240 1601 1266 sexto
1622 1235 1749 1266 articulo.

1255 1285 1428 1325 Quaeritur
1442 1285 1518 1329 quid
1535 1284 1779 1318 decernendum
1797 1283 1839 1317 sit
1854 1293 1955 1326 super
1985 1293 2150 1324 nequibuqdam

1212 1346 1301 1374 sexto
1320 1339 1455 1372 articulo
1473 1338 1609 1383 praefati
1628 1338 1724 1372 edicti
1742 1337 1864 1371 domini
1881 1321 2151 1370 Mai-¹³¹¹'¹’⁰⁵¹²¹⁰⁰¹b¹¹⁸'

1213 1400 1297 1438 grot,
1321 1394 1444 1426 tenoris
1468 1392 1650 1436 sequentis:

1262 1459 1275 1478 <a
1293 1446 1371 1480 Cum
1388 1446 1547 1479 nonnulla
1566 1455 1622 1478 seu
1639 1444 1738 1478 verbo
1756 1454 1814 1477 seu
1832 1443 1955 1487 scripto

1214 1500 1357 1544 evulgari
1383 1498 1683 1539 animadvertimus,
1705 1508 1788 1541 quae
1807 1497 1956 1530 incautos

1214 1555 1245 1588 in
1260 1565 1405 1589 errorem
1423 1553 1582 1586 inducunt
1599 1557 1630 1585 et
1646 1552 1730 1585 viam
1749 1551 1788 1584 ad
1802 1551 1959 1594 supersti-

1215 1610 1337 1643 tionem
1353 1607 1563 1652 patesaciunt,
1583 1605 1673 1639 verbi
1692 1605 1795 1649 gratia
1808 1617 1814 1638 ;
1826 1624 1870 1628 -
1882 1604 1958 1638 Phi-

1216 1663 1415 1708 losophiam,
1443 1672 1539 1705 quam
1564 1661 1659 1694 Sinae
1686 1659 1905 1703 profitentur,
1931 1659 1957 1692 si

1215 1719 1300 1751 bene
1316 1715 1532 1758 intelligatur,
1553 1714 1637 1747 nihil
1656 1713 1778 1746 habere
1795 1712 1860 1755 legi
1876 1712 1959 1745 chri-

1215 1772 1340 1804 stianae
1358 1769 1577 1808 contrarium3
1596 1767 1790 1800 -Nomine
1813 1766 1879 1809 Tay
1894 1766 1957 1799 Kie

1216 1823 1473 1868 sapientissimos
1490 1821 1614 1866 priscos
1632 1821 1733 1853 Deum.
1752 1829 1877 1851 eausam
1891 1818 1958 1862 pri-

1216 1888 1300 1910 mam
1324 1887 1431 1910 rerum
1458 1875 1602 1909 omnium
1629 1872 1766 1907 delinire
1790 1871 1954 1911 voluisse;

1214 1950 1258 1954 -—
1282 1930 1409 1964 Cultum
1429 1956 1437 1970 ,
1465 1938 1559 1972 quem
1583 1925 1755 1960 Confucius
1788 1923 1955 1968 spiritibus

1211 1984 1373 2024 adhibuit,
1392 1983 1519 2016 civilem
1535 1980 1645 2025 potius
1660 1990 1756 2023 quam
1767 1977 1958 2021 religiosum

1218 2039 1336 2079 suisse;
1357 2056 1402 2060 ——
1418 2036 1560 2075 Librum,
1581 2044 1678 2078 quem
1695 2032 1790 2066 Sinae
1814 2032 1852 2065 Je
1867 2030 1957 2074 Χίης

1216 2092 1395 2136 appellant,
1416 2099 1573 2123 summam
1594 2098 1663 2120 esse
1681 2085 1823 2130 optimae
1841 2084 1961 2118 doctri-

1217 2156 1276 2179 nae
1290 2143 1444 2188 physicae
1461 2147 1491 2175 et
1508 2140 1657 2175 moralis:
1675 2139 1758 2172 haec
1777 2143 1808 2171 et
1826 2135 1957 2178 similia,

1218 2200 1263 2232 uti
1289 2199 1372 2232 salso
1389 2225 1396 2238 ‚
1423 2202 1545 2229 temere
1576 2200 1606 2228 et
1632 2193 1824 2227 scandalose
1849 2190 1958 2230 dicta,

1218 2252 1395 2295 scriptave,
1410 2249 1556 2283 districte
1574 2247 1769 2285 inhibemus,
1784 2255 1824 2278 ne
1842 2243 1875 2277 in
1890 2248 1959 2277 toto

1219 2305 1372 2339 vicariatu
1398 2308 1511 2336 nostro
1538 2300 1790 2334 disseminentin·
1814 2309 1846 2331 n.

1398 2360 1489 2400 Super
1510 2360 1624 2398 septimo
1646 2356 1774 2386 articulo.

1264 2410 1442 2450 Quaeritur,
1469 2418 1509 2441 an
1535 2407 1576 2439 sit
1600 2403 1849 2449 approbandum
1872 2403 1959 2447 quod

1997 2409 2026 2430 De
2038 2408 2155 2435 expositio-

1970 2442 1995 2456 ne
2014 2436 2115 2456 librorum
2134 2435 2154 2456 in

438 2473 605 2516 inscripto,
632 2476 687 2504 aut
712 2470 751 2503 ad
776 2478 938 2503 summum
969 2467 1179 2511 superaddita
1222 2463 1371 2498 dominus
1401 2461 1537 2503 Maigrot
1569 2458 1715 2502 disponit
1748 2457 1783 2490 in
1820 2456 1958 2500 septimo
1970 2462 2056 2484 senous·

439 2526 546 2560 littera
575 2524 662 2565 Goei,
688 2523 793 2566 sedes,
819 2532 877 2555 seu
903 2522 1052 2555 thronus.

482 2579 535 2620 Et,
562 2584 718 2623 quatenus
743 2576 911 2621 negative,

1222 2517 1358 2552 articulo
1384 2514 1506 2548 tenoris
1532 2512 1715 2557 sequentis:

1273 2583 1286 2604 a
1303 2570 1442 2605 Caveant
1455 2566 1659 2610 miisionarii,
1675 2575 1725 2609 ne,
1744 2565 1800 2611 qui
1816 2562 1960 2599 christia-
