2269 3203
314 234 364 261 en.
385 233 414 261 c.
435 233 505 261 1710
549 225 613 260 366

360 1729 497 1748 Commutatio

314 1760 427 1780 [toeneium
438 1760 498 1774 inau-

314 1785 399 1802 rhu-sui.

343 2205 462 2227 Clau-ulae.

507 283 695 318 damnamus
733 290 764 319 et
795 285 1028 330 reprobamuS,
1055 296 1091 319 ac
1116 285 1179 328 legi
1214 290 1245 318 et

508 336 638 370 retineri
665 339 896 381 probibemus·,
919 338 1129 381 ipsorumque
1156 338 1245 371 libel-

508 392 612 423 lorum
645 396 814 424 eteorum
848 391 1022 424 0111115111101
1054 392 1244 434 impressio-

507 453 593 483 nem,
615 444 866 488 descriptionem
883 471 890 483 ‚
918 444 1110 482 lectionem,
1136 449 1243 477 reten-

508 497 626 529 tionem
665 503 696 529 et
732 507 823 529 usum
859 497 1008 530 omnibus
1046 502 1076 529 et
1108 496 1244 540 singulis

508 549 788 588 christifidelibus,
814 550 908 582 etiam
935 549 1085 593 specifica
1111 555 1142 582 01
1167 548 1245 581 indi-

508 601 601 634 vidua
626 602 792 635 mentione
819 608 850 635 et
876 603 1082 646 expressione
1115 601 1242 644 dignis,

507 654 565 687 sub
590 657 694 698 poena
720 655 1064 689 excommunicationis
1090 665 1147 698 per
1172 665 1245 688 con-

507 708 713 741 trasacientes
748 709 820 751 ipso
852 709 934 742 sacto
968 715 999 741 et
1035 709 1156 752 absque
1183 708 1244 741 alia

508 760 726 794 declaratione
741 762 947 801 incurrendit,
962 773 978 794 a
997 772 1059 804 qua
1076 771 1171 794 nemo
1186 770 1245 804 per

507 824 702 857 quemquam
734 814 793 847 nisi
820 825 878 857 per
903 825 962 847 nos
988 820 1041 847 aut
1064 814 1244 847 Romanum

508 866 694 900 Pontificem
708 878 767 911 pro
787 873 929 911 tempore
945 868 1144 905 existentem,
1157 878 1247 910 prae·

509 926 656 963 terquam
682 921 713 953 in
740 921 849 954 mortis
876 921 1011 954 articulo
1037 921 1243 960 constitutus,

508 973 630 1007 absolvi
650 974 758 1017 possit,
775 975 908 1007 omnino
925 973 1173 1014 interdicimus,
1194 984 1247 1006 vo-

508 1027 610 1059 lentes
625 1031 656 1059 et
675 1026 864 1059 auctoritate
883 1027 1026 1069 praefata
1045 1027 1245 1066 mandantes,

507 1085 550 1120 ut,
565 1079 757 1123 quicumque
778 1080 908 1113 libellos
926 1080 1110 1123 praedictos
1125 1080 1173 1112 vel
1189 1079 1247 1112 ali-

508 1142 603 1175 quem
629 1132 759 1165 illorum
784 1143 886 1176 penes
912 1143 944 1165 se
970 1131 1151 1169 habuerint,
1171 1132 1245 1164 illos

508 1194 563 1217 seu
590 1184 691 1225 illum,
711 1185 817 1217 statim
839 1191 936 1228 atque
954 1184 1247 1228 praesentesditte-

508 1248 561 1269 rae
589 1237 634 1270 eis
660 1238 874 1277 innotuerint,
895 1239 1040 1271 1000111111
1067 1237 1246 1271 Ordinariis

509 1292 558 1323 rel
586 1291 770 1325 haereticae
795 1291 959 1335 pravitatis
993 1291 1245 1334 inquisitoribus

508 1344 654 1385 deserat,
675 1345 728 1388 qui
747 1350 852 1378 autem
873 1345 1050 1378 venerabili
1074 1345 1161 1378 fratri
1180 1345 1248 1388 epi-

508 1408 608 1441 scopo
633 1397 665 1431 S.
693 1398 796 1431 Pontii
822 1399 966 1436 subsunt,
994 1399 1245 1442 metropolitano

507 1456 559 1484 aut
576 1451 631 1485 uni
654 1462 690 1485 ex
710 1452 921 1486 vicinioribus
939 1452 1103 1496 episcopis
1119 1452 1245 1486 tradere

507 1510 601 1548 atque
638 1505 830 1548 consignare
869 1511 1060 1546 teneantur;
1101 1505 1133 1538 111
1170 1516 1245 1539 vero

508 1558 717 1601 exemplaria,
737 1557 797 1591 sibi
823 1559 867 1592 sic
893 1559 1022 1599 tradita,
1045 1559 1133 1592 illico
1154 1559 1244 1591 llam-

507 1610 567 1642 mis
592 1611 715 1644 aboleri
753 1616 888 1645 curent:
916 1611 947 1644 in
974 1611 1174 1644 contrarium
1201 1611 1245 1643 sa-

507 1664 664 1697 cientibus
679 1675 743 1698 non
759 1665 961 1697 obstantibus
977 1665 1244 1708 quibuscumque.

552 1718 566 1760 §
591 1717 622 1750 2.
650 1717 797 1752 Ceterum
827 1724 938 1752 contra
965 1724 1128 1752 auctorem
1153 1718 1246 1752 libel-

510 1771 612 1803 lorum
651 1771 837 1804 eorumdem
853 1798 860 1812 ,
885 1782 945 1814 pro
972 1771 1085 1804 tradita
1111 1782 1128 1804 a
1152 1771 1245 1804 nobis

508 1823 659 1857 divinitus
685 1826 838 1868 suprema
869 1825 1038 1868 pastoralis
1063 1824 1157 1858 officii
1186 1834 1245 1867 po-

508 1882 629 1918 testate,
648 1878 680 1910 in
702 1883 853 1922 promptu
875 1878 1047 1919 habentes,
1068 1878 1245 1911 secundum

509 1930 708 1973 Apostolum,
718 1931 828 1964 ulcisci
843 1941 972 1964 omnem
986 1931 1245 1964 inobedientiam

508 1988 540 2014 et
565 1983 733 2016 destruere
759 1994 887 2016 0111110111
914 1983 1119 2017 altitudinem
1145 1985 1246 2017 extol-

508 2036 645 2069 lentem¹
667 2047 699 2070 se
722 2037 876 2070 adversus
897 2038 1064 2071 scientiam
1082 2037 1150 2077 Dei,
1171 2048 1247 2080 pro-

509 2090 625 2122 cedere
650 2090 849 2124 intendimus
865 2118 872 2132 ,
899 2097 995 2134 prout
1034 2091 1113 2124 iuris
1139 2091 1245 2131 suerit,

510 2144 596 2176 iuxta
621 2145 792 2177 canonicas
817 2145 1016 2178 sanctiones.

554 2198 568 2239 g
592 2196 623 2229 3.
662 2197 702 2230 Ut
738 2203 843 2231 autem
883 2198 1014 2231 eaedem
1059 2203 1246 2241 praesentes

510 2249 637 2282 litterae
673 2250 713 2282 ad
745 2250 889 2283 omnium
934 2251 1080 2285 notitiam
1123 2252 1247 2285 facilius

510 2303 737 2346 perducantur,
752 2314 813 2336 nec
828 2304 998 2347 quisquam
1015 2304 1143 2337 illarum
1159 2305 1248 2347 igno-

513 2356 649 2389 rantiam
687 2357 831 2399 allegare
871 2357 993 2400 possit,
1035 2359 1184 2391 volumus
1216 2363 1247 2390 et

509 2409 696 2442 auctoritate
743 2410 887 2453 praefata
934 2410 1138 2443 decernimus
1174 2411 1246 2443 illas

510 2462 548 2495 ad
576 2463 679 2495 valvas
705 2463 860 2495 basilicae
889 2463 1046 2506 Principis
1085 2465 1248 2506 apostolo-

510 2526 582 2548 rum
596 2526 632 2548 ac
649 2515 867 2549 Cancellariae
894 2516 1093 2559 apostolicae
1119 2527 1247 2550 necnon

510 2568 623 2601 Curiae
654 2568 813 2611 generalis
846 2569 877 2601 in
902 2568 1008 2602 Monte
1034 2568 1187 2602 Citatorio
1212 2579 1246 2603 ac

547 2630 558 2657 t
582 2630 652 2657 Edit.
674 2631 757 2658 Main.
781 2631 844 2667 legit
863 2632 1012 2659 eaetotlenle
1032 2638 1069 2665 tu.
1091 2634 1140 2666 T.).

1090 234 1272 261 mJLLARtUM
1295 234 1451 262 ROMANUM

2036 238 2083 266 An.
2104 238 2134 266 C.
2152 239 2220 268 1710

1288 285 1321 317 in
1338 286 1405 319 acie
1423 285 1635 329 Campissorae
1650 284 1689 319 de
1704 284 1789 319 Urbe
1808 295 1865 329 per
1885 285 2026 330 aliquem

1289 349 1324 370 ex
1351 339 1536 373 cursoribus
1564 340 1691 379 nostris,
1714 345 1749 371 111
1774 339 1874 373 1110115
1893 343 1950 381 est,
1971 350 2028 383 pu-

1287 391 1412 432 blicari,
1441 392 1635 436 illarumque
1662 393 1808 436 exempla
1832 391 1954 425 ibidem
1986 392 2027 425 as-

1289 446 1350 479 fixa
1369 445 1521 489 relinqui,
1542 446 1623 478 itaut
1640 446 1685 478 sic
1702 445 1886 489 publicatae
1912 454 2025 477 omnes

1289 504 1320 531 et
1345 499 1511 540 singulos,
1537 509 1616 541 quos
1642 503 1865 538 concernunt,
1890 496 2026 540 perinde

1289 551 1435 592 afficiant,
1455 561 1490 584 ac
1511 552 1537 584 si
1563 551 1740 595 unicuique
1765 551 1893 584 illorum
1919 559 2028 593 perso-

1289 605 1405 637 naliter
1430 604 1612 638 notificatae
1630 609 1662 637 et
1687 604 1850 637 intimatae
1876 603 2024 636 fuissent.

1331 658 1345 701 ἓ
1370 658 1402 691 4.
1430 658 1574 702 Ipsarum
1601 663 1708 691 autem
1735 658 1914 691 litterarum
1940 661 2028 690 tran-

1288 710 1436 753 sumptis,
1463 721 1519 744 seu
1546 711 1712 754 exemplis,
1728 710 1823 744 etiam
1849 709 2027 753 impressis,

1288 773 1384 796 manu
1416 763 1549 797 alicuius
1584 764 1700 797 notarii
1734 763 1855 807 publici
1887 762 2029 796 subscri-

1288 817 1363 860 ptis,
1384 822 1414 849 et
1431 817 1540 860 sigillo
1564 827 1724 861 personae
1751 817 1782 850 111
1809 816 2029 850 ecclesiastica

1290 869 1447 911 dignitate
1481 869 1678 903 constitutae
1712 870 1862 910 munitis,
1883 869 2028 903 eamdem

1288 931 1422 963 prorsus
1447 921 1545 955 fidem
1581 922 1701 965 ubique
1734 923 1881 955 locorum
1909 926 1972 954 tam
1996 921 2028 953 in

1289 974 1406 1007 iudicio
1432 985 1529 1018 quam
1548 979 1638 1008 extra
1655 974 1733 1007 illud
1752 975 1925 1015 habeatur,
1945 984 2028 1018 quae

1289 1027 1367 1070 ipsis
1395 1027 1623 1071 praesentibus
1654 1027 1832 1061 haberetur
1866 1026 1892 1060 si
1926 1026 2031 1060 forent

1289 1080 1455 1114 exhibitae
1479 1082 1528 1114 vel
1551 1087 1711 1114 ostensae.

1332 1133 1446 1166 Datum
1471 1134 1611 1174 Romae,
1638 1134 1723 1177 apud
1749 1133 1780 1166 S.
1805 1133 1945 1173 Petrum,
1968 1133 2028 1166 sub

1289 1188 1410 1219 annulo
1442 1187 1641 1227 piscatoris,
1683 1187 1734 1220 die
1775 1196 1853 1221 xv111
1891 1186 2029 1219 ianuarii

1289 1249 1404 1282 Moccx,
1429 1240 1638 1283 pontificatus
1658 1240 1763 1273 nostri
1789 1250 1874 1273 anno
1891 1250 1921 1273 x.

1324 1302 1385 1330 Dat.
1409 1302 1452 1330 die
1474 1303 1506 1330 18
1527 1302 1642 1330 ianuarii
1665 1303 1749 1338 1710,
1772 1302 1869 1338 pontis.
1891 1309 1962 1330 anno
1978 1310 2002 1329 11.

2037 701 2173 725 sumptorum.

1586 1445 1732 1479 CXXXII.

1288 1524 1476 1558 Damnatur
1493 1528 1521 1558 et
1536 1525 1731 1568 prohibetur
1757 1523 1835 1557 liber
1859 1523 1916 1557 sub
1935 1522 2030 1557 titulo

1289 1577 1393 1611 Traite
1421 1578 1460 1611 de
1487 1578 1517 1610 la
1543 1578 1666 1620 regale,
1693 1583 1754 1611 010.
1771 1575 1791 1610 ⁴.

1510 1658 1644 1685 Clemens
1665 1658 1746 1691 Papa
1766 1658 1813 1691 XI,

1429 1702 1466 1729 ad
1486 1702 1619 1729 futuram
1634 1702 1679 1730 rei
1706 1701 1888 1729 memoriam.

1333 1772 1395 1815 §l
1415 1772 1505 1815 Cum,
1526 1773 1609 1806 sicut
1633 1773 1670 1806 ad
1698 1773 1900 1816 apostolatus
1925 1771 2027 1806 nostri
2065 1781 2122 1802 Libii
2137 1783 2223 1806 «itum,

2038 1810 2058 1828 et
2073 1814 2118 1828 eius
2136 1810 2223 1829 :tamna-

1289 1826 1436 1859 notitiam
1455 1827 1611 1869 pervenit,
1634 1826 1665 1859 in
1688 1827 1791 1859 lucem
1809 1825 1973 1870 prodierit
1990 1825 2027 1858 ti·
2040 1836 2101 1855 onais
2117 1840 2201 1856 causae.

1289 1879 1347 1912 ber
1365 1879 1517 1923 quidam²
1535 1880 1654 1922 gallico
1673 1880 1826 1913 idiomate
1842 1880 1957 1919 editus,
1977 1879 2027 1912 0111

1289 1933 1422 1966 titulus:
1464 1933 1572 1965 Trailc'
1603 1932 1640 1965 de
1664 1932 1813 1975 l'oriyine
1848 1931 1885 1964 de
1919 1932 1951 1964 la
1982 1933 2031 1964 νέ-

1289 1985 1374 2029 yale,
1394 1990 1422 2018 et
1445 1984 1497 2018 des
1514 1995 1624 2017 causes
1648 1985 1685 2018 de
1709 1995 1766 2017 son
1782 1984 2026 2025 ρἰὒίῖεεωησηῖ,

1288 2050 1350 2082 par
1366 2039 1410 2072 M.
1433 2038 1578 2072 Gasmnn
1599 2039 1742 2079 AUDOUL,
1761 2044 1872 2071 avocat
1890 2049 1933 2071 au
1951 2049 2030 2081 par-

1291 2092 1408 2125 lement
1443 2097 1471 2125 et
1496 2103 1563 2125 ausc
1598 2092 1733 2125 consez'ls
1764 2092 1808 2125 du
1839 2102 1897 2136 roy
1930 2096 1960 2125 el
1992 2091 2030 2124 de

1289 2146 1518 2189 monseiyncm‘
1543 2145 1570 2178 Ie
1594 2145 1655 2178 clue
1679 2144 1870 2185 d'Orleans;
1893 2145 1911 2176 ἀ
1930 2144 2030 2178 Paris

1289 2208 1454 2232 nnecvui:
1475 2199 1506 2231 in
1526 2209 1591 2243 quo
1617 2199 1685 2232 eius
1711 2204 1822 2231 auctor
1846 2207 1910 2231 non
1933 2197 2029 2230 modo

1291 2252 1458 2295 antiquum
1484 2252 1574 2285 illum
1607 2262 1700 2284 usum
1735 2250 1936 2294 percipiendi
1972 2260 2030 2283 5011

1291 2306 1396 2348 potius
1422 2305 1625 2338 custodiendi
1663 2304 1786 2337 fructus
1819 2303 2030 2347 quarumdam

1291 2359 1468 2391 vacantium
1496 2358 1718 2398 ecclesiarum,
1745 2367 1841 2400 quem
1868 2357 1917 2390 ius
1943 2367 2032 2400 rega·

1327 2456 1336 2481 1
1361 2455 1473 2482 Constit.
1495 2455 1666 2490 praecedenti
1695 2454 1814 2482 damnati
1843 2455 1919 2482 fuere
1945 2454 2031 2481 libelli

1290 2499 1410 2534 episcopi
1430 2499 1456 2525 S.
1480 2498 1588 2532 Pontii,
1609 2503 1636 2526 et
1655 2499 1763 2526 constit.
1785 2499 1849 2526 edit.
1870 2505 1967 2530 mnecx,
1987 2498 2030 2525 die

1292 2545 1324 2571 17
1343 2543 1485 2576 februarii,
1503 2543 1599 2578 pontif.
1616 2553 1641 2578 x,
1657 2543 1798 2571 damnatur
1812 2544 1881 2572 liber
1902 2543 2029 2578 Raqioni

1290 2597 1307 2614 α
1325 2597 1379 2623 pro
1400 2588 1476 2615 della
1496 2588 1564 2616 citt&
1584 2588 1615 2614 di
1633 2588 1750 2623 Napoli,
1771 2597 1825 2616 ecc.

1325 2633 1340 2659 ⁹2
1362 2631 1433 2658 Edit.
1455 2631 1535 2659 tttaiu.
1558 2632 1623 2667 legit
1643 2633 1754 2667 quidem
1777 2633 1818 2668 (11,
1839 2634 1886 2667 1.),

2090 664 2157 692 fiaes*
2167 674 2223 694 tran-
