2269 3203
272 221 308 246 An
337 220 451 247 &1714

295 1821 417 1843 mnu-ulae.

498 212 562 245 (300
1039 223 1218 247 ermenairi
1245 223 1399 247 [aromaca
1994 226 2047 251 An.
2064 226 2092 252 e.
2109 227 2179 254 1714

468 269 614 311 terdicti,
643 270 782 314 aliisque
809 271 1041 304 ecclesiasticis
1073 276 1205 304 sentcn-

469 322 520 355 iiis
538 350 545 363 ,
571 324 717 356 censuris
738 329 769 356 et
798 325 924 367 poenis,
954 336 970 356 a
996 324 1064 356 iure
1092 324 1138 356 vel
1165 324 1204 356 ab

467 376 610 417 homine,
626 376 736 419 quavis
755 376 924 409 occasione
943 376 990 408 rel
1013 378 1107 408 causa
1122 375 1205 415 latis,

466 430 632 473 siquibus
659 430 906 473 quomodolibet
935 428 1110 461 innodatus
1143 429 1207 462 exi·

466 483 530 524 stit,
558 483 596 516 ad
618 482 766 516 effectum
792 481 1017 526 praesentium
1040 482 1206 514 dumtaxat
1247 483 1255 490 '

465 536 746 580 consequendum,
766 535 880 568 harum
900 535 983 568 seric
1001 536 1205 568 absolventes

465 594 497 621 et
521 589 706 622 absolutum
726 589 795 621 sore
812 593 995 629 censentes,
1014 588 1204 621 huiusmodi
1227 600 1229 634 ζ

466 641 757 685 supplicationibus
799 641 943 675 inclinati
970 669 976 682 ,
1022 641 1204 685 praedictas

466 695 553 728 Pauli
579 695 847 738 praedecessoris
872 695 1007 735 litteras,
1027 695 1131 739 quoad
1159 695 1205 728 di-

465 754 551 780 ctum
571 748 733 792 hospitale
752 747 1000 788 Consolationis,
1014 748 1096 780 sicut
1114 759 1205 792 prae-

465 801 627 841 mittitur,
654 807 826 842 emanatas,
853 801 1043 834 auctoritate
1069 806 1202 845 aposto-

466 854 548 895 tica,
578 860 691 888 tenore
723 854 963 899 praesentium,
991 854 1205 887 reformamus

466 913 498 941 et
523 908 737 949 declaramus,
765 908 844 940 itaut
863 908 996 941 facultas
1016 907 1046 940 in
1066 907 1111 940 eis
1129 918 1205 940 con-

465 971 555 994 cessa
580 961 781 1003 intelligatur
807 972 863 1004 pro
890 961 960 994 soro
986 960 1205 993 eonscientiae

466 1019 599 1054 tantum,
616 1014 759 1058 exceptis
774 1014 900 1047 casibus
919 1014 950 1046 in
969 1014 1061 1047 Bulla
1079 1013 1204 1047 Coenae

465 1067 591 1100 Domini
616 1094 623 1108 ‚
666 1077 793 1100 necnon
830 1067 979 1111 publicae
1021 1067 1205 1100 violationis

465 1121 636 1154 clausurae
661 1121 853 1154 monialium
881 1121 919 1153 ad
945 1121 1065 1154 malum
1092 1120 1202 1161 finem,

464 1174 724 1218 presbyterieidii
751 1174 885 1217 publici,
913 1185 949 1207 ae
971 1185 1062 1207 casus
1082 1174 1204 1218 publici

464 1226 600 1260 violatae
626 1227 836 1260 immunitatis
863 1227 1112 1267 ecclesiasticae,
1139 1227 1203 1259 imo

464 1280 560 1313 etiam
586 1280 702 1314 occulti
729 1280 759 1313 in
787 1279 932 1313 terminis
958 1280 1203 1313 constitutionis

463 1334 536 1377 piae
562 1333 739 1367 memoriae
765 1333 910 1376 Gregorii
937 1334 1043 1377 Papae
1071 1334 1134 1366 xlv
1152 1345 1204 1378 pa-

463 1387 541 1420 riter
567 1387 831 1431 praedecessoris
866 1387 968 1420 nostri
1010 1398 1091 1431 quae
1125 1387 1204 1420 inei-

464 1440 511 1484 pit
536 1440 616 1474 Cum
648 1440 734 1473 ulicis
771 1440 944 1481 nonnulli,
969 1445 1050 1481 cleu,
1077 1441 1202 1474 etiamsi

464 1494 622 1527 eiusmodi
641 1494 773 1527 violatio
794 1495 988 1528 auctoritate
1007 1495 1135 1537 publica
1156 1505 1203 1528 se-

464 1553 538 1580 cuta
565 1548 684 1587 suerit,
712 1558 746 1581 ae
773 1548 851 1583 eitra
877 1549 977 1581 ullam
1015 1548 1201 1582 facultatem

464 1600 677 1643 dispensandi
702 1611 803 1644 super
820 1600 1078 1643 irregularitatet
1099 1602 1204 1635 indul-

465 1661 529 1687 tum
556 1665 631 1687 vero
657 1654 851 1694 huiusmodi,
869 1655 913 1688 sie
940 1656 1148 1689 reformatum
1173 1662 1205 1690 et

465 1708 675 1747 declaratum,
697 1707 791 1740 etiam
811 1708 881 1740 aliis
906 1709 1091 1752 praedictae
1110 1709 1202 1743 Urbis

465 1760 680 1804 hospitalibus
707 1761 819 1794 harum
843 1762 926 1795 serie
953 1762 1172 1796 concedimus.

508 1814 572 1857 gli.
593 1814 822 1854 Deeernentes,
843 1815 992 1848 easdem*
1012 1822 1202 1859 praesentes

463 1866 587 1900 litteras
608 1868 698 1901 nullo
718 1878 858 1911 unquam
881 1874 1025 1912 tempore
1045 1870 1201 1910 revocari,

466 1921 622 1964 suspendi
648 1922 697 1954 vel
724 1921 879 1962 limitari,
905 1928 958 1954 aut
983 1922 1027 1955 eis
1053 1922 1202 1966 derogari

464 1985 577 2018 posse,
604 1985 662 2008 nec
687 1975 745 2007 sub
773 1975 938 2018 quibusvis
964 1976 1117 2009 similium
1153 1978 1202 2010 vel

466 2027 671 2061 dissimilium
714 2028 891 2071 gratiarum
942 2029 1203 2063 revocationibus

464 2080 713 2123 comprehendi,
743 2087 785 2121 et,
813 2082 941 2125 quoties
970 2082 1044 2116 illae
1075 2093 1204 2116 emana-

463 2134 556 2173 bunt,
579 2134 672 2167 toties
687 2134 720 2167 in
734 2135 906 2178 pristinum
926 2136 1202 2169 etvalidissimum

463 2192 583 2220 statum
601 2187 763 2221 restitutas
778 2194 808 2222 et
822 2189 967 2232 plenarie
988 2189 1203 2233 reintegratus

463 2251 532 2274 esse
559 2246 590 2274 et
616 2242 751 2283 censeri,
778 2242 970 2286 irritumque
997 2248 1027 2276 et
1052 2243 1147 2276 inane
1177 2244 1202 2276 si

463 2303 555 2326 secus
579 2304 675 2337 super
700 2294 750 2326 his
775 2305 791 2327 a
817 2305 993 2338 quoquam,
1018 2296 1128 2338 quavis
1150 2306 1204 2329 au-

464 2346 610 2380 ctoritate
629 2374 636 2387 ‚
662 2347 805 2380 scienter
832 2349 879 2380 rel
905 2348 1104 2390 ignoranter,
1130 2359 1204 2382 eon-

465 2399 572 2442 tigerit
597 2400 760 2433 attentari.
787 2399 857 2433 Non
884 2400 1088 2433 obstantibus
1113 2411 1205 2444 prae-

462 2452 578 2492 missis,
601 2462 636 2485 ac
657 2452 945 2486 constitutionibus
970 2459 998 2485 et
1025 2453 1204 2486 ordinatio-

462 2506 556 2539 nibus
581 2505 791 2548 apostolieis,
824 2505 1007 2550 ceterisque
1033 2506 1203 2541 contrariis

464 2559 735 2603 quibuscumque.

500 2623 510 2649 1
533 2620 604 2650 Edit.
624 2620 703 2651 Μαίη.
725 2621 792 2658 legit
818 2630 865 2651 eas
892 2630 938 2659 pro
959 2622 1071 2651 easdem
1091 2625 1130 2659 (a.
1151 2624 1199 2660 T.).

1292 271 1404 304 Datum
1431 271 1572 311 Romae,
1601 272 1685 315 apud
1712 272 1742 305 S.
1774 272 1902 305 Mariam
1927 273 1987 305 Ma-

1248 324 1370 363 iorem,
1396 325 1455 357 sub
1481 326 1600 358 annulo
1633 325 1832 365 Pis-catoris,
1863 326 1914 359 die
1943 336 1986 359 xit

1249 376 1384 409 ianuarii
1426 388 1598 419 uneexiv,
1640 378 1848 421 pontitiratus
1884 378 1987 412 nostri

1248 441 1334 463 anno
1363 441 1427 465 xtv.

1284 493 1342 519 Ilat.
1362 493 1404 520 die
1425 494 1454 520 12
1470 493 1584 521 ianuarii
1603 494 1681 525 l'illi,
1699 494 1795 529 pontis.
1814 502 1884 520 anno
1901 501 1953 521 xlv.

1553 637 1678 670 exctx.

1250 714 1471 756 Confirmatio*
1495 715 1603 747 electio
1634 719 1662 747 el
1693 715 1856 747 coronatio
1890 714 1987 748 Caro-

1293 767 1319 799 li
1350 768 1390 800 VJ
1416 768 1451 800 in
1477 779 1579 810 restem
1600 768 1817 801 Romanorum
1837 768 1988 809 futurum

1292 821 1416 863 impera
1423 826 1521 853 torem
1545 822 1566 853 ¹.

1454 892 1589 919 Clemens
1604 891 1782 925 Episcopus,

1432 942 1540 962 servus
1563 942 1719 962 servorum
1742 935 1806 965 Dei,

1248 979 1406 1007 Carissimo
1427 979 1458 1006 in
1479 978 1593 1006 christo
1613 979 1675 1006 filio
1695 982 1800 1006 nostro
1816 979 1920 1007 Carolo
1936 980 1988 1007 Ro-

1281 1031 1446 1058 manorum,
1462 1023 1632 1058 Hunqariae
1649 1026 1680 1051 et
1696 1022 1828 1051 Boemiae
1843 1023 1904 1058 regi
1919 1023 1989 1050 illu-

1283 1069 1340 1095 stri
1359 1089 1365 1100 ,
1386 1068 1518 1095 salutem
1537 1070 1569 1095 et
1589 1067 1784 1101 apostoticam
1803 1067 1987 1095 benedictio-

1282 1120 1358 1140 nem.

1292 1175 1425 1209 Romani
1452 1174 1636 1215 Pontifieis,
1664 1175 1718 1218 qui
1745 1175 1831 1217 regis
1857 1185 1984 1218 regum,
2024 1185 2145 1207 swanum.

1248 1228 1370 1262 domini
1386 1227 1634 1268 dominantium,
1654 1232 1684 1261 et
1702 1239 1761 1271 per
1778 1238 1874 1271 quem
1895 1239 1986 1271 reges

1247 1287 1384 1324 regnant
1400 1308 1407 1322 ‚
1434 1292 1471 1314 ac
1496 1282 1601 1323 legum
1627 1281 1811 1314 conditores
1838 1281 1920 1314 iusta
1937 1282 1987 1314 de·

1247 1341 1395 1375 cernunt,
1415 1335 1446 1367 in
1472 1335 1505 1367 B.
1527 1334 1610 1367 Petri
1636 1334 1718 1367 Sede
1744 1334 1828 1367 viees
1855 1333 1938 1377 gerit
1955 1334 1985 1366 in

1248 1389 1364 1430 terris,
1393 1389 1537 1422 muneris
1562 1399 1633 1422 esse
1660 1388 1877 1431 dignoscitur,
1904 1399 1986 1432 quae

1246 1443 1284 1476 ad
1322 1453 1524 1476 communem
1560 1441 1759 1482 utilitatem,
1789 1442 1929 1474 salutem
1955 1447 1987 1474 et

1246 1495 1456 1539 praesidium,
1481 1501 1514 1529 et
1538 1495 1576 1528 ad
1602 1493 1838 1528 saeri‘llomani
1856 1495 1984 1538 Imperii

1246 1555 1363 1583 statum
1394 1549 1572 1593 pertinent,
1592 1548 1700 1581 iudicii
1731 1554 1762 1582 et
1786 1548 1986 1582 auctoritatis

1246 1614 1322 1636 suae
1342 1603 1460 1637 robore
1483 1601 1699 1636 communire.

1290 1659 1305 1701 ξ
1320 1658 1350 1690 «l.
1366 1656 1578 1700 Quapropter,
1597 1667 1669 1689 eum
1686 1656 1792 1689 clarae
1810 1654 1985 1689 memoriae
2044 1663 2179 1701 cqnnrmatio

1247 1711 1385 1754 losepho
1408 1710 1628 1743 Romanorum
1655 1719 1731 1752 rege
1757 1709 1789 1741 in
1817 1692 2079 1752 impei·ato-iii³ic‘¹a¹.'³
2101 1697 2121 1711 '⁰
2143 1697 2180 1711 ω’

1249 1775 1315 1797 rem
1342 1764 1445 1797 eleeto
1471 1763 1568 1796 fratre
1603 1768 1656 1796 tuo
1693 1772 1848 1805 germano
1887 1761 1986 1794 rebus

1247 1817 1395 1850 humanis
1414 1821 1576 1860 exempto,
1594 1826 1651 1849 seu
1669 1815 1748 1849 alias
1767 1821 1867 1855 certo,
1888 1825 1984 1858 quem

1248 1870 1474 1914 praesentibus
1500 1880 1559 1913 pro
1585 1879 1737 1912 expresso
1764 1868 1878 1901 haberi
1897 1869 1985 1901 volu-

1247 1935 1327 1964 mus,
1341 1924 1438 1957 modo
1456 1923 1636 1956 Romanum
1657 1929 1783 1956 vacaret
1800 1922 1984 1965 imperium,

1247 1977 1390 2012 eiusdem
1415 1976 1541 2021 imperii
1568 1975 1735 2020 principes
1762 1977 1940 2015 electores,
1967 1988 1985 2009 a

1248 2031 1425 2065 venerabili
1452 2031 1549 2063 fratre
1575 2035 1687 2063 nostro
1708 2029 1862 2063 Lethario
1885 2029 1984 2062 Fran-

1247 2085 1334 2119 eiseo
1360 2083 1609 2128 archiepiscopo
1635 2083 1823 2126 Moguntino
1843 2093 1902 2126 pro
1919 2093 1985 2116 mu-

1247 2149 1323 2172 nere
1347 2140 1410 2172 'suo
1442 2138 1475 2171 in
1512 2137 1672 2171 civitatem
1699 2136 1911 2170 Francosurtii
1944 2136 1984 2170 ad

1247 2192 1394 2225 Moenum
1420 2192 1459 2225 ad
1484 2196 1603 2225 certam
1629 2191 1714 2224 diem
1740 2189 1855 2230 vocati,
1882 2189 1913 2222 in
1933 2192 1984 2223 ea-

1247 2246 1319 2278 dem
1329 2245 1457 2278 civitate
1469 2243 1699 2278 convenientes
1718 2249 1751 2275 ut
1766 2242 1985 2276 Romanorum

1247 2308 1357 2340 regem
1389 2298 1531 2330 futurum
1560 2297 1791 2339 imperatorem
1825 2296 1987 2338 eligerent

1248 2351 1302 2394 qui
1328 2350 1502 2394 praecelsis
1530 2349 1694 2392 regiisque
1711 2348 1882 2382 virtutibus
1905 2359 1986 2382 rem-

1284 2447 1292 2473 1
1318 2446 1407 2473 (Ionst.
1430 2446 1473 2472 ed.
1497 2452 1606 2480 noceat,
1628 2446 1671 2472 die
1694 2447 1724 2473 18
1744 2445 1905 2479 decembris,
1919 2454 1986 2481 pon-
2012 2450 2018 2455 '

1246 2489 1285 2517 tif.
1307 2496 1357 2523 xn,
1379 2493 1450 2517 extat
1469 2489 1615 2517 declaratio
1635 2489 1768 2525 quaedam
1789 2497 1870 2525 super
1884 2489 1985 2517 contir-

1247 2535 1361 2561 rnatione
1382 2533 1461 2561 huius
1476 2533 1635 2563 electionis;
1653 2537 1679 2561 et
1695 2538 1781 2560 const.
1797 2533 1840 2561 ed.
1857 2539 1983 2567 nnccxir,

1245 2578 1288 2605 die
1310 2578 1341 2606 lO
1360 2577 1471 2610 martii,
1492 2578 1588 2613 pontis.
1613 2584 1674 2610 mr,
1699 2578 1786 2612 agitur
1805 2577 1838 2606 de
1859 2576 1984 2614 precibus

1244 2622 1380 2659 primariis
1400 2621 1487 2651 eidem
1507 2622 1564 2658 regi
1585 2622 1730 2651 concessis,
