2269 3203
264 224 315 249 An.
333 225 360 250 G.
386 223 451 249 ¹710

497 214 561 247 400

460 272 649 315 gregationc
687 272 922 306 monachorum
958 272 1080 304 nedum
1113 270 1198 302 sussi-

457 326 546 360 ciens
573 326 742 369 recognita
767 326 872 359 suerat
890 353 897 365 ,
923 325 989 358 imo
1015 323 1122 368 potius
1147 332 1198 355 ex-

456 380 618 423 perientia
654 384 854 422 compertum
893 377 1062 417 extiterat,
1097 386 1132 408 ex
1161 376 1197 408 ea

456 432 660 471 discordias,
689 431 915 464 contentiones
940 435 971 462 et
996 427 1197 472 persecutio-

456 496 513 519 nes
540 485 571 518 in
598 485 684 518 dicta
709 483 968 526 Congregatione
1005 491 1193 520 emanasse3

456 539 596 581 ideoque
621 537 730 570 dilecti
758 536 814 569 filii
841 534 1103 576 monachi1·egni
1125 532 1197 566 Gal-

455 591 576 624 lacciae
601 589 696 623 etde
729 589 866 631 Campos
899 592 998 630 atque
1035 592 1194 619 terrarum

456 654 558 686 regno
585 642 732 684 Legionis
759 641 977 680 finitimarum,
1004 638 1195 672 desideran-

457 702 501 729 tes
527 701 562 728 ut
586 695 707 727 zizania
733 695 854 726 t'ructus
881 694 1040 726 bonorum
1061 701 1195 734 operum

455 748 642 782 suffocantia
664 747 793 780 tandem
813 746 1070 784 eradicarentur,
1089 750 1120 777 et
1135 755 1194 787 pax

455 808 551 846 atque
577 806 689 834 mutua
714 800 856 833 charitas
884 809 962 832 suae
980 797 1129 841 religioni
1149 807 1196 830 re-

454 856 671 895 stitueretur,
699 854 837 887 dilectos
864 852 987 895 pariter
1014 850 1096 884 filios
1116 850 1196 883 Pau-

455 911 520 942 lum
546 908 678 951 Freyria
692 913 724 941 et
740 906 928 949 Dionysium
948 905 1115 944 ximenes,
1133 913 1196 936 mo·

454 963 579 995 naclios
598 972 751 1005 expresse
767 961 934 1004 professos
950 958 1096 991 eiusdem
1116 957 1197 990 Con-

454 1014 664 1058 gregationis,
691 1014 723 1046 in
737 1024 852 1047 eorum
867 1015 1099 1056 procuratores
1120 1020 1197 1043 con-

456 1068 643 1107 stituerunt,
659 1067 799 1110 illosque
815 1066 853 1098 ad
870 1065 1048 1098 Romanam
1057 1063 1195 1102 Curiam,

455 1127 490 1153 ut
521 1125 745 1164 opportunum
780 1117 938 1152 eiusmodi
972 1116 1066 1150 malis
1094 1127 1195 1148 reme-

456 1174 543 1206 dium
582 1185 599 1206 a
630 1173 714 1206 Sede
753 1171 941 1216 Apostolica
979 1170 1194 1208 obtinerent,

455 1227 624 1260 miserunt.
652 1226 792 1269 Cumque
819 1225 917 1257 iidem
940 1224 1056 1256 Paulus
1075 1228 1108 1255 ct
1124 1223 1196 1255 Dio-

455 1280 565 1324 nysius
599 1285 828 1322 procuratores
860 1288 945 1310 anno
982 1286 1067 1310 nnec
1107 1286 1196 1309 reco-

455 1324 572 1367 lcndae
609 1332 783 1365 memoriae
816 1330 1007 1363 Innocentio
1033 1330 1118 1372 Papa
1144 1330 1195 1362 XII

456 1386 702 1431 praedecessori
728 1385 855 1429 pariter
882 1390 996 1417 nostro
1015 1383 1197 1427 supplicem

456 1441 605 1474 libellum
631 1450 732 1483 super
756 1438 944 1483 praemissis
962 1437 1194 1481 porrexissent,

457 1494 542 1526 idem
568 1492 775 1526 Innocentius
813 1491 1047 1535 praedecessor
1083 1500 1196 1522 eorum

457 1557 586 1580 causam
612 1545 863 1589 Congregationi
890 1550 964 1577 tunc
989 1542 1196 1577 existentium

457 1601 488 1633 S.
518 1600 554 1632 R.
582 1599 617 1632 E.
646 1599 860 1632 cardinalium
893 1597 1034 1640 negotiis
1071 1596 1198 1640 episco-

457 1663 526 1685 rum
552 1657 583 1685 et
608 1651 806 1694 regularium
833 1649 1038 1694 praepositae
1065 1648 1198 1699 commi<

458 1705 510 1737 sit.
538 1705 609 1747 Ipsa
635 1714 711 1737 vero
738 1703 952 1736 cardinalium
981 1702 1196 1744 Congregatio

459 1758 509 1790 dic
534 1768 571 1791 xx
597 1757 710 1800 aprilis
736 1756 929 1792 ultimodicti
959 1755 1045 1794 anni,
1065 1754 1197 1797 cognito

458 1809 716 1853 supradictarum
741 1809 925 1842 litterarum
946 1808 1195 1851 impedimento,

459 1862 626 1905 rescripsit
643 1866 677 1894 ut
694 1861 734 1894 ad
761 1872 819 1894 nos
844 1871 905 1904 pro
932 1861 1115 1904 aperitione
1132 1861 1197 1894 oris

459 1920 678 1949 recurrerent.
713 1915 777 1948 Nos
805 1920 933 1953 autem,
966 1920 1001 1946 ut
1032 1915 1063 1947 in
1098 1925 1199 1958 nego-

459 1969 502 2002 tio
528 1968 711 2009 hiusmodi,
738 1968 825 2012 quod
852 1978 949 2010 grave
971 1967 1047 1999 satis
1067 1967 1198 2000 videba-

460 2027 511 2054 tur
529 2048 536 2061 ,
565 2022 673 2054 debita
697 2021 884 2054 maturitate
908 2021 1167 2064 procederemus
1187 2047 1194 2061 ,

459 2074 578 2107 dilecto
603 2074 669 2107 filio
696 2077 807 2107 nostro
839 2074 1012 2107 Francisco
1038 2073 1069 2106 S.
1097 2074 1133 2106 R.
1160 2074 1195 2107 E.

459 2126 614 2160 cardinali
641 2127 843 2170 Acquavivae
869 2132 1056 2170 nuncupato
1078 2154 1084 2166 ,
1125 2133 1198 2160 tunc

459 2180 491 2212 in
517 2179 743 2223 Hispaniarum
770 2180 879 2221 regnis
905 2186 1017 2213 nostro
1051 2185 1082 2213 et
1115 2181 1198 2223 Apo·

460 2233 594 2265 stolicae
620 2232 711 2265 Sedis
738 2233 866 2272 nuncio,
889 2233 1077 2277 scripsimus
1095 2239 1128 2265 ut
1145 2244 1198 2266 su-

460 2296 517 2328 per
543 2286 572 2317 iu
601 2286 685 2319 dicto
712 2286 823 2319 libello
849 2286 1003 2329 expositis
1029 2296 1118 2318 suam
1145 2297 1199 2320 no-

460 2339 508 2371 bis
536 2339 767 2371 transmitteret
792 2339 995 2371 relationem.
1024 2339 1095 2381 Ipse
1122 2350 1197 2372 vero

460 2391 649 2424 Franciscus
675 2391 858 2431 cardinalis,
887 2396 963 2424 tunc
981 2391 1127 2430 nuncius,
1145 2403 1198 2425 au-

461 2445 537 2477 ditis
563 2444 709 2488 partibus
734 2450 765 2477 et
789 2455 900 2477 earum
933 2445 1196 2487 procuratoribus

461 2500 493 2531 in
520 2498 641 2541 oppido
665 2496 780 2531 Matriti
807 2497 1032 2537 existentibus,
1051 2508 1197 2540 praeser-

463 2551 516 2583 tim
544 2550 662 2583 dilecto
688 2549 753 2583 tilio
779 2550 1014 2593 Cliristophoro
1045 2550 1197 2592 Ossorio,

462 2603 672 2647 exgenerali‚
698 2608 1030 2646 praememoratorum
1056 2603 1146 2638 Pauli
1169 2610 1199 2639 et

1059 221 1201 245 lil'ltljil‘xll
1216 220 1235 242 M
1262 219 1382 242 ROMANI
1395 219 1414 241 tt

1241 267 1382 311 Dionysii
1408 271 1620 310 procuratore
1634 265 1652 306 ¹,
1672 277 1707 298 ex
1729 267 1799 306 una,
1816 271 1845 299 et
1859 266 1978 300 dilecto

1241 320 1335 353 etiam
1363 320 1427 353 sitio
1445 320 1570 362 Angelo
1591 318 1745 359 RamireZ,
1765 324 1978 362 procuratore

1240 373 1382 416 generali
1398 373 1502 406 dictae
1519 371 1801 415 Congregationis,
1821 383 1857 405 ex
1877 373 1979 405 altera

1239 427 1407 470 partibus,
1435 426 1486 459 die
1513 436 1589 459 xxiii
1616 425 1727 469 aprilis
1760 435 1868 459 nnccn
1895 426 1979 459 rela-

1240 479 1359 513 tionem
1385 490 1474 513 suam
1491 489 1592 523 super
1617 484 1700 512 statu
1716 478 1896 522 religionis,
1915 482 1979 512 una

1240 542 1310 564 cum
1336 532 1466 576 punctis
1491 543 1546 565 seu
1583 532 1728 565 articulis
1761 542 1869 565 coram
1906 532 1978 575 ipso

1240 585 1325 618 inter
1350 586 1451 618 dictas
1475 590 1586 629 partes
1614 585 1829 624 concordatis,
1854 584 1893 617 ad
1918 595 1978 617 nos

1241 637 1440 677 transmisit,
1467 648 1502 670 ex
1536 637 1653 680 quibus
1686 637 1764 669 satis
1802 637 1980 679 apparebat

1240 690 1388 733 exposita
1413 692 1452 723 ab
1479 691 1603 724 eisdem
1630 691 1729 723 Paulo
1763 696 1795 723 et
1825 690 1977 733 Dionysio

1240 743 1509 786 procuratoribus
1535 744 1707 776 maximum
1739 743 1863 776 habere
1901 743 1975 775 sun-

1240 796 1439 829 damentum.
1474 796 1563 829 Unde
1588 796 1749 836 subinde,
1775 806 1894 839 nempe
1927 795 1978 828 die

1240 859 1336 882 xxvnt
1363 849 1550 882 novembris
1574 849 1672 881 liuius
1698 849 1773 881 anni
1792 875 1799 888 ,
1835 849 1978 891 praefata

1240 902 1336 934 causa
1361 902 1393 934 in
1419 902 1582 944 signatura
1601 903 1710 935 nostra
1727 901 1850 944 gratiae
1866 912 1976 934 coram

1239 954 1333 987 nobis
1348 954 1457 987 habita
1473 954 1654 997 proposita,
1673 959 1703 987 et
1721 954 1977 995 contradicente,

1240 1018 1300 1051 pro
1325 1012 1416 1051 parte
1442 1007 1678 1040 monachorum
1703 1007 1978 1047 Castellaenovae,

1241 1060 1417 1103 Rivogiae,
1451 1060 1698 1093 Asturianorum
1733 1065 1765 1093 et
1796 1060 1979 1092 Montanea-

1241 1125 1308 1147 rum
1335 1114 1570 1157 Burgensium,
1596 1114 1716 1147 dilecto
1753 1112 1876 1157 pariter
1911 1112 1978 1147 filio

1240 1167 1357 1200 Ioanne
1375 1168 1537 1200 Guerrero
1556 1168 1717 1200 monacho
1735 1167 1877 1201 eiusdem
1897 1167 1978 1201 Con-

1240 1221 1451 1265 gregationis‚
1479 1221 1532 1264 qui
1558 1231 1617 1264 per
1641 1221 1794 1253 mandata
1818 1232 1979 1264 procurae

1239 1285 1298 1318 per
1322 1286 1394 1308 eum
1422 1274 1567 1308 exhibita
1591 1274 1630 1307 ad
1655 1274 1833 1318 praefatam
1853 1274 1979 1309 Curiam

1239 1329 1278 1362 ab
1304 1328 1368 1362 illis
1393 1339 1504 1362 eorum
1530 1334 1727 1372 procurator
1759 1329 1876 1362 missus
1911 1330 1979 1362 suc-

1239 1387 1297 1421 rat,
1322 1382 1360 1415 de
1386 1382 1529 1415 eiusdem
1556 1382 1742 1424 signaturae
1768 1387 1844 1415 voto
1862 1383 1978 1416 rescri-

1238 1435 1360 1478 psimus
1385 1446 1445 1479 pro
1459 1436 1641 1478 aperitione
1660 1436 1725 1468 oris
1742 1436 1878 1470 arbitrio
1896 1436 1979 1470 eius-

1239 1489 1311 1521 dem
1332 1488 1602 1532 Congregationis
1627 1488 1853 1522 cardinalium.
1886 1489 1979 1523 Cum-

1240 1553 1302 1585 que
1327 1542 1386 1575 ista
1404 1542 1615 1575 cardinalium
1632 1541 1845 1586 Congregatio
1863 1542 1895 1575 in
1910 1542 1977 1576 suis

1240 1596 1377 1629 decretis
1402 1606 1500 1639 super
1526 1595 1613 1629 dicto
1647 1596 1782 1629 arbitrio
1819 1596 1977 1630 emanatis

1239 1649 1414 1689 variasset,
1449 1648 1668 1682 commisimus
1700 1649 1805 1683 eidem
1839 1649 1978 1693 Congre-

1240 1702 1362 1745 gationi
1396 1702 1634 1742 cardinalium,
1661 1708 1707 1743 ut,
1734 1704 1841 1746 quoad
1874 1704 1979 1746 aperi-

1239 1756 1359 1789 tionem
1385 1755 1460 1795 oris,
1486 1766 1556 1788 cum
1584 1761 1657 1789 voto
1688 1755 1840 1789 auditorii
1867 1757 1977 1800 palatii

1240 1808 1424 1852 apostolici,
1449 1808 1700 1851 suffragantibus
1727 1809 1876 1842 omnibus
1892 1809 1979 1842 eius-

1241 1862 1313 1895 dem
1340 1861 1491 1895 auditorii
1517 1861 1695 1904 capellanis
1721 1862 1841 1895 nostris
1867 1868 1899 1895 et
1923 1874 1978 1895 au-

1241 1914 1419 1955 ditoribus,
1447 1915 1653 1958 procederet.
1675 1914 1743 1954 Qui,
1764 1915 1943 1948 rationibus
1962 1926 1979 1947 a

1241 1968 1334 2001 dictis
1359 1968 1457 2000 Paulo
1483 1973 1514 2000 et
1538 1967 1691 2011 Dionysio
1718 1968 1863 2001 adductis
1889 1968 1978 2009 moti,

1241 2022 1292 2054 die
1320 2031 1368 2054 xix
1395 2020 1583 2054 novembris
1609 2030 1733 2054 nocem
1758 2031 1850 2054 suum
1871 2027 1979 2055 votum

1241 2078 1305 2108 uua
1329 2085 1401 2108 cum
1428 2073 1595 2107 decisione
1622 2084 1679 2117 pro
1704 2074 1886 2117 aperitione
1912 2075 1976 2108 oris

1241 2134 1335 2171 atque
1368 2127 1499 2160 arbitrio
1527 2126 1744 2170 publicarunt.
1772 2127 1810 2160 Et
1830 2128 1977 2168 subinde,

1241 2181 1420 2225 nempedie
1433 2180 1977 2223 nmseptemb1·ismncc1v‚eadem

1241 2238 1334 2268 causa
1359 2234 1391 2266 in
1415 2234 1526 2266 cadem
1544 2233 1712 2275 signatura
1729 2232 1850 2276 gratiae
1868 2242 1977 2266 coram

1241 2287 1336 2320 nobis
1364 2286 1473 2318 habita
1498 2286 1605 2318 denuo
1632 2285 1822 2329 proposita,
1851 2286 1978 2319 commi-

1241 2341 1338 2373 simus
1364 2340 1468 2372 eidem
1483 2338 1733 2382 Cougregationi
1749 2339 1976 2380 cardinalium,

1241 2399 1275 2426 ut
1301 2393 1380 2436 ipsa,
1401 2392 1497 2425 etiam
1525 2393 1631 2435 quoad
1656 2392 1847 2433 nullitatem,
1868 2393 1979 2426 validi-

1242 2451 1339 2478 tatem
1372 2446 1421 2477 vel
1455 2444 1688 2478 Invaliditatem
1721 2445 1892 2489 bipartitae
1918 2451 1979 2479 sta-

1241 2499 1350 2532 bilitae
1378 2508 1436 2540 per
1469 2498 1717 2530 transactionem
1750 2509 1807 2531 seu
1838 2509 1978 2533 eoncor—

1242 2552 1325 2585 diam
1352 2562 1369 2584 a
1394 2551 1548 2594 praefatis
1583 2551 1726 2593 generali
1761 2557 1791 2584 et
1829 2551 1978 2586 definito-

1279 2615 1287 2641 1
1311 2612 1381 2641 Edit.
1403 2611 1482 2641 Maiu.
1503 2612 1569 2648 legit
1584 2616 1810 2649 procuratorum
1830 2615 1867 2649 (n.
1885 2613 1933 2648 ππ).

1982 218 2032 244 An.
2053 219 2083 246 C.
2101 219 2170 246 ¹7¹0
