2269 3203
289 245 336 273 An,

340 991 451 1011 (oni'iruial
458 991 476 1010 io

358 244 384 269 ⁴1.
411 243 477 269 liis)

524 233 587 266 805³

481 295 509 322 et
530 289 719 329 abrogatione
743 290 770 319 iu
792 290 843 319 hac
867 289 1017 319 dumtaxat
1037 293 1118 328 parte
1135 296 1222 327 supra

480 340 590 370 relatae
625 338 845 369 constitutionis
880 337 1043 367 innocentii
1065 336 1127 375 ΧΠ,
1164 341 1222 366 tam

480 389 709 428 praemissorum
747 397 832 426 quam
867 387 991 416 aliorum
1025 386 1053 415 in
1086 385 1224 425 praefatis

480 438 588 468 litteris
612 437 691 466 Pauli
711 437 744 473 V,
769 436 930 465 innocentii
954 435 989 464 xl
1022 439 1050 464 et
1084 434 1225 463 Innocen-

481 486 515 515 tii
540 486 588 515 Xll
618 485 827 524 dispositorum
854 483 1055 513 executionem
1089 482 1222 519 mandet,

482 535 596 572 deleget
618 538 646 563 et
668 533 831 563 committat
853 541 905 561 suo
922 535 950 560 et
965 530 1139 560 Pontificum
1161 539 1225 559 suc-

483 591 632 613 cessorum
666 591 718 620 pro
752 586 880 620 tempore
910 579 1049 617 auditori,
1077 579 1111 608 ad
1139 588 1226 618 quem

483 632 595 662 facilior
617 634 645 660 et
668 630 796 670 quotidie
827 633 904 668 patet
935 629 1048 664 aditus3
1073 636 1130 666 quo
1158 636 1227 656 vero

483 681 518 711 ad
541 679 709 710 earumdem
742 679 907 708 litterarum
942 676 1170 706 declarationem
1200 680 1228 705 et,

483 729 767 769 interpretationem,
786 727 904 757 mandet
919 727 989 757 stari
1006 726 1115 756 iudicio
1134 729 1162 755 et
1178 726 1228 755 de-

484 778 636 809 clarationi
660 777 788 807 ciusdem
812 776 964 813 auditoris,
990 784 1102 805 necnon
1126 774 1227 804 decani

485 836 539 867 pro
572 832 702 866 tempore
737 830 797 855 tum
831 826 999 864 signaturae
1030 824 1141 863 gratiae
1168 827 1227 852 tum

486 877 654 915 signaturae
677 875 815 910 iustitiae,
839 874 941 913 quovis
970 873 1027 903 alio
1054 881 1178 902 recursu
1202 876 1230 901 et

487 925 681 965 appellatione
700 924 816 963 penitus
839 922 975 952 sublatis.

531 983 569 1015 Et
594 982 676 1014 facta
709 981 914 1014 sanctissimo
950 979 1082 1012 domino
1117 983 1229 1011 nostro

490 1035 759 1073 declarafimmm,
784 1033 1013 1077 provisionum
1035 1038 1065 1065 et
1083 1031 1232 1064 decreto-

489 1100 560 1121 rum
586 1087 843 1131 praemissorum
872 1086 1044 1124 relatione,
1072 1085 1232 1118 Sanctitas

488 1142 551 1174 Sua
569 1151 606 1172 ea
625 1139 825 1182 approbavit,
853 1144 885 1171 ct
909 1139 948 1170 ab
974 1137 1126 1170 omnibus
1154 1137 1232 1170 iudi-

489 1194 579 1227 cibus
604 1192 852 1230 commissariis‚
878 1192 976 1231 Rota,
1004 1191 1141 1234 aliisque
1175 1191 1233 1223 tri-

487 1247 664 1280 bunalibus
683 1246 778 1279 Urbis
800 1245 932 1278 omnino
958 1244 1077 1277 servari
1103 1244 1234 1276 manda-

488 1301 546 1340 vit⁷
574 1300 735 1333 revocatis
762 1304 793 1332 et
817 1298 1000 1342 reprobatis
1023 1307 1233 1341 quocumque

493 1356 647 1393 decreto,
676 1354 770 1386 ctiam
802 1353 949 1385 eiusdem
978 1352 1094 1391 Rotae,
1119 1362 1176 1383 usu
1203 1356 1235 1384 et

490 1407 726 1440 consuetudine
746 1406 923 1446 contraria,
951 1411 982 1437 ct
1007 1405 1077 1437 aliis
1103 1404 1235 1446 quibus-

490 1471 626 1504 cumque
661 1460 692 1492 iu
726 1459 924 1492 contrarium
959 1457 1163 1490 facientibus,
1192 1457 1235 1489 Ac

492 1515 637 1558 insuper⁷
664 1513 790 1556 praevia
819 1511 1033 1554 derogatione
1054 1510 1169 1543 litteris
1187 1510 1235 1543 In-

492 1568 635 1601 nocentii
663 1567 715 1599 §111
740 1566 772 1598 in
799 1566 860 1598 hae
886 1570 977 1608 parte
1005 1569 1150 1603 tantum,
1175 1574 1234 1596 suo

492 1627 523 1653 ct
548 1620 739 1653 Pontificum
759 1628 981 1652 successorum
1008 1628 1068 1660 pro
1088 1622 1233 1660 tempore

492 1673 631 1707 auditori
672 1674 801 1706 illarum
844 1671 1069 1703 executionem
1092 1697 1098 1709 ,
1139 1675 1237 1713 prout

493 1727 588 1760 ctiam
606 1726 710 1758 cidem
727 1725 865 1757 auditori
885 1729 912 1756 ct
934 1723 1066 1756 decanis
1083 1733 1142 1766 pro
1162 1729 1237 1755 tem-

493 1790 572 1823 pore
599 1778 785 1821 signaturae
812 1777 934 1819 gratiae
960 1782 991 1808 et.
1016 1775 1158 1808 iustitiae
1185 1785 1237 1808 ea·

494 1833 643 1865 rumdcm
680 1830 986 1873 interpretationem
1023 1840 1056 1861 ac
1092 1829 1238 1862 declara-

493 1887 616 1920 tionem
637 1884 822 1928 specialiter
836 1883 998 1915 commisit
1017 1888 1045 1915 et
1064 1881 1235 1924 delegavit,

493 1938 579 1971 omni
606 1943 637 1970 et
662 1946 867 1981 quacumque
894 1935 1115 1979 appellatione
1135 1940 1163 1967 et
1189 1926 1259 1967 res¹

495 2002 589 2023 cursu
617 1990 746 2023 reiectis
772 1995 804 2022 et
828 1988 975 2029 sublatis,
998 1991 1033 2021 ea
1060 1993 1165 2020 tamen
1182 1987 1238 2020 ad-

495 2045 577 2076 iecta
603 2043 847 2082 declaratione,
874 2041 960 2085 quod
991 2041 1150 2074 Sanctitas
1175 2040 1237 2073 Sua
1258 2070 1260 2082 2

494 2108 558 2129 nou
587 2096 742 2136 intendit,
763 2106 821 2139 per
839 2094 1027 2127 huiusmodi
1049 2094 1237 2126 declaratio-

495 2161 582 2189 num,
602 2149 826 2193 provisionum
846 2153 877 2181 et
895 2148 1102 2180 decretorum
1121 2157 1237 2190 appro-

494 2204 661 2235 bationem
684 2212 741 2234 seu
769 2200 1060 2240 confirmationem,
1087 2210 1237 2243 quoquo·

495 2257 590 2289 modo
616 2255 756 2288 liberare
782 2265 836 2287 seu
864 2254 1003 2286 eximere
1029 2263 1085 2285 eos
1119 2252 1173 2296 qui
1206 2252 1235 2284 in

497 2311 607 2352 aliquo
643 2308 905 2340 contrafecerunt
940 2317 995 2339 seu
1028 2311 1238 2339 conti-mene-

497 2368 573 2394 runt
597 2361 763 2404 dispositis
789 2360 819 2392 in
847 2359 1078 2392 reformatione
1105 2358 1191 2391 Pauli
1215 2357 1237 2389 V

498 2420 526 2446 et
559 2413 746 2446 memoratis
777 2423 909 2445 suorum
943 2411 1237 2454 praedecessorum

497 2468 627 2507 litteris,
655 2477 670 2498 a
698 2466 902 2498 restitutione
929 2474 1080 2503 summae,
1108 2464 1131 2495 si
1158 2463 1236 2506 qua¹

498 2521 537 2553 ab
555 2520 618 2553 illis
639 2520 720 2552 foret,
737 2518 882 2550 indebite
902 2520 1021 2558 cvncta,
1038 2527 1096 2549 nec
1115 2517 1154 2548 ab
1175 2516 1238 2549 illis

538 2638 543 2663 1
569 2633 629 2662 Edit
660 2633 738 2662 Malu.
761 2632 826 2669 legit
845 2631 870 2660 ei
889 2639 963 2668 φατε
983 2632 1022 2667 (a.
1039 2631 1088 2666 T.).

1073 239 1250 263 EULLAltttJM
1277 237 1430 262 nmmxrn

2014 233 2061 259 An.
2079 233 2108 259 C.
2131 233 2197 260 1715

1268 286 1382 330 poenis
1407 296 1466 330 per
1492 295 1547 319 eos
1574 282 1825 328 quomodolibet
1852 282 2003 315 incursis.

1268 340 1378 373 Datum
1405 340 1466 372 hac
1492 338 1542 371 die
1567 342 1634 371 x‘xn
1660 336 1739 369 iunii
1765 345 1904 370 unccxv.

1312 392 1457 425 Paosi‘ssn
1476 391 1648 435 episcopus
1665 389 1859 434 Cyrenensis
1875 387 2008 421 sanctis-

1269 445 1337 478 simi
1364 445 1484 478 domini
1511 444 1614 477 nostri
1639 443 1779 476 auditor.

1306 507 1365 533 Dat.
1384 508 1430 533 die
1451 507 1483 533 2⁴2
1504 506 1568 532 iunii
1595 505 1670 537 1715,
1693 504 1792 540 pontif.
1816 512 1887 531 anuo
1907 510 1951 530 xv.

1288 578 1406 608 Nomina
1427 583 1514 607 autem
1538 587 1642 615 eorum,
1666 578 1713 616 qui
1732 576 1890 615 praedictae
1914 574 1983 604 Con-

1357 627 1508 665 gregjatlont'
1527 627 1724 664 interfuerunt,
1748 629 1811 653 sunt
1833 624 1916 654 haec:

1311 693 1345 722 a.
1370 693 1402 722 P.
1428 692 1458 721 D.
1482 691 1683 721 Ferdinandus
1705 690 1843 728 Nuntius,
1866 690 2012 729 archiepi-

1272 750 1377 780 scopus
1399 741 1555 778 Nicaenus,
1579 749 1679 770 sacrae
1696 739 1936 778 Congregationis
1951 738 2013 778 epi-

1272 799 1428 829 scoporum
1451 794 1479 819 et
1501 789 1680 827 regularium
1703 789 1890 818 secretarius,

1313 838 1348 868 it.
1366 837 1399 868 P.
1416 838 1448 868 D.
1468 837 1640 867 Vincentius
1662 837 1759 874 Petra,
1776 837 2013 876 archiepiscopus

1273 888 1486 923 Damascenus,
1511 895 1610 916 sacrae
1632 886 1870 924 Congregationis
1891 885 2012 916 Concilii

1273 935 1460 965 secretarius.

1313 984 1349 1014 R.
1374 983 1404 1013 P.
1426 983 1458 1013 D.
1483 982 1591 1013 Silvius
1612 982 1647 1012 de
1670 982 1841 1021 Cavaleriis,
1872 981 2015 1021 archiepi-

1274 1042 1379 1072 scopus
1397 1032 1591 1069 Athenarum,
1609 1040 1709 1061 sacrae
1725 1031 1964 1069 Congregationis
1980 1031 2015 1060 de

1274 1081 1466 1120 propaganda
1489 1080 1558 1110 Fide
1581 1079 1770 1110 secretarius.

1314 1131 1349 1161 R.
1374 1130 1404 1160 P.
1427 1130 1460 1160 D.
1485 1130 1609 1169 Prosper
1638 1129 1827 1167 Marefuscus,
1862 1128 2016 1168 episcopus

1276 1179 1463 1220 Cyrenensis,
1475 1178 1773 1209 sanctissimidomini
1783 1178 1876 1208 nostri
1889 1178 2015 1208 auditor.

1316 1229 1350 1259 P..
1376 1229 1406 1258 P.
1427 1228 1460 1257 D.
1484 1227 1657 1258 Fattinellus
1681 1227 1715 1257 de
1737 1226 1912 1265 Fattinellis,
1935 1235 2019 1256 reve-

1276 1278 1382 1308 rendae
1405 1277 1541 1307 Gamerae
1562 1276 1746 1316 Apostolicae
1769 1276 1906 1306 clericus.

1317 1327 1352 1356 R.
1368 1326 1399 1355 P.
1414 1326 1442 1355 D.
1457 1326 1582 1364 Prosper
1594 1325 1629 1354 de
1646 1324 1850 1360 Lambertinis,
1863 1324 2018 1363 utriusque

1278 1376 1446 1413 signaturae
1469 1374 1697 1410 referendarius,
1721 1378 1749 1403 et
1771 1377 1921 1411 promotor
1937 1372 2016 1402 fidei.

1318 1425 1353 1454 R.
1375 1424 1406 1453 Ρ.
1428 1424 1459 1453 D.
1484 1423 1595 1461 Gaspar
1610 1422 1754 1458 Turchus,
1776 1421 1953 1451 reverendae
1969 1421 2020 1451 Ca-

1278 1482 1375 1502 merac
1398 1471 1581 1511 Apostolicae
1604 1471 1823 1500 commissarius
1845 1469 2002 1508 generalis.

1478 1518 1633 1548 SALvATon
1656 1517 1865 1552 Parimozzu's,
1887 1516 1921 1546 A.
1946 1515 1976 1546 C.

1432 1570 1457 1595 et
1484 1565 1558 1594 sacri
1582 1563 1680 1603 palatii
1704 1562 1856 1603 apostolici
1878 1563 2021 1593 notarius.

1569 1710 1722 1744 CCXXlll.

1282 1788 1502 1830 Confirmatio*
1527 1789 1686 1820 decretum
1702 1788 1849 1830 nmqistri
1860 1787 2024 1830 yeneralis

1327 1840 1460 1874 Ordinis
1485 1841 1754 1874 Praedicatoram
1771 1850 1829 1884 pro
1847 1839 2024 1872 abolitione

1325 1894 1540 1926 alternatione
1567 1893 1601 1926 in
1630 1893 1781 1926 electione
1809 1893 2025 1936 provincialis

1323 1947 1510 1990 provinciae
1545 1946 1574 1979 S.
1615 1946 1775 1978 Antonini
1817 1945 1893 1977 nori
1932 1944 2026 1987 requi

1329 2000 1542 2033 (Iromztcnsis
1567 1998 1588 2032 ¹.

1494 2079 1630 2106 Clemens
1653 2079 1732 2112 Papa
1753 2079 1808 2109 xl,

1424 2126 1460 2152 ad
1480 2125 1614 2151 futuram
1635 2124 1679 2150 rei
1701 2124 1886 2150 memoriam.

1315 2197 1372 2240 gl.
1387 2195 1511 2240 Exponi
1528 2195 1619 2228 nobis
1633 2204 1738 2237 nuper
1752 2194 1899 2226 fecerunt
1913 2192 2022 2225 dilecti
2033 2197 2220 2246 aiiissfiiifafflss

1283 2250 1346 2283 filii·
1364 2250 1497 2282 loannes
1523 2249 1561 2282 de
1587 2248 1703 2287 Olarte‚
1726 2246 1878 2279 definitor
1902 2251 1933 2279 et
1950 2253 2221 2299 pro-ffiffifgisssqffig

1282 2308 1413 2335 curator
1434 2311 1559 2334 necnon
1579 2301 1691 2333 fratres
1709 2298 1894 2342 provinciae
1910 2298 1942 2332 S.
1962 2299 2221 2352 ,Λη-ξίὶὲῖῖῐδιιῑῃζξὲῑί-

1284 2355 1386 2387 tonini
1414 2354 1487 2387 novi
1515 2354 1607 2396 regni
1633 2352 1842 2385 Granatensis
1867 2352 1898 2384 in
1923 2351 2023 2385 Indiis

1320 2453 1326 2477 1
1343 2452 1434 2477 Consi.
1448 2450 1491 2477 ed.
1504 2455 1624 2480 moccxu,
1635 2449 1678 2475 die
1690 2449 1705 2475 ἱ).
1718 2449 1784 2482 iulii,
1797 2448 1891 2483 pontif.
1904 2454 1952 2481 κη,
1964 2456 2026 2475 con-

1281 2503 1389 2523 cessum
1409 2495 1457 2521 fnit
1478 2494 1635 2528 suffragium
1656 2493 1768 2528 singulis
1787 2493 1923 2528 prioribus
1939 2492 2025 2519 dictae

1283 2539 1444 2575 provinciam
1457 2538 1639 2565 etlnnocentii
1650 2538 1720 2572 xm,
1734 2541 1822 2564 const.
1835 2538 1878 2564 ed.
1889 2543 2023 2571 atnccxxn,

1281 2586 1325 2610 die
1346 2585 1379 2610 24
1399 2583 1501 2618 aprilis,
1514 2583 1608 2618 pontif.
1623 2590 1640 2615 1,
1654 2581 1842 2608 conceduntur
1853 2586 1913 2608 octo
1924 2579 2024 2616 gradus

1283 2628 1428 2665 magisterii
1449 2635 1497 2663 pro
1518 2627 1654 2662 provincia
1674 2625 1820 2653 Mexiranfi.
