2269 3203
245 223 293 249 An.
314 223 340 249 C,
364 222 429 249 1715

269 2243 348 2265 Sarrae
373 2243 426 2264 Con·

242 2271 370 2295 aregattonis
390 2272 426 2291 dc·

242 2300 331 2318 crffluuh

473 212 540 246 70⁶2

437 270 560 313 ubique
589 271 738 304 locorum
772 275 836 304 tam
868 270 901 303 in
930 271 1050 304 iudicio
1082 281 1178 313 quam

439 330 529 357 extra
561 325 641 357 illud
674 325 852 364 habeatur,
883 336 965 367 quae
1001 325 1178 357 haberetur

437 376 515 419 ipsis
534 378 759 420 praesentibus
777 377 802 410 si
822 378 928 410 forent
945 376 1109 410 exhibitae
1128 377 1178 409 vel

437 435 601 463 ostensae.

481 483 593 516 Datum
620 484 650 516 in
670 484 750 516 Arce
768 483 963 526 Gandulplii,
984 482 1177 516 Albanensis

437 537 612 577 dioecesis,
650 538 710 570 sub
736 538 857 570 annulo
898 535 1090 575 piscatoris,
1125 535 1177 568 die

435 599 506 622 xxvi
532 590 673 623 octobris
702 599 849 629 nnecxv,
878 587 1088 632 pontificatus
1121 598 1179 621 no—

436 643 493 675 stri
518 654 603 676 anno
628 653 677 676 xv.

471 705 528 732 Dat.
547 705 592 732 die
609 704 644 732 26
658 704 778 732 octobris
797 706 874 739 ¹715,
894 704 995 740 pontif.
1012 712 1085 732 anno
1104 710 1149 731 xv.

734 846 874 880 CCXXV.

435 927 658 969 Confirmatio·
676 921 679 925 ’
701 926 863 960 decretum
910 925 1177 969 Conqreqationis

478 981 702 1024 episcoporum
720 984 748 1012 et
768 980 973 1023 regyularium
995 989 1059 1022 quo
1084 978 1177 1011 dene-

476 1038 578 1076 yatur
601 1034 765 1077 separatio
790 1034 932 1076 quinque
952 1032 1175 1064 coenobiorum

477 1097 495 1118 ιι
519 1086 690 1129 ῃνουῐηεῖιῐ
708 1086 898 1129 Araqom'ae
917 1086 1062 1128 fratrum
1081 1084 1176 1119 Ordi-

477 1140 530 1172 πίε
550 1139 587 1172 Β.
608 1139 654 1172 Μ.
682 1139 719 1172 de
744 1139 887 1173 Mercede
904 1138 923 1171 ¹.

654 1219 788 1246 Clemens
809 1220 887 1253 Papa
908 1219 956 1251 xl,

565 1266 600 1290 ad
630 1264 766 1291 futuram
796 1264 843 1290 rei
871 1263 1058 1290 memoriam.

479 1335 494 1378 g
511 1335 543 1368 1.
566 1335 734 1368 Emanavit
751 1345 857 1378 nuper
878 1346 895 1368 a
912 1334 1175 1377 Congregatione

435 1388 673 1422 venerabilium
692 1388 825 1421 fratrum
844 1393 1027 1421 nostrorum
1045 1388 1076 1421 S.
1090 1387 1173 1420 ΗΕ.

435 1441 650 1474 cardinalium
675 1441 816 1483 negotiis
834 1446 866 1474 et
882 1440 1175 1474 consultationibus

436 1495 666 1538 episcoporum
693 1500 724 1527 et
748 1494 948 1536 regularium
974 1493 1175 1536 praeposita,

435 1547 469 1580 in
503 1549 599 1580 causa
632 1547 828 1580 dilectorum
864 1546 1006 1580 filiorum
1041 1547 1175 1579 fratrum

435 1600 566 1633 Ordinis
600 1600 633 1632 B.
667 1600 783 1632 Mariae
809 1600 848 1633 de
875 1600 1023 1633 Mercede
1049 1600 1176 1632 redem-

436 1653 559 1696 ptionis
585 1654 797 1697 captivorum,
825 1653 1018 1686 instantibus
1044 1653 1177 1695 religio-

436 1707 479 1739 sis
506 1707 651 1749 quinque
682 1711 902 1739 conventuum
935 1706 1026 1748 regni
1060 1705 1177 1738 Navar-

436 1770 491 1792 rae
517 1760 594 1793 dicti
620 1759 749 1793 Ordinis
781 1770 840 1803 pro
874 1760 976 1802 gratia
1001 1759 1176 1802 separatio-

435 1812 486 1845 nis
506 1818 538 1846 et
568 1812 863 1847 dismembrationis
894 1813 1054 1846 dictorum
1083 1812 1176 1856 quin-

436 1876 498 1909 que
519 1871 736 1899 conventuum
762 1878 779 1900 a
804 1866 969 1909 provincia
994 1866 1176 1909 Aragoniae

436 1919 584 1952 eiusdem
619 1919 749 1952 Ordinis
788 1929 965 1962 eorumque
1001 1919 1176 1953 erectionis

434 1972 468 2004 in
501 1972 730 2015 particularem
772 1979 952 2016 separatam
987 1983 1023 2005 ac
1061 1983 1175 2006 novam

435 2024 633 2067 provinciam
652 2035 710 2069 pro
731 2030 876 2068 tempore
901 2025 1052 2059 existenti
1076 2026 1176 2069 magi-

435 2084 504 2111 stro
531 2079 675 2121 generali
700 2078 829 2112 Ordinis
855 2079 1044 2112 huiusmodi
1070 2079 1177 2112 subie-

436 2135 540 2170 ctam,
574 2132 739 2165 decretum
775 2132 896 2165 tenoris
931 2133 985 2176 qui
1012 2133 1175 2176 sequitur,

436 2183 607 2217 videlicet:

476 2245 507 2275 ln
530 2247 620 2276 causa
652 2247 776 2277 fratrum
804 2247 923 2278 Ordinis
946 2247 1047 2278 beatae
1069 2247 1176 2278 Mariae

437 2295 472 2325 de
498 2294 627 2325 Mercede
642 2318 649 2332 ,
674 2296 850 2327 instantibus
880 2297 1025 2335 religiosis
1048 2297 1177 2337 quinque

474 2397 482 2422 1
508 2395 598 2423 Const.
616 2396 679 2425 edit.
697 2404 798 2429 MDCCH.
815 2397 857 2424 dle
869 2397 904 2424 ‘29
919 2397 1018 2430 martii,
1035 2397 1129 2432 pontif.
1147 2404 1175 2431 11,

437 2440 624 2468 confirmatum
645 2440 697 2467 fuit
715 2441 853 2468 decretum
873 2441 1017 2468 cardinalis
1039 2444 1176 2476 protecto-

436 2486 474 2512 ris
495 2493 543 2521 pro
563 2485 754 2512 reformatione
770 2485 991 2512 constitutionum
1005 2494 1011 2515 ;
1029 2489 1056 2512 et
1070 2486 1176 2512 constit.

437 2530 502 2557 edit.
520 2536 646 2561 ixtnccxlx,
664 2529 707 2557 die
722 2530 738 2555 6
757 2529 918 2563 decembris,
935 2529 1030 2564 pontif.
1051 2537 1095 2563 xx,
1113 2538 1179 2557 con-

437 2576 560 2602 firmatur
579 2575 717 2601 decretum
737 2583 819 2609 super
837 2574 933 2601 habitu
957 2574 1068 2601 fratrum
1091 2574 1178 2602 Dona-

438 2623 526 2648 torum
545 2618 766 2655 Congregationis
785 2618 939 2655 Hispaniae.

1018 222 1196 246 BULLARIUM
1223 221 1377 247 ROMANUM

1964 222 2015 248 An.
2037 223 2066 249 C.
2086 223 2154 251 1715

1220 275 1416 301 conventuum
1448 271 1531 309 regni
1560 270 1704 301 Navarrae
1727 279 1778 309 pro
1800 270 1896 309 gratia
1917 279 1961 301 se·
2120 263 2122 265 ’

1222 319 1382 357 parationis
1395 325 1423 350 et
1438 319 1705 349 dismembrationis
1717 318 1862 349 dictorum
1875 319 1960 358 quin-

1220 377 1276 406 que
1294 373 1489 398 conventuum
1512 378 1527 397 a
1551 368 1697 407 provincia
1721 367 1895 405 Aragoniae‚
1913 376 1961 397 eo-

1221 425 1343 456 rumque
1370 417 1525 447 erectionis
1551 417 1580 446 in
1612 416 1817 455 particularem
1845 425 1961 454 separa-

1221 468 1278 494 tam
1310 474 1343 495 ac
1373 475 1476 495 novam
1510 465 1690 504 provinciam
1725 463 1800 503 patri
1830 463 1960 502 generali

1220 512 1338 543 Ordinis
1368 514 1505 543 existenti
1538 523 1590 553 pro
1623 518 1753 552 tempore
1775 511 1959 549 subiectam,

1220 571 1299 591 sacra
1326 562 1518 601 Congregatio
1540 561 1842 592 eminentissimorum
1866 564 1894 590 et
1916 570 1961 590 re-

1221 611 1496 640 verendissimorum
1523 611 1552 641 S.
1577 612 1611 640 lt.
1634 611 1666 640 Ε.
1691 609 1883 640 cardinalium
1910 618 1960 639 ne-

1218 659 1305 697 gotiis
1320 664 1348 689 et
1362 660 1625 690 consultationibus
1648 659 1851 698 episcoporum
1870 663 1899 688 et
1915 668 1959 688 re-

1219 709 1366 746 gularium
1390 709 1566 748 praeposita,
1590 710 1702 738 attenta
1724 708 1866 738 relatione
1889 708 1961 737 emi-

1219 757 1385 787 nentissimi
1407 757 1545 788 Ottoboni
1579 757 1709 787 eiusdem
1732 756 1850 787 Ordinis
1883 756 1958 796 apud

1218 805 1352 836 Sanctam
1374 806 1476 836 Sedem
1501 806 1688 845 protectoris,
1706 810 1734 835 et
1755 805 1855 835 audito
1878 809 1961 844 patre

1219 858 1409 894 procuratore
1441 854 1593 893 generali,
1619 855 1761 884 referente
1789 853 1961 884 eminentis-

1218 903 1293 934 simo
1316 903 1494 933 Paraceiano
1509 926 1516 939 ‚
1540 903 1653 932 distulit
1675 903 1884 932 resolutionem
1901 927 1908 940 ,
1933 907 1960 932 et

1218 952 1331 981 censuit
1353 951 1569 991 exquirendum
1603 955 1700 980 totum
1730 951 1849 990 capituli
1873 960 1959 989 gene-

1219 1000 1299 1030 ralis.
1325 1001 1442 1033 Romae,
1469 1009 1493 1029 ri
1516 999 1689 1039 septembris
1705 1008 1803 1029 nccix.

1248 1049 1355 1079 lterum
1370 1048 1520 1088 proposita
1532 1050 1630 1083 causa,
1643 1052 1671 1077 et
1686 1048 1745 1078 viso
1759 1052 1823 1078 voto
1836 1047 1959 1088 capituli

1218 1098 1380 1136 generalis,
1411 1107 1524 1127 necnon
1548 1097 1699 1136 perpensis
1722 1096 1886 1126 rationibus
1908 1106 1960 1136 per

1218 1151 1372 1186 utramque
1396 1150 1508 1186 partem
1531 1145 1736 1176 informantem
1753 1145 1898 1183 deductis,
1916 1155 1962 1176 re-

1218 1196 1329 1225 ferente
1345 1195 1578 1225 eminentissimo
1595 1195 1715 1225 Corsino
1731 1194 1761 1224 in
1777 1194 1874 1224 locum
1889 1194 1961 1224 emi-

1218 1243 1386 1274 nentissimi
1405 1243 1576 1273 Paracciani
1598 1243 1732 1280 suffecto,
1756 1252 1837 1272 sacra
1859 1243 1960 1273 eadem

1217 1292 1410 1331 Congregatio
1443 1292 1593 1331 rescripsit
1616 1292 1768 1330 negative,
1792 1295 1821 1321 et
1843 1301 1959 1321 causam

1218 1341 1385 1372 huiusmodi
1408 1341 1534 1380 amplius
1560 1351 1619 1371 non
1649 1341 1772 1380 proponi
1800 1340 1958 1371 mandavit.

1219 1391 1336 1424 Romae,
1353 1399 1420 1419 xxix
1442 1389 1609 1420 novembris
1624 1398 1752 1419 ninccxv.
1766 1406 1802 1412 —-
1818 1389 1849 1419 F.
1867 1388 1960 1419 cardi-

1218 1439 1293 1469 nalis
1316 1448 1352 1469 ne
1372 1439 1485 1469 Aenea.
1505 1455 1530 1460 -—
1552 1438 1582 1468 1³.
1599 1438 1837 1478 archiepiscopus
1859 1437 1961 1468 Nicae-

1218 1497 1289 1523 nuS‚
1314 1486 1502 1517 secretarius.

2021 1556 2156 1578 confirm-auo

1263 1550 1321 1593 §2
1339 1550 1418 1583 Cum
1435 1555 1555 1588 autem,
1576 1549 1658 1582 sicut
1683 1559 1741 1592 pro
1768 1554 1858 1591 parte
1884 1548 2033 1604 dile-remi
2048 1583 2128 1605 dmm

1219 1604 1261 1637 cti
1288 1604 1383 1636 etiam
1409 1602 1467 1635 filii
1493 1601 1640 1644 magistri
1658 1602 1821 1635 Francisci
1842 1601 1960 1635 Mariae

1218 1655 1331 1695 Biclii,
1359 1655 1470 1688 vicarii
1497 1659 1528 1687 et
1552 1654 1672 1697 prioris
1697 1654 1858 1696 generalis
1884 1654 1960 1688 dicti

1218 1709 1360 1748 Ordinis,
1386 1708 1480 1741 nobis
1506 1708 1646 1741 subinde
1671 1708 1852 1752 expositum
1879 1708 1958 1746 fuit,

1219 1763 1287 1806 ipse
1313 1763 1478 1795 decretum
1510 1761 1718 1802 huiusmodi,
1749 1772 1812 1805 quo
1839 1760 1960 1794 firmius

1219 1815 1374 1848 subsistat
1406 1821 1438 1848 et
1463 1820 1608 1848 servetur
1644 1815 1806 1856 exactius,
1832 1820 1962 1859 aposto·

1219 1869 1300 1902 licae
1327 1868 1583 1901 confirmationis
1613 1872 1741 1901 nostrae
1774 1867 1959 1912 patrocinio

1219 1921 1412 1955 communiri
1447 1921 1626 1965 plurimum
1663 1921 1848 1955 desideret:
1880 1931 1961 1961 nos,

1219 1974 1324 2018 ipsun]
1351 1974 1555 2008 Franciscum
1588 1974 1718 2007 Mariam
1743 1974 1899 2008 vicarium
1931 1979 1963 2007 et

1219 2033 1468 2072 procuratorem
1492 2028 1680 2071 generalem
1706 2027 1901 2070 specialibus
1919 2027 1964 2060 fa-

1219 2082 1350 2114 voribus
1377 2087 1408 2114 et
1433 2081 1543 2124 gratiis
1567 2081 1724 2124 prosequi
1751 2081 1906 2120 volenteS,
1929 2085 1962 2113 et

1219 2145 1236 2167 a
1254 2134 1420 2177 quibusvis
1444 2133 1798 2173 exconnnunicationis,
1824 2143 1962 2176 snspen-

1219 2187 1320 2220 sionis
1335 2192 1367 2220 et
1384 2186 1562 2226 interdicti,
1578 2186 1715 2229 aliisque
1733 2184 1961 2218 ecclesiasticis

1220 2240 1402 2280 sententiis,
1424 2239 1568 2272 censuris
1587 2243 1617 2271 et
1634 2238 1764 2282 poenis,
1783 2248 1800 2270 a
1821 2238 1890 2271 iure
1910 2239 1960 2271 vel

1219 2295 1258 2326 ab
1285 2293 1439 2332 homine,
1462 2292 1573 2335 quavis
1595 2292 1765 2324 occasione
1790 2292 1839 2324 vel
1865 2294 1962 2324 causa

1218 2346 1303 2386 latis,
1324 2346 1348 2378 si
1375 2345 1492 2389 quibus
1517 2343 1763 2387 quomodolibet
1788 2344 1961 2377 innodatus

1220 2398 1339 2438 existit,
1360 2398 1398 2430 ad
1421 2397 1568 2430 effectum
1593 2397 1811 2440 praesentium
1833 2398 1960 2431 dumta-

1219 2456 1273 2484 xat
1297 2450 1574 2494 consequendum,
1602 2450 1719 2483 harum
1744 2451 1828 2484 serie
1854 2452 1960 2484 absol-

1219 2509 1329 2537 ventes
1348 2509 1379 2536 et
1399 2503 1670 2538 absolutum-fore
1686 2509 1868 2545 censentes,
1887 2514 1962 2547 sup-

1220 2556 1451 2600 plicationibus
1488 2556 1555 2589 eius
1585 2556 1717 2589 nomine
1743 2557 1838 2590 nobis
1862 2566 1961 2599 super

1223 2611 1283 2645 lioc
1314 2610 1482 2644 humiliter
1517 2609 1674 2653 porrectis
1712 2609 1878 2652 inclinati,
1905 2610 1960 2645 de·
