2269 3203
107 209 158 238 An.
174 199 213 238 c(
227 209 295 237 νιος)

161 1016 297 1038 Confirmatio

111 1044 175 1066 relati
189 1045 280 1065 docreu.

151 2346 268 2368 clausulae.

938 205 1080 230 CLEMENS
1103 205 1137 229 XI
1161 206 1210 229 PP.

302 262 476 300 procurator
499 260 646 298 generalis
673 260 756 297 pater
783 259 911 286 Ioannes
934 257 1044 285 Dama-

302 320 406 340 seenus
418 310 556 339 Mesnard
569 309 742 338 recollectus
755 307 924 345 provinciae
935 307 963 334 S.
974 306 1043 334 Dio-

303 360 399 397 nysii,
423 360 505 388 euius
527 358 657 387 officium
679 367 716 386 ex
742 366 821 385 nunc
853 355 994 393 incipiat,
1017 357 1045 382 et

303 408 478 436 duraturum
502 407 541 436 sit
565 415 657 444 usque
687 405 723 434 ad
751 405 840 433 aliam
869 404 1043 433 electionem

302 456 468 486 faciendam
490 466 528 485 ex
549 454 661 484 familia
682 454 936 483 Discalceatorum
952 453 982 481 in
998 461 1045 480 ea—

302 505 396 543 pitulo
418 505 551 543 generali
583 503 653 533 anni
681 513 811 532 muccxn.
834 503 873 531 Et
894 502 963 539 quia
984 501 1046 539 ipse

302 556 387 592 pater
408 554 546 583 Mesnard
568 556 611 582 est
626 554 732 582 absens
748 556 833 582 extra
850 552 979 588 Italiam,
996 551 1045 579 do-

303 612 358 632 nec
379 603 417 632 ad
438 603 547 632 Urbem
569 602 695 638 venerit,
712 602 774 630 eius
797 604 897 640 partes
921 602 950 628 ct
971 600 1047 629 vices

302 653 426 692 impleut
445 655 531 691 pater
550 652 682 681 Isidorus
714 661 732 680 a
754 652 830 685 Iesu,
854 650 1047 679 discalceatus

302 702 473 740 provinciae
494 701 522 730 S.
538 701 656 739 Iosephi
671 700 702 729 in
717 700 855 729 Castella.
871 697 1048 727 Huiusmodi

303 751 504 789 procuratoris
534 759 642 778 munus
673 749 711 778 sit
731 749 761 777 in
794 748 929 778 omnibus
954 747 1048 775 simile

303 799 419 829 muneri
434 799 633 838 procuratoris
646 798 794 837 generalis
811 797 1048 826 Reformatorum

304 848 508 878 cismontanae
528 847 669 885 familiae,
688 856 754 876 cum
776 846 880 875 iisdem
903 845 1050 874 facultati-

304 898 359 927 bus
380 899 410 926 et
430 897 647 936 praerogativis
668 896 909 934 quibuscumque.
929 895 1050 931 Romae,

306 949 361 976 etc.
378 946 414 975 G.
430 946 590 976 cardinalis
606 945 786 975 Csarmuus.
801 945 896 974 Locus
917 945 935 981 †
947 944 1049 980 siqilli.

351 1003 366 1047 ἓ
390 1003 422 1036 ⁶2.
449 1003 527 1036 Cum
554 1008 673 1043 autem,
700 1003 785 1035 sicut
809 1013 867 1046 pro
885 1006 977 1045 parte
996 1011 1051 1033 eo-

309 1057 457 1090 rumdem
485 1058 618 1089 fratrum
636 1056 731 1089 nobis
748 1066 854 1099 nuper
869 1054 1049 1098 expositum

309 1110 378 1152 suit,
403 1110 466 1154 ipsi
491 1111 659 1144 decretum
687 1109 882 1147 lmiusmodi,
908 1119 971 1151 quo
998 1109 1049 1140 tir-

309 1165 393 1198 mius
417 1165 572 1197 subsistat
598 1169 629 1197 et
653 1169 801 1197 servetur
827 1163 981 1197 exactius,
1013 1174 1051 1194 a-

309 1219 490 1262 postolicae
516 1217 775 1251 confirmationis
792 1222 922 1249 nostrae
948 1221 1052 1258 patro-

309 1271 396 1305 cinio
421 1270 617 1305 communiri
643 1271 821 1313 plurimum
840 1269 1049 1302 desiderent:

309 1335 381 1366 nos,
398 1325 564 1368 praefatos
582 1329 784 1367 exponentes
797 1323 995 1366 specialibus
1010 1323 1052 1354 t'a-

310 1379 443 1413 voribus
468 1385 499 1412 et
523 1379 636 1422 gratiis
660 1377 814 1422 prosequi
835 1378 995 1416 volentes,
1023 1381 1054 1409 et

310 1443 422 1466 eorum
455 1432 638 1475 singulares
662 1441 818 1474 personas
847 1441 864 1463 a
889 1429 1053 1472 quibusvis

311 1485 664 1525 excommunicationis,
693 1483 919 1528 suspensionis
945 1489 977 1516 et
1007 1483 1054 1515 in-

312 1539 448 1582 terdicti,
464 1538 599 1582 aliisque
618 1538 849 1572 ecclesiasticis
867 1536 1051 1577 sententiis,

313 1593 461 1626 censuris
482 1598 513 1625 et
531 1592 654 1635 poenis,
669 1602 686 1624 a
700 1591 771 1624 iure
786 1592 835 1624 vel
854 1592 892 1623 ab
910 1591 1052 1630 homine,

314 1646 425 1689 quavis
451 1645 624 1678 occasione
643 1646 693 1678 vel
720 1647 814 1677 causa
832 1645 913 1684 latis,
936 1644 960 1677 si
987 1645 1055 1688 qui-

312 1700 373 1732 bus
399 1698 649 1742 quomodolibet
680 1698 858 1731 innodatae
893 1698 1054 1737 existunt,

314 1753 353 1786 ad
372 1752 523 1785 effectum
540 1751 761 1795 praesentium
784 1752 949 1784 dumtaxat
977 1762 1055 1784 con-

314 1805 528 1850 sequendum,
552 1806 668 1838 harum
695 1805 777 1837 serie
804 1805 1010 1838 absolventes
1025 1810 1057 1837 ct

314 1859 478 1892 absolutas
512 1859 579 1891 sore
605 1864 788 1899 censentes,
809 1858 1057 1901 supplicationi-

313 1913 375 1946 bus
401 1923 513 1946 eorum
534 1912 667 1945 nomine
688 1911 783 1944 nobis
801 1921 899 1953 super
916 1912 979 1944 hoc
998 1912 1058 1943 liu-

314 1966 435 2000 militer
449 1965 609 2009 porrectis
623 1965 779 2003 inclinati,
794 1965 959 1998 decretum
970 1975 1057 2008 prae-

314 2020 488 2059 insertum,
511 2019 700 2051 auctoritate
719 2018 917 2061 apostolica,
945 2023 1057 2051 tenore

315 2073 550 2117 praesentium,
577 2071 806 2105 confirmamus
843 2076 875 2103 ct
901 2072 1058 2115 approba·

315 2137 396 2166 mus,
415 2125 528 2169 illique
553 2125 755 2158 inviolabilis
781 2125 979 2168 apostolicae
1006 2124 1058 2157 sir-

314 2179 436 2213 mitatis
468 2180 571 2212 robur
602 2178 794 2219 adiicimus3
830 2179 917 2211 salva
951 2183 1058 2211 tamen

315 2243 444 2277 semper
469 2232 501 2265 in
522 2232 709 2276 praemissis
725 2232 919 2265 auctoritate
940 2242 1059 2265 memo-

315 2290 406 2320 ratae
431 2285 701 2330 Congregationis
728 2286 956 2319 cardinalium.

360 2341 375 2384 ἓ
399 2340 428 2374 3.
454 2341 687 2381 Decernentes,
709 2340 840 2373 easdem
864 2344 1058 2383 praesentes

315 2393 437 2427 litteras
464 2405 595 2437 semper
626 2394 745 2434 firmas,
779 2393 902 2427 validas
936 2399 969 2427 et
993 2393 1059 2426 essi-

316 2457 408 2479 caces
433 2448 574 2481 existere
592 2452 624 2480 et
641 2447 719 2487 sore,
739 2458 880 2490 suosque
891 2446 1058 2490 plenarios

316 2504 348 2532 et
372 2499 515 2542 integros
547 2500 678 2533 effectus
703 2501 812 2534 sortiri
839 2505 871 2533 et
895 2499 1056 2539 obtinere,

316 2562 352 2586 ac
375 2552 453 2593 illiS,
475 2553 514 2585 ad
534 2563 618 2596 quos
643 2559 770 2597 spectat
783 2559 814 2587 et
831 2564 890 2597 pro
910 2558 1057 2596 tempore

316 2604 491 2650 spectabit,
529 2606 719 2649 plenissime
751 2606 934 2650 suffragari,
962 2612 993 2639 et
1018 2606 1058 2639 ab

1729 195 1792 229 2⁶27
1839 204 1889 231 An.
1911 204 2024 231 01705

1089 255 1134 288 eis
1159 254 1338 299 respective
1373 254 1607 288 inviolabiliter
1646 254 1826 295 observari,

1088 309 1200 352 sicque
1227 309 1258 340 in
1290 308 1482 351 praemissis
1515 319 1576 351 per
1608 319 1829 351 quoscumque

1088 362 1212 396 iudices
1239 362 1422 395 ordinarios
1456 368 1487 395 ct
1516 362 1706 404 delegatos,
1735 362 1831 394 etiam

1089 426 1259 448 causarum
1274 416 1386 459 palatii
1405 416 1577 459 apostolici
1595 415 1771 453 auditores,
1790 415 1832 446 iu-

1091 469 1190 502 dicari
1217 475 1249 502 et
1275 468 1403 502 deliniri
1430 469 1560 509 debere,
1587 480 1623 501 ac
1648 468 1777 500 irritum
1803 472 1834 499 et

1090 523 1186 555 inane
1213 523 1239 555 si
1262 534 1356 556 secus
1387 534 1486 566 super
1516 523 1566 555 liis
1601 534 1617 555 a
1648 532 1832 565 quoquam,

1091 576 1201 619 quavis
1226 577 1426 616 auctoritate,
1446 576 1589 609 scienter
1605 577 1654 608 vel
1673 575 1830 618 ignoran-

1093 634 1152 670 ter,
1169 630 1346 673 contigerit
1371 630 1536 663 attentari.

1136 683 1150 727 ἓ
1174 683 1206 716 4.
1234 683 1305 717 Non
1324 683 1529 717 obstantibus
1544 683 1835 717 constitutionilms

1092 743 1124 771 et
1153 737 1415 771 ordinationibus
1440 738 1644 781 apostolicis,
1661 748 1706 778 ac,
1729 742 1836 780 quate-

1092 803 1153 825 nus
1171 803 1250 836 opus
1268 792 1316 832 sit,
1344 792 1594 836 provinciarum,
1616 796 1834 824 conventuum

1093 851 1126 879 et
1141 845 1270 879 Ordinis
1283 846 1515 889 praefatorum,
1531 846 1627 879 ctiam
1642 845 1835 884 iuramento,

1094 900 1342 933 confirmatione
1368 900 1560 943 apostolica,
1581 900 1629 933 vcl
1656 899 1767 942 quavis
1784 899 1836 931 tir-

1093 953 1203 986 mitate
1230 954 1293 987 alia
1316 954 1488 994 roboratis,
1508 953 1636 986 statutis
1654 958 1684 985 et
1702 963 1838 985 consue-

1096 1007 1274 1048 tudinibus,
1291 1007 1471 1050 privilegiis
1494 1017 1633 1050 quoque,
1653 1006 1788 1039 indultis
1807 1012 1837 1038 et

1095 1061 1213 1094 litteris
1240 1061 1428 1104 apostolicis
1454 1061 1486 1092 in
1513 1060 1717 1094 contrarium
1743 1070 1837 1102 prae-

1095 1114 1267 1147 missorum
1293 1114 1543 1157 quomodolibet
1568 1112 1742 1153 concessis,
1765 1122 1838 1145 con-

1096 1167 1231 1200 firmatis
1257 1173 1288 1200 et
1319 1166 1499 1206 innovatis;
1533 1166 1650 1209 quibus
1684 1165 1837 1198 omnibus

1097 1227 1128 1254 et
1149 1221 1298 1264 siugulis,
1316 1222 1448 1254 illorum
1470 1226 1598 1253 tenores
1612 1219 1840 1263 praesentibus

1095 1284 1156 1317 pro
1187 1275 1285 1317 plene
1319 1279 1350 1307 et
1387 1273 1586 1306 sufficienter
1620 1272 1783 1315 expressis
1809 1277 1841 1304 et

1097 1328 1134 1360 ad
1161 1328 1294 1360 verbum
1321 1327 1450 1360 insertis
1474 1326 1646 1365 habentes,
1667 1326 1733 1358 illis
1760 1325 1840 1358 alias

1096 1382 1129 1414 in
1150 1391 1207 1415 suo
1228 1382 1347 1415 robore
1372 1379 1610 1425 permansuris,
1627 1380 1665 1412 ad
1684 1379 1840 1423 praemis-

1097 1447 1207 1470 sorum
1228 1436 1388 1475 effectum,
1407 1435 1468 1467 hac
1484 1434 1555 1467 vice
1573 1434 1752 1473 dumtaxat,
1773 1442 1841 1475 spe·

1098 1491 1224 1524 cialiter
1241 1495 1272 1523 et
1290 1499 1444 1533 expresse
1467 1488 1684 1530 derogamus3
1709 1485 1842 1519 ceteris-

1098 1556 1161 1589 que
1181 1543 1355 1578 contrariis
1373 1542 1644 1586 quibuscumsptc.

1142 1600 1156 1643 ἓ
1185 1599 1216 1631 5.
1252 1597 1407 1630 Volumus
1445 1601 1551 1628 autem
1586 1600 1620 1626 ut
1653 1594 1843 1626 carumdem

1098 1651 1323 1696 praesentium
1342 1651 1522 1684 litterarum
1542 1649 1768 1692 transumptis,
1787 1658 1843 1681 seu

1099 1706 1265 1749 exemplis,
1282 1705 1377 1738 etiam
1391 1703 1568 1746 impressis,
1590 1713 1686 1735 mauu
1704 1702 1843 1734 alicuius

1098 1759 1217 1792 notarii
1236 1758 1359 1802 publici
1374 1756 1575 1800 subscriptis,
1592 1762 1623 1788 et
1641 1755 1751 1798 sigillo
1769 1766 1845 1798 per-

1100 1823 1199 1846 sonae
1217 1813 1250 1844 in
1270 1810 1492 1845 ecclesiastica
1510 1809 1669 1851 dignitate
1688 1809 1845 1841 constitu-

1101 1872 1150 1899 tae
1169 1865 1313 1905 munitis,
1336 1864 1449 1897 eadem
1470 1873 1607 1906 prorsus
1634 1861 1713 1894 tides
1741 1862 1773 1893 in
1800 1862 1845 1893 iu-

1101 1920 1186 1953 dicio
1218 1924 1248 1952 et
1280 1923 1369 1952 extra
1401 1917 1607 1953 adhibeatur,
1635 1926 1717 1959 quae
1750 1925 1845 1959 prae-

1100 1973 1248 2006 sentibus
1260 1972 1338 2015 ipsis
1352 1970 1567 2003 adhiberetur
1591 1969 1617 2001 si
1637 1968 1745 2001 forent
1759 1967 1846 2001 exhi-

1100 2026 1187 2059 bitae
1212 2027 1261 2059 vel
1287 2030 1449 2058 ostensae.

1145 2079 1260 2112 Datum
1282 2079 1414 2118 Romae,
1445 2077 1532 2121 apud
1559 2076 1591 2110 S.
1615 2076 1757 2115 Petrum,
1784 2075 1844 2108 sub

1101 2132 1225 2165 annulo
1244 2131 1435 2171 piscatoris,
1462 2130 1514 2163 die
1537 2140 1580 2163 ΧΠ
1598 2129 1704 2162 martii
1722 2137 1842 2168 MDCCV,

1101 2184 1317 2229 pontificatus
1338 2184 1444 2218 nostri
1462 2195 1549 2217 anno
1568 2195 1597 2217 v.

1138 2247 1197 2275 Dat.
1219 2247 1264 2274 die
1287 2247 1317 2273 12
1338 2246 1430 2274 martii
1453 2247 1531 2278 1705,
1549 2246 1646 2281 pontif.
1666 2254 1738 2273 auno
1752 2252 1778 2271 v.

1915 691 2028 716 llerogatio

1846 720 2007 739 couti-ariorum.

1906 1596 1967 1617 Fides
1983 1599 2037 1617 tran-

1855 1627 1943 1649 suxuptm
1951 1630 1991 1645 uui.

1420 2408 1553 2442 Lxxut.

1103 2498 1326 2541 Confirmatio·
1366 2498 1527 2531 decretum
1576 2496 1844 2541 Conqreqalionis

1146 2552 1369 2597 episcoporum
1383 2556 1411 2585 ec
1428 2551 1645 2595 repularium,
1661 2550 1843 2594 approbans

1146 2605 1340 2640 ‹livisionem
1369 2605 1557 2649 provinciae
1581 2604 1614 2637 S.
1643 2602 1785 2638 Antonii
1811 2603 1846 2635 in
