2269 3203
242 210 292 235 An.
313 208 340 235 c.
359 209 426 235 1723
471 200 535 234 93⁶2

437 269 508 290 cum
549 259 588 290 ab
622 258 693 301 ipsa
722 259 982 302 Congregatione
1020 262 1173 293 cardina-

437 311 515 343 lium
543 314 579 344 ea
609 323 672 355 qua
701 323 758 355 par
791 320 861 346 erat
885 314 1069 346 maturitate
1087 324 1178 357 prae-

437 364 557 402 stitum,
596 365 748 408 illiusque
783 367 944 399 sententia
969 367 1007 399 ad
1034 377 1092 400 nos
1118 378 1177 410 per

437 417 580 449 eiusdem
606 418 874 461 Congretzationis
894 420 1103 452 secretarium
1130 431 1176 452 rc-

437 471 502 502 lata
523 472 626 507 suerit,
650 472 704 507 ⁴de
742 478 995 505 memoratorum
1029 472 1175 505 cardina-

435 523 515 556 lium
541 525 676 557 consilio
701 536 883 567 congruum
909 531 940 558 et
957 532 1174 569 opportunum

436 576 585 609 duximus
613 589 660 616 ea,
683 589 766 620 quae
801 579 883 611 infra
914 585 1104 621 sequuntur,
1136 580 1173 612 ad

435 630 669 672 omnipotentis
695 631 750 664 Dei
773 633 917 673 gloriam,
937 632 1099 665 Ecclesiae
1118 632 1176 664 uti-

434 681 567 723 litatem,
594 685 710 717 veteris
745 685 937 728 disciplinae
971 685 1174 718 instauratio-

434 746 519 776 nem,
539 742 570 769 et
588 738 790 780 spiritualem
809 749 986 781 regnorum
1007 739 1175 781 Hispania-

436 799 505 822 rum
533 790 804 831 aediticationem,
832 792 893 825 hac
923 794 1034 825 nostra
1057 803 1174 835 perpe-

433 844 490 875 tua
514 843 649 876 valitura
674 844 906 878 constitutione
936 850 1091 886 statuere,
1119 845 1175 878 de·

435 906 569 929 cernere
596 902 627 929 et
652 898 830 931 declarare.

238 957 423 1004 fflfflmafffii'ss'i'iss
480 949 494 991 ξ
519 948 550 981 2.
578 949 720 982 Primum
752 951 850 992 igitur
874 951 960 993 (cum
985 962 1003 984 a
1027 951 1174 994 patribus

238 997 309 1030 tan‘mr
330 998 352 1029 ⁵1⁴
367 1003 607 1035 mnu-memorati
634 1003 769 1036 Concilii
795 1004 988 1044 Tridentini,
1007 1004 1116 1037 divino
1136 1005 1174 1037 as-

238 1039 294 1056 taxat
307 1053 311 1059 ,
348 1038 423 1062 quilius

238 1055 533 1088 statimne-vusE-ssante
559 1056 682 1098 spiritu,
709 1057 947 1099 sapientissime
972 1057 1176 1091 animadver-

239 1092 325 1109 tendum
344 1089 424 1109 beneti—

238 1116 308 1139 εωω,
333 1116 364 1136 vel
388 1117 504 1141 quisum
530 1107 638 1148 suerit,
666 1114 821 1151 quantum
847 1110 1042 1143 christianae
1069 1111 1175 1154 reipu-

238 1143 319 1162 rati·=ue
342 1143 424 1162 81υάιο-

237 1168 423 1215 ξιέῗὲιίῗὲαῖῗὴιᾚ
435 1159 540 1192 blicae
565 1160 694 1193 intersit
726 1167 910 1195 accuratum
948 1163 1063 1196 haberi
1089 1164 1176 1197 dele-

238 1217 520 1268 ⁰flff¹¹⁶⁵gssde¹35313Ctu¹¹¹
546 1213 629 1246 circa
655 1224 723 1254 eos,
742 1215 860 1257 quibus
879 1226 969 1248 sacra
994 1216 1175 1250 ministeria

236 1253 353 1320 {Fceffsitas
389 1256 422 1296 ebe-
434 1266 665 1299 committenda
690 1273 773 1307 sunt,
800 1273 832 1300 et
857 1269 888 1300 in
914 1279 1052 1311 quorum
1078 1269 1174 1302 vitam

237 1304 322 1321 ΝΜ
433 1319 533 1351 ceteri
549 1318 662 1352 fideles
680 1320 800 1363 iugiter
818 1322 930 1354 oculos
950 1321 1172 1363 conficientes,

432 1372 593 1415 sumpturi
630 1372 706 1406 inde
751 1378 824 1406 sunt
863 1375 1046 1418 exemplum
1087 1376 1173 1419 quod

430 1423 608 1467 imitentur,
634 1432 876 1471 proptereaque
903 1428 1039 1471 provide
1061 1428 1101 1461 ab
1122 1428 1174 1461 iis-

430 1477 503 1511 dem
529 1479 676 1522 patribus
703 1485 832 1514 cautum
858 1481 958 1514 fuerit
982 1481 1173 1515 ecclesiasti-

430 1541 486 1564 cae
511 1532 646 1565 militiae
671 1544 731 1576 per
754 1535 893 1577 primam
926 1540 1093 1568 tonsuram
1118 1535 1173 1568 ad-

430 1585 621 1620 scribendos
647 1587 777 1620 nonnisi
803 1589 877 1621 illos
903 1599 984 1630 esse,
1017 1589 1072 1632 qui
1098 1599 1171 1632 pro-

429 1639 573 1672 babilem
592 1641 775 1683 praebeant
793 1642 1023 1683 coniecturam,
1042 1653 1087 1682 se,
1105 1653 1170 1676 non

429 1693 604 1725 saecularis
642 1694 755 1727 iudicii
792 1695 980 1728 declinandi
1017 1696 1168 1736 consilio,

430 1745 487 1777 sed
523 1745 649 1779 sincero
687 1747 796 1780 animo
821 1748 1009 1791 praestandi
1040 1748 1170 1781 fidelem

430 1799 554 1831 cultum
591 1809 628 1832 ac
664 1800 833 1833 servitium
870 1801 960 1842 Deo,
988 1801 1052 1834 hoc
1088 1801 1170 1834 vitae

430 1861 532 1893 genus
558 1853 711 1896 elegisse)
738 1854 896 1894 volumus,
918 1859 948 1887 et
973 1865 1032 1897 pro
1059 1854 1169 1887 tutiori

428 1903 532 1947 ipsius
559 1905 744 1939 conciliaris
768 1907 942 1940 sanctionis
961 1905 1169 1940 executione¹

429 1957 468 1989 ab
494 1958 645 1991 omnibus
669 1969 847 2002 regnorum
865 1960 1096 2003 Hispaniarum
1114 1960 1170 1992 hu-

428 2009 569 2044 iusmodi
595 2012 852 2056 archiepiscopis
870 2018 901 2045 et
920 2012 1082 2056 episcopis
1103 2023 1169 2046 non

429 2064 484 2097 alii
511 2065 549 2098 ad
575 2065 712 2108 primam
736 2071 902 2098 tonsuram
934 2066 967 2098 in
1000 2071 1169 2109 posterum

429 2116 652 2159 admittantur,
670 2129 765 2162 quam
779 2119 895 2162 quibus
910 2118 1168 2152 ecclesiasticum

429 2170 564 2214 aliquod
589 2171 784 2205 beneficium
801 2172 909 2204 statim
934 2172 1169 2205 conserendum

429 2222 484 2263 sit,
504 2229 557 2257 aut
583 2235 663 2268 quos
688 2225 871 2258 constiterit
895 2225 1077 2258 litterarum
1103 2231 1169 2258 stu-

429 2276 483 2309 dio
509 2287 642 2320 operam
674 2279 719 2311 sic
754 2279 831 2311 darc
866 2284 901 2310 ut
927 2278 1018 2322 quasi
1054 2278 1087 2311 in
1119 2278 1169 2310 via

429 2330 469 2362 ad
505 2330 638 2363 ordines
678 2336 744 2363 tum
784 2331 928 2364 minores
969 2336 1035 2364 tum
1072 2330 1168 2364 etiarn

430 2383 547 2416 deinde
573 2384 712 2417 maiores
738 2384 960 2427 suscipiendos
984 2384 1106 2417 versari
1127 2383 1169 2417 vi-

429 2436 577 2477 deantur,
603 2438 652 2470 vel
678 2437 807 2469 denium
833 2448 914 2480 quos
939 2437 1080 2470 viderint
1115 2447 1168 2469 ex-

428 2489 543 2531 pedire
581 2489 716 2522 alicuius
751 2489 909 2522 ecclesiae
949 2489 1080 2522 servitio
1116 2489 1166 2522 vel

428 2542 611 2575 ministerio
637 2542 797 2585 deputari.

467 2606 476 2631 1
500 2605 601 2633 Forsan
621 2605 699 2633 deest
711 2605 922 2640 praecipimus,
939 2605 1012 2641 quod
1024 2605 1063 2640 (a.
1080 2605 1129 2640 Τ.),

1016 213 1196 237 BULLARIUM
1221 213 1377 238 ROMANUM

1970 213 2019 240 An.
2040 214 2068 241 C.
2083 214 2153 243 1723

1265 262 1279 304 ἓ
1304 261 1336 296 3.
1363 261 1398 294 Et
1425 266 1487 294 tarn
1514 261 1546 294 in
1571 261 1633 302 his,
1659 262 1712 305 qui
1745 262 1786 295 ad
1821 262 1957 305 primam
1995 275 2155 301 Nemoadpri·

1222 319 1399 355 tonsuram,
1427 325 1523 358 quam
1549 314 1581 346 in
1618 314 1700 355 aliis,
1738 314 1791 358 qui
1828 304 2154 358 p1·omo-¹»3¹e³i'¹‹irti1‘=’2¹'a⁵s⁰ss⁵r¹‹¹2¹{

1219 367 1284 399 veri
1311 368 1348 400 ad
1375 368 1507 400 ordines
1533 367 1629 400 etiam
1660 368 1803 400 minores
1829 373 1958 411 optave-
1969 357 2153 411 ἓῗέὶῗ-ἶῗῗζύιῗιῗὲ

1221 420 1294 458 rint,
1323 421 1456 454 omnino
1478 426 1623 454 servetur
1644 421 1765 463 pariter
1788 421 1901 462 regula
1917 409 2007 452 311331]
2022 412 2153 462 Ῐξιῖῗθὲῗιῗὲιῗῖ

1219 473 1333 505 eodem
1359 473 1503 507 Concilio
1528 473 1717 506 Tridentino
1754 473 1880 514 tradita,
1912 459 2153 507 ni-ssllff'fflssssifi‘l?

1218 526 1343 566 mirum,
1362 532 1397 558 ut
1422 528 1530 560 nullus
1557 527 1739 566 ordinetur,
1755 526 1818 570 qui,
1838 513 2009 560 iudiciotur.

1218 579 1265 610 sui
1292 580 1447 623 episcopi,
1482 591 1545 613 non
1572 580 1612 613 sit
1644 580 1732 614 utilis
1766 585 1821 612 aut
1845 589 1959 612 neces-

1218 631 1319 664 sarius
1335 633 1400 665 suis
1419 633 1574 674 ecclesiis5
1590 633 1710 676 quique
1734 633 1780 665 illi
1800 633 1957 665 ecclesiae

1218 690 1271 717 aut
1296 685 1370 728 pio¹
1405 687 1487 726 loco,
1513 697 1573 730 pro
1600 686 1690 719 cuius
1728 686 1868 719 utilitate
1904 690 1958 718 aut

1218 738 1410 771 necessitate
1436 740 1621 780 assumitur,
1646 750 1712 773 non
1737 739 1954 780 adscribatur,

1218 791 1272 823 ubi
1299 801 1333 824 re
1358 791 1428 834 ipsa
1452 791 1631 825 functiones
1656 792 1783 825 muneri
1803 802 1862 825 suo
1880 801 1958 825 con-

1218 850 1388 878 sentaneas
1416 851 1574 878 exerceat.
1612 845 1703 884 Quod
1728 846 1753 878 si
1779 846 1833 889 qui
1858 845 1956 879 modo

1218 898 1426 941 reperiantur
1458 899 1509 932 vel
1542 899 1685 932 clericali
1723 900 1857 932 tonsura
1892 899 1956 932 iam

1220 951 1356 991 initiati,
1383 952 1433 984 vel
1465 952 1504 985 ad
1537 952 1670 985 ordines
1708 952 1773 985 sive
1812 952 1956 985 minores

1218 1005 1284 1038 sive
1321 1005 1462 1038 maiores
1500 1005 1561 1038 iarn
1591 1005 1742 1049 promoti,
1781 1005 1837 1048 qui
1874 1004 1956 1038 nulli

1218 1063 1324 1091 certae
1350 1058 1504 1092 ecclesiae
1537 1059 1586 1091 vel
1618 1059 1690 1091 loco
1720 1057 1774 1101 pio
1800 1057 1957 1101 adscripti

1219 1111 1350 1151 suerint,
1377 1111 1521 1154 episcopi
1547 1112 1587 1144 ad
1611 1111 1862 1154 inscriptionem
1898 1111 1958 1143 hu-

1219 1164 1367 1204 iusmodi,
1394 1165 1443 1198 vel
1465 1176 1482 1197 a
1507 1175 1541 1198 se
1565 1164 1646 1207 ipsis
1664 1165 1713 1197 vel
1731 1175 1749 1197 a
1766 1164 1957 1207 praedeces-

1218 1217 1347 1250 soribus
1371 1218 1436 1250 suis
1461 1218 1621 1257 omissam,
1641 1217 1748 1250 statim
1767 1218 1954 1261 suppleant,

1217 1279 1282 1302 non
1308 1270 1414 1303 minus
1439 1271 1545 1314 quoad
1574 1280 1686 1303 omnes
1717 1270 1751 1303 in
1776 1270 1957 1303 maioribus

1218 1322 1388 1355 ordinibus
1424 1323 1521 1356 etiam
1561 1324 1804 1366 presbyteratus
1839 1322 1958 1356 consti-

1217 1381 1312 1417 tutos,
1339 1387 1436 1419 quam
1462 1376 1571 1419 quoad
1608 1386 1662 1409 eos
1701 1375 1776 1419 qui,
1804 1375 1852 1409 vel
1888 1377 1956 1409 sola

1219 1429 1325 1472 prima
1351 1431 1498 1470 tonsura,
1518 1429 1567 1462 vel
1585 1428 1766 1462 minoribus
1788 1428 1956 1461 ordinibus

1215 1482 1344 1524 initiati,
1362 1483 1556 1517 beneficium
1576 1489 1683 1517 tamen
1703 1482 1957 1523 ecclesiasticum

1214 1536 1394 1579 possident.
1421 1536 1463 1569 Ex
1499 1536 1633 1580 reliquis
1662 1541 1779 1575 autem,
1802 1540 1838 1568 ut
1863 1545 1957 1578 prae-

1215 1589 1330 1630 fertur,
1359 1590 1406 1622 vel
1425 1591 1492 1623 sola
1509 1589 1613 1632 prima
1631 1590 1765 1622 tonsura
1783 1588 1954 1631 insignitis,

1214 1643 1263 1675 vel
1290 1642 1320 1674 in
1346 1642 1527 1676 minoribus
1556 1642 1727 1675 ordinibus
1757 1642 1954 1682 constitutis,

1215 1697 1270 1729 sed
1298 1696 1459 1730 beneficio
1499 1696 1695 1736 carentibus,
1731 1695 1860 1729 nonnisi
1901 1705 1956 1729 eos

1214 1749 1414 1788 adscribant,
1433 1759 1514 1792 quos
1534 1749 1680 1782 ecclesiis
1698 1749 1764 1781 suis
1789 1748 1886 1781 utiles
1904 1748 1955 1781 vel

1214 1801 1416 1834 necessarios
1451 1812 1522 1834 esse
1548 1801 1774 1834 iudicaverint.
1801 1801 1955 1834 Ceterum

1214 1854 1398 1887 antedictae
1412 1854 1642 1897 adscriptionis
1656 1853 1882 1887 executionem
1897 1853 1956 1886 dif-

1214 1907 1290 1939 ferri
1317 1917 1413 1950 posse
1438 1917 1497 1950 per
1526 1907 1659 1950 aliquod
1686 1907 1844 1950 temporis
1880 1917 1955 1950 spa-

1213 1959 1305 2000 tium,
1333 1959 1421 2003 quod
1447 1959 1526 2002 ipsis
1559 1959 1721 2002 episcopis
1757 1958 1954 1992 conveniens

1213 2012 1385 2053 videbitur,
1410 2012 1631 2056 permittimus
1656 2012 1763 2055 quoad
1796 2023 1863 2052 eos,
1899 2013 1953 2055 qui

1213 2076 1230 2098 a
1256 2065 1412 2106 dioecesi,
1429 2066 1461 2099 in
1487 2077 1550 2109 qua
1575 2071 1740 2099 tonsuram
1757 2066 1806 2098 vel
1823 2066 1952 2099 ordines

1213 2124 1440 2163 susceperunt,
1466 2120 1559 2152 causa
1585 2118 1751 2152 ediscendi
1774 2118 1953 2151 litterarum

1212 2172 1381 2205 scientiam
1407 2172 1440 2204 in
1466 2171 1572 2214 aliqua
1597 2170 1726 2214 publica
1746 2170 1952 2204 universitate

1211 2225 1259 2258 vel
1294 2225 1471 2268 gymnasio,
1510 2224 1576 2257 sive
1607 2235 1644 2256 ex
1680 2224 1741 2256 alia
1766 2223 1952 2256 rationabili

1212 2279 1309 2310 causa
1334 2289 1351 2310 a
1375 2289 1434 2311 suo
1457 2278 1613 2321 episcopo
1634 2277 1816 2319 approbata
1831 2277 1881 2309 vel
1900 2287 1952 2320 ap-

1211 2331 1390 2373 probanda,
1416 2330 1567 2363 absentes
1593 2328 1811 2372 reperiantur.

1254 2384 1268 2426 ἓ
1293 2383 1324 2415 4.
1351 2383 1428 2416 Cum
1454 2388 1560 2416 autem
1585 2382 1714 2420 clerici,
1741 2381 1795 2425 qui
1828 2382 1861 2414 in
1886 2381 2145 2432 Opi·miffl,⁰,}}}³g'i²2§3;

1210 2436 1396 2479 scopalibus
1412 2435 1593 2468 seminariis
1611 2435 1799 2476 educantur,
1816 2439 1850 2468 ut
1866 2439 2018 2468 com-sesus
2064 2440 2143 2458 ¹³⁰¹¹¹¹¹¹

1959 2465 2073 2485 inserviant
2108 2469 2145 2485 ec—

1209 2489 1337 2522 modius
1363 2490 1402 2522 ad
1428 2489 1612 2522 litterarum
1637 2497 1869 2531 sacrarumque
1890 2497 1944 2520 re·
1958 2491 2144 2541 glrssjgssgsftgfflgff

1210 2553 1281 2575 rum
1306 2542 1446 2575 studium
1476 2551 1610 2584 operam
1639 2541 1787 2574 conferre
1812 2540 1948 2583 aliisque
1958 2544 1996 2566 ¹³¹·
2012 2543 2120 2565 immim-

1247 2606 1256 2630 l
1280 2603 1351 2631 Edit.
1375 2603 1457 2631 Main.
1475 2602 1542 2638 legit
1558 2610 1611 2638 pro
1630 2604 1668 2637 (R.
1685 2603 1736 2638 T.)e
