2269 3203
92 221 144 248 An.
162 219 193 248 C.
216 219 281 248 1701

188 2026 288 2049 facultas

105 2055 217 2082 praedicta
240 2061 288 2076 con-

104 2082 196 2103 ceditur.

927 216 1066 240 CLEMENS
1092 217 1123 240 XI
1148 216 1195 239 1³1³.

283 269 389 302 centio
408 268 493 311 Papa
510 267 562 300 xtl
582 266 836 310 praedecessore
862 271 972 298 nostro
993 265 1025 297 in

283 320 476 363 religionem
503 325 643 360 erectae,
659 318 755 352 nobis
781 328 888 362 nuper
909 317 1024 361 exponi

285 374 370 413 fecit,
389 383 446 417 per
476 372 729 406 constitutiones
756 372 860 404 (lictae
885 371 1027 414 Congre-

285 427 435 469 gationis,
463 426 599 459 subinde
626 427 666 458 ab
692 425 807 459 eodem
833 424 1026 457 Innocentio

285 480 541 523 praedecessore
578 479 728 522 specifice
767 478 971 512 confirmatas
997 482 1029 510 et

286 533 490 576 approbatas,
517 537 686 572 statuatur,
705 537 740 565 ut
763 532 794 564 in
814 531 952 574 singulis
971 531 1029 564 ho-

285 586 457 629 spitalibus
476 596 533 618 seu
556 585 707 618 domibus
726 585 825 628 ipsius
845 584 1028 627 Congrega-

286 638 384 671 tionis
408 648 491 671 unus
524 639 692 671 dumtaxat
726 639 826 671 frater
857 638 1030 681 presbyter

287 702 357 724 esse
383 691 497 735 possit,
518 696 549 724 et
574 692 605 724 id
632 691 765 735 quidem
792 691 882 734 (quia
906 690 1030 723 scilicet

285 745 381 785 varia,
400 749 432 777 et
457 744 649 788 praesertim
675 744 760 785 vilia,
782 743 918 777 infirmis
938 743 1030 777 exhi-

286 797 396 831 benda
419 798 608 839 ministeria,
634 797 820 841 promptius
846 808 882 830 ac
913 797 1031 830 decen-

288 851 350 884 tius
374 861 434 895 per
460 852 576 885 fratres
601 852 702 885 laicos
728 851 906 894 obeuntur)
930 850 1031 894 pluri-

289 916 375 938 mum
395 906 567 949 expediat,
589 916 710 945 verum,
729 905 897 938 eveniente
918 905 950 936 in
976 904 1031 937 ali-

289 968 354 1001 quo
376 969 411 992 ex
438 958 532 991 dictis
559 958 778 1001 hospitalibus
804 968 861 991 seu
882 957 1031 991 domibus

288 1012 375 1044 unici
402 1011 488 1045 illius
515 1012 622 1044 fratris
648 1012 829 1055 presbyteri
855 1011 955 1050 obitu,
984 1011 1031 1042 fu·

291 1070 398 1096 turum
425 1065 475 1104 sit,
501 1069 545 1104 ut,
572 1065 677 1097 donec
701 1064 782 1097 alius
808 1064 907 1097 frater
928 1064 1032 1096 dictae

291 1116 562 1160 Congregationis
582 1117 619 1149 ad
646 1127 760 1150 omnes
779 1127 886 1149 sacros
904 1116 1034 1149 subdia-

292 1175 436 1209 conatus,
455 1170 644 1203 diaconatus
666 1175 697 1202 et
717 1170 961 1213 presbyteratus
985 1180 1034 1202 or-

292 1224 384 1256 dines
409 1229 648 1266 promoveatur,
668 1227 699 1255 et
714 1222 747 1255 in
766 1223 906 1255 defuncti
926 1224 1032 1255 locum

292 1278 500 1319 subrogetur,
520 1277 546 1309 si
569 1282 718 1320 tempora
743 1277 781 1309 ad
808 1276 967 1310 dictorum
987 1287 1034 1309 sa-

292 1340 421 1363 crorum
455 1330 605 1363 ordinum
642 1329 883 1373 susceptionem
917 1340 934 1362 a
964 1329 1034 1362 iure

294 1388 413 1416 statuta
437 1383 636 1426 expectanda
665 1393 702 1415 ac
726 1382 901 1416 interstitia
933 1393 950 1415 a
987 1392 1036 1415 sa-

295 1447 349 1470 cro
374 1436 517 1470 Concilio
542 1436 733 1470 Tridentino
767 1436 936 1479 designata
968 1447 1036 1469 ser-

294 1490 400 1523 vanda
424 1494 528 1530 erunt,
555 1494 622 1522 toto
641 1500 678 1523 eo
697 1496 847 1533 tempore
873 1489 1036 1533 hospitale

296 1553 352 1576 seu
375 1543 490 1576 domus
514 1542 701 1576 huiusmodi
735 1543 859 1586 absque
894 1543 1037 1586 presby—

297 1601 369 1629 tero
393 1596 548 1639 religioso
580 1602 756 1636 remaneat,
776 1602 809 1629 et
828 1597 957 1630 interim
979 1597 1038 1630 mi-

297 1649 434 1682 nisterio
458 1650 640 1693 presbyteri
665 1650 849 1691 saecularis,
875 1651 1037 1693 assignato

298 1703 346 1736 illi
372 1713 409 1735 ex
427 1703 523 1735 bonis
540 1703 573 1735 in
591 1703 846 1746 hospitalitatem
865 1704 1038 1746 erogandis

299 1756 475 1799 stipendio,
492 1761 525 1788 et
543 1766 608 1788 non
635 1756 704 1790 sine
722 1757 898 1800 religiosae
920 1757 1038 1801 quietis

298 1809 458 1852 periculo,
476 1809 522 1841 uti
548 1809 684 1849 debeat;
712 1821 747 1843 ac
771 1816 946 1854 propterea
970 1810 1039 1854 ipse

299 1862 437 1896 Ioannes
462 1868 658 1906 procurator
675 1865 836 1906 generalis
858 1869 1039 1908 opportune

298 1915 331 1948 in
356 1916 543 1959 praemissis
579 1927 596 1948 a
625 1916 720 1949 nobis
756 1917 924 1960 provideri
951 1922 982 1950 et
1006 1923 1042 1950 ut

299 1968 382 2002 infra
412 1969 575 2012 indulgeri
608 1980 814 2013 summopere
848 1970 1038 2003 desideret:

342 2022 357 2065 ἓ
373 2022 405 2055 2.
425 2021 500 2062 Nos,
512 2023 656 2055 eiusdem
672 2022 802 2055 loannis
817 2024 1040 2066 procuratoris

300 2076 462 2119 generalis
479 2077 562 2109 votis
587 2077 648 2109 hac
672 2077 704 2109 in
725 2086 771 2116 re,
790 2082 946 2120 quantum
969 2087 1040 2110 cum

299 2129 437 2163 Domino
462 2140 647 2173 possumus,
662 2130 884 2163 favorabiliter
898 2141 1041 2164 annuere

300 2183 450 2215 volentes
467 2209 475 2223 ‚
503 2193 642 2226 eumque
668 2193 685 2216 a
710 2183 880 2227 quibusvis
907 2193 1039 2216 excom-

299 2235 544 2277 municationis,
565 2236 793 2280 suspensionis
812 2242 845 2270 et
865 2237 1041 2278 interdicti,

300 2290 442 2333 aliisque
477 2290 711 2323 ecclesiasticis
747 2291 944 2331 sententiis,
969 2301 1044 2324 cen-

301 2343 387 2375 suris
419 2348 451 2375 et
478 2344 604 2386 poenis,
622 2354 640 2376 a
660 2344 731 2377 iure
757 2344 807 2377 vel
833 2345 873 2377 ab
896 2344 1042 2383 homine,

302 2396 415 2439 quavis
440 2397 612 2431 occasione
637 2398 688 2431 vel
715 2400 807 2431 causa
826 2398 910 2438 latis,
927 2398 952 2431 si
977 2398 1045 2441 qui-

302 2449 362 2481 bus
396 2450 644 2492 quomodolibet
668 2451 844 2484 innodatus
870 2451 988 2491 existit,
1005 2451 1043 2484 ad

305 2500 453 2534 effectum
484 2503 709 2545 praesentium
738 2505 906 2537 dumtaxat
930 2514 1046 2537 conse-

307 2554 494 2596 quendum,
521 2556 637 2589 harum
662 2557 745 2591 serie
780 2558 985 2590 absolventes
1015 2563 1047 2590 et

1070 264 1164 297 nibus
1186 265 1255 297 eius
1277 264 1408 296 nomine
1434 264 1530 296 nobis
1551 274 1649 306 super
1668 263 1730 297 hoc
1753 265 1813 297 hu-

1070 317 1192 350 militer
1217 317 1376 361 porrectis
1405 316 1559 357 inclinati,
1583 317 1621 349 de
1647 317 1813 350 venerabi-

1070 370 1148 403 lium
1176 370 1309 403 fratrum
1336 375 1521 403 nostrorum
1543 369 1573 402 S.
1597 369 1635 402 R.
1656 369 1690 402 E.
1710 370 1813 403 cardi-

1071 424 1191 456 nalium
1218 424 1356 467 negotiis
1378 428 1410 456 et
1427 423 1724 456 consultationibus
1745 423 1814 467 epi-

1071 487 1243 521 scoporum
1266 482 1298 510 et
1315 477 1514 519 regularium
1541 477 1814 521 praepositorum,

1071 531 1125 574 qui
1154 531 1308 564 dilectum
1344 530 1444 564 filium
1479 535 1626 563 nostrum
1657 530 1813 564 Thomam

1072 583 1204 616 Mariam
1241 584 1426 617 Ferrarium
1464 585 1547 617 tituli
1574 584 1605 617 S.
1640 583 1815 618 Clementis

1073 637 1219 670 eiusdem
1253 637 1284 669 S.
1316 637 1352 670 R.
1387 637 1421 670 E.
1455 638 1683 681 presbyterum
1711 638 1816 671 cardi-

1073 690 1180 722 nalem
1213 690 1244 723 S.
1280 690 1454 723 Clementis
1488 696 1735 734 nuncupatum,
1768 691 1816 723 di-

1073 748 1141 776 ctae
1159 743 1433 786 Congregationis
1461 745 1544 787 apud
1572 754 1630 778 nos
1656 744 1815 777 etSedem

1074 796 1293 839 Apostolicam
1330 802 1563 840 protectorem,
1591 808 1691 841 super
1716 808 1814 841 prae-

1073 849 1178 882 missis
1204 849 1408 890 audiverunt,
1431 850 1580 891 consilio,
1605 856 1648 891 ut,
1668 851 1816 894 quando-

1074 912 1212 946 cumque
1239 909 1438 936 memoratus
1464 904 1580 936 unicus
1606 905 1705 937 frater
1730 914 1817 947 pres-

1074 955 1166 999 byter
1191 956 1421 1000 cuiuscumque
1459 968 1496 989 ex
1524 956 1616 990 dictis
1644 957 1818 1001 hospitali-

1075 1009 1134 1042 bus
1151 1020 1208 1042 seu
1228 1009 1378 1042 domibus
1397 1010 1436 1042 ab
1458 1010 1608 1043 humanis
1630 1010 1818 1049 decesserit,

1076 1063 1157 1095 alins
1182 1063 1283 1096 frater
1308 1073 1461 1106 expresse
1494 1064 1662 1107 professus
1689 1063 1819 1107 praedi-

1077 1121 1146 1148 ctae
1171 1115 1451 1159 Congregationis,
1471 1117 1501 1149 in
1525 1117 1608 1150 illius
1623 1118 1726 1151 locum
1745 1117 1819 1150 sub-

1076 1170 1255 1212 rogandus,
1282 1170 1424 1202 clericali
1459 1170 1672 1212 charactere,
1707 1171 1732 1203 si
1763 1171 1819 1203 illo

1077 1222 1223 1254 nondum
1249 1222 1422 1264 insignitus
1449 1223 1502 1263 sit,
1531 1223 1692 1266 insigniri,
1724 1228 1756 1257 et
1780 1224 1818 1257 ad

1079 1281 1217 1318 quatuor
1253 1276 1422 1317 minores,
1450 1283 1590 1320 quatuor
1615 1278 1737 1310 seriatis
1769 1279 1818 1311 vel
1867 1285 1870 1287 ’

1078 1338 1142 1361 non
1170 1329 1304 1369 feriatis,
1332 1340 1387 1362 sen
1415 1330 1526 1370 unica,
1557 1336 1588 1363 et
1614 1331 1754 1364 subinde
1780 1331 1818 1363 ad

1080 1392 1189 1415 sacros
1203 1382 1467 1423 subdiaconatus,
1482 1383 1672 1416 diaconatus
1687 1390 1718 1417 et
1735 1394 1822 1427 pres-

1079 1435 1244 1479 byteratus
1271 1437 1403 1469 ordines
1433 1437 1536 1470 tribus
1564 1438 1736 1470 dominicis
1763 1448 1822 1471 seu

1080 1489 1151 1522 aliis
1177 1490 1300 1523 festivis
1326 1490 1439 1523 diebus
1467 1491 1556 1534 (non
1587 1496 1694 1525 tamen
1720 1492 1822 1525 conti-

1080 1542 1171 1583 nuis,
1199 1543 1256 1576 sed
1278 1554 1411 1587 semper
1435 1544 1547 1587 aliquo
1573 1545 1730 1588 temporis
1752 1555 1823 1589 spa·

1081 1595 1136 1635 tio,
1156 1596 1292 1629 arbitrio
1317 1596 1479 1630 Ordinarii
1506 1597 1707 1639 definiendo,
1723 1599 1819 1632 inter-

1080 1649 1210 1692 polatis)
1229 1649 1324 1682 etiam
1342 1655 1432 1683 extra
1446 1655 1593 1694 tempora
1611 1652 1650 1684 ad
1667 1651 1698 1684 id
1716 1662 1733 1684 a
1753 1652 1822 1685 iure

1082 1708 1212 1743 statuta,
1240 1714 1277 1736 ac
1314 1703 1499 1736 interstitiis
1524 1715 1541 1736 a
1567 1704 1652 1738 dicto
1677 1703 1822 1739 Concilio

1082 1756 1273 1790 Tridentino
1300 1757 1479 1800 designatis
1504 1757 1636 1791 minime
1662 1759 1797 1792 servatis
1813 1785 1820 1799 ,

1083 1811 1224 1854 annique
1238 1812 1401 1845 curriculo
1420 1822 1486 1845 non
1503 1818 1683 1855 expectato,
1700 1812 1823 1846 etiamsi

1083 1863 1115 1896 in
1131 1874 1329 1908 unoquoque
1348 1875 1383 1897 ex
1410 1865 1509 1898 sacris
1535 1865 1706 1898 ordinibus
1730 1876 1824 1909 prae-

1084 1917 1176 1950 dictis
1201 1923 1375 1960 antequam
1404 1919 1443 1951 ad
1470 1918 1568 1951 alium
1593 1924 1825 1961 promoveatur

1084 1981 1118 2003 se
1144 1971 1276 2004 minime
1303 1972 1489 2012 exercuerit,
1509 1972 1683 2005 dummodo
1699 1973 1824 2006 nullum

1084 2023 1277 2056 canonicum
1318 2024 1347 2056 ei
1387 2025 1493 2057 obstet
1529 2024 1823 2068 impedimentum,

1085 2077 1219 2120 ipseque
1252 2076 1291 2110 ad
1324 2077 1356 2110 id
1390 2077 1527 2110 idoneus
1559 2079 1765 2121 reperiatur,
1790 2089 1827 2112 ac

1085 2129 1220 2162 servatis
1245 2129 1323 2162 alias
1348 2130 1526 2171 servandis,
1555 2130 1593 2163 de
1620 2131 1825 2174 superiorum

1086 2193 1218 2216 suorum
1243 2183 1377 2217 licentia
1401 2184 1610 2227 promoveri,
1637 2190 1670 2217 et
1694 2195 1826 2227 promo·

1086 2241 1136 2269 tus
1161 2237 1194 2269 in
1219 2237 1283 2271 illis
1320 2238 1415 2271 etiam
1442 2239 1474 2271 in
1499 2238 1608 2271 altaris
1642 2238 1825 2272 ministerio

1086 2289 1274 2323 ministrare
1289 2290 1392 2324 libere
1408 2296 1439 2324 et
1452 2291 1538 2324 licite
1555 2291 1658 2334 possit
1671 2292 1827 2331 etvaleat,

1087 2343 1278 2376 auctoritate
1305 2345 1504 2387 apostolica,
1532 2349 1644 2378 tenore
1672 2354 1827 2388 praesen-

1087 2396 1175 2436 tium,
1195 2397 1404 2430 concedimus
1430 2402 1462 2431 et
1486 2397 1695 2440 indulgemus
1712 2409 1719 2430 z
1739 2399 1826 2431 salva

1087 2454 1196 2482 tamen
1219 2460 1348 2493 semper
1365 2450 1399 2483 in
1423 2450 1612 2493 praemissis
1630 2450 1824 2483 auctoritate

1087 2500 1357 2545 Congregationis
1382 2504 1572 2536 eorumdem
1599 2503 1823 2536 cardinalium.

1132 2555 1147 2598 ἓ
1171 2555 1203 2590 3.
1223 2556 1452 2598 Decernentes,
1478 2557 1608 2590 easdem
1631 2562 1826 2600 praesentes

307 2605 492 2640 absolutum
517 2608 587 2642 fore
612 2616 805 2652 censentes,
832 2610 1046 2654 supplicatio·
1088 2610 1213 2644 litteras
1238 2620 1370 2654 semper
1400 2609 1521 2652 firmas,
1554 2610 1676 2643 validas
1703 2614 1735 2642 et
1759 2608 1826 2642 effi-

1736 206 1777 241 37
1825 215 1872 242 An.
1890 215 1917 243 c.
1937 216 2001 244 1701

1866 2559 1984 2586 ctamntao.
