<?xml version="1.0" encoding="UTF-8"?>
<!DOCTYPE html PUBLIC "-//W3C//DTD XHTML 1.0 Transitional//EN"
    "http://www.w3.org/TR/xhtml1/DTD/xhtml1-transitional.dtd">
<html xmlns="http://www.w3.org/1999/xhtml" xml:lang="en" lang="en">
 <head>
  <title>
</title>
<meta http-equiv="Content-Type" content="text/html;charset=utf-8" />
  <meta name='ocr-system' content='tesseract 3.04.00' />
  <meta name='ocr-capabilities' content='ocr_page ocr_carea ocr_par ocr_line ocrx_word'/>
</head>
<body>
  <div class='ocr_page' id='page_1' title='image "./bullarumdiplomat21cath_0910.png"; bbox 0 0 2269 3203; ppageno 0'>
   <div class='ocr_carea' id='block_1_1' title="bbox 229 218 528 257">
    <p class='ocr_par' dir='ltr' id='par_1_1' title="bbox 229 218 528 257">
     <span class='ocr_line' id='line_1_1' title="bbox 229 218 528 257; baseline -0.017 0"><span class='ocrx_word' id='word_1_1' title='bbox 229 226 418 257; x_wconf 70' lang='lat' dir='ltr'>An.C.t718</span> <span class='ocrx_word' id='word_1_2' title='bbox 462 218 528 253; x_wconf 79' lang='lat'>788</span> 
     </span>
    </p>
   </div>
   <div class='ocr_carea' id='block_1_2' title="bbox 228 1725 414 1805">
    <p class='ocr_par' dir='ltr' id='par_1_2' title="bbox 228 1725 414 1805">
     <span class='ocr_line' id='line_1_2' title="bbox 291 1725 413 1746; baseline -0.008 0"><span class='ocrx_word' id='word_1_3' title='bbox 291 1725 413 1746; x_wconf 46' lang='lat' dir='ltr'>Curtiiriates</span> 
     </span>
     <span class='ocr_line' id='line_1_3' title="bbox 229 1755 414 1782; baseline 0 -10"><span class='ocrx_word' id='word_1_4' title='bbox 229 1755 359 1782; x_wconf 63' lang='lat' dir='ltr'>protectores</span> <span class='ocrx_word' id='word_1_5' title='bbox 377 1759 414 1772; x_wconf 74' lang='lat' dir='ltr'>‹e-</span> 
     </span>
     <span class='ocr_line' id='line_1_4' title="bbox 228 1782 302 1805; baseline 0 -6"><span class='ocrx_word' id='word_1_6' title='bbox 228 1782 302 1805; x_wconf 78' lang='lat' dir='ltr'>putati.</span> 
     </span>
    </p>
   </div>
   <div class='ocr_carea' id='block_1_3' title="bbox 422 278 1167 2667">
    <p class='ocr_par' dir='ltr' id='par_1_3' title="bbox 422 278 1167 2667">
     <span class='ocr_line' id='line_1_5' title="bbox 422 278 1160 322; baseline 0 -12"><span class='ocrx_word' id='word_1_7' title='bbox 422 278 600 311; x_wconf 84' lang='lat' dir='ltr'>adiumenti</span> <span class='ocrx_word' id='word_1_8' title='bbox 637 283 732 322; x_wconf 87' lang='lat' dir='ltr'>atque</span> <span class='ocrx_word' id='word_1_9' title='bbox 769 278 953 322; x_wconf 77' lang='lat' dir='ltr'>splendoris</span> <span class='ocrx_word' id='word_1_10' title='bbox 990 279 1160 322; x_wconf 86' lang='lat' dir='ltr'>bucusque</span> 
     </span>
     <span class='ocr_line' id='line_1_6' title="bbox 422 332 1159 373; baseline -0.001 -9"><span class='ocrx_word' id='word_1_11' title='bbox 422 332 612 373; x_wconf 86' lang='lat' dir='ltr'>attulerunt,</span> <span class='ocrx_word' id='word_1_12' title='bbox 632 338 681 373; x_wconf 87' lang='lat' dir='ltr'>et,</span> <span class='ocrx_word' id='word_1_13' title='bbox 699 339 733 366; x_wconf 91' lang='lat' dir='ltr'>ut</span> <span class='ocrx_word' id='word_1_14' title='bbox 749 333 782 365; x_wconf 92' lang='lat' dir='ltr'>in</span> <span class='ocrx_word' id='word_1_15' title='bbox 799 333 934 365; x_wconf 88' lang='lat' dir='ltr'>Domino</span> <span class='ocrx_word' id='word_1_16' title='bbox 954 332 1159 371; x_wconf 81' lang='lat' dir='ltr'>confidimus,</span> 
     </span>
     <span class='ocr_line' id='line_1_7' title="bbox 423 385 1161 429; baseline -0.001 -11"><span class='ocrx_word' id='word_1_17' title='bbox 423 386 578 429; x_wconf 74' lang='lat' dir='ltr'>deinceps</span> <span class='ocrx_word' id='word_1_18' title='bbox 605 397 737 429; x_wconf 85' lang='lat' dir='ltr'>quoque</span> <span class='ocrx_word' id='word_1_19' title='bbox 762 386 891 418; x_wconf 90' lang='lat' dir='ltr'>allaturi</span> <span class='ocrx_word' id='word_1_20' title='bbox 918 390 1011 425; x_wconf 86' lang='lat' dir='ltr'>sunt,</span> <span class='ocrx_word' id='word_1_21' title='bbox 1038 385 1161 418; x_wconf 89' lang='lat' dir='ltr'>idcirco</span> 
     </span>
     <span class='ocr_line' id='line_1_8' title="bbox 423 439 1162 482; baseline 0 -12"><span class='ocrx_word' id='word_1_22' title='bbox 423 450 479 471; x_wconf 84' lang='lat' dir='ltr'>eos</span> <span class='ocrx_word' id='word_1_23' title='bbox 507 439 618 472; x_wconf 85' lang='lat' dir='ltr'>itidem</span> <span class='ocrx_word' id='word_1_24' title='bbox 644 439 801 482; x_wconf 77' lang='lat' dir='ltr'>peculiari</span> <span class='ocrx_word' id='word_1_25' title='bbox 821 439 927 471; x_wconf 78' lang='lat' dir='ltr'>favore</span> <span class='ocrx_word' id='word_1_26' title='bbox 947 439 1067 480; x_wconf 85' lang='lat' dir='ltr'>gratiae</span> <span class='ocrx_word' id='word_1_27' title='bbox 1086 448 1162 481; x_wconf 89' lang='lat' dir='ltr'>pro-</span> 
     </span>
     <span class='ocr_line' id='line_1_9' title="bbox 422 491 1163 534; baseline 0 -11"><span class='ocrx_word' id='word_1_28' title='bbox 422 492 512 534; x_wconf 85' lang='lat' dir='ltr'>sequi</span> <span class='ocrx_word' id='word_1_29' title='bbox 532 492 709 534; x_wconf 85' lang='lat' dir='ltr'>cupientes,</span> <span class='ocrx_word' id='word_1_30' title='bbox 731 491 918 524; x_wconf 87' lang='lat' dir='ltr'>earumdem</span> <span class='ocrx_word' id='word_1_31' title='bbox 938 496 1050 524; x_wconf 88' lang='lat' dir='ltr'>tenore</span> <span class='ocrx_word' id='word_1_32' title='bbox 1070 501 1163 533; x_wconf 88' lang='lat' dir='ltr'>prae-</span> 
     </span>
     <span class='ocr_line' id='line_1_10' title="bbox 423 544 1161 587; baseline -0.001 -10"><span class='ocrx_word' id='word_1_33' title='bbox 423 544 563 577; x_wconf 80' lang='lat' dir='ltr'>sentium</span> <span class='ocrx_word' id='word_1_34' title='bbox 579 545 794 583; x_wconf 85' lang='lat' dir='ltr'>decernimus,</span> <span class='ocrx_word' id='word_1_35' title='bbox 812 549 855 585; x_wconf 90' lang='lat' dir='ltr'>ut,</span> <span class='ocrx_word' id='word_1_36' title='bbox 874 549 1045 587; x_wconf 84' lang='lat' dir='ltr'>postquam</span> <span class='ocrx_word' id='word_1_37' title='bbox 1063 544 1161 577; x_wconf 90' lang='lat' dir='ltr'>iidem</span> 
     </span>
     <span class='ocr_line' id='line_1_11' title="bbox 423 597 1161 640; baseline -0.001 -11"><span class='ocrx_word' id='word_1_38' title='bbox 423 598 601 639; x_wconf 74' lang='lat' dir='ltr'>regulares,</span> <span class='ocrx_word' id='word_1_39' title='bbox 621 597 812 629; x_wconf 74' lang='lat' dir='ltr'>Academiae</span> <span class='ocrx_word' id='word_1_40' title='bbox 826 597 993 640; x_wconf 73' lang='lat' dir='ltr'>praefatae</span> <span class='ocrx_word' id='word_1_41' title='bbox 1007 597 1161 640; x_wconf 85' lang='lat' dir='ltr'>adscripti</span> 
     </span>
     <span class='ocr_line' id='line_1_12' title="bbox 424 650 1162 693; baseline 0.001 -12"><span class='ocrx_word' id='word_1_42' title='bbox 424 656 455 682; x_wconf 92' lang='lat' dir='ltr'>et</span> <span class='ocrx_word' id='word_1_43' title='bbox 479 650 509 682; x_wconf 84' lang='lat' dir='ltr'>in</span> <span class='ocrx_word' id='word_1_44' title='bbox 536 650 681 682; x_wconf 82' lang='lat' dir='ltr'>futurum</span> <span class='ocrx_word' id='word_1_45' title='bbox 707 650 915 683; x_wconf 85' lang='lat' dir='ltr'>adscribendi</span> <span class='ocrx_word' id='word_1_46' title='bbox 943 651 981 683; x_wconf 89' lang='lat' dir='ltr'>de</span> <span class='ocrx_word' id='word_1_47' title='bbox 1014 650 1162 693; x_wconf 87' lang='lat' dir='ltr'>superio-</span> 
     </span>
     <span class='ocr_line' id='line_1_13' title="bbox 424 703 1163 744; baseline 0.001 -10"><span class='ocrx_word' id='word_1_48' title='bbox 424 714 493 736; x_wconf 90' lang='lat' dir='ltr'>rum</span> <span class='ocrx_word' id='word_1_49' title='bbox 519 714 650 736; x_wconf 85' lang='lat' dir='ltr'>suorum</span> <span class='ocrx_word' id='word_1_50' title='bbox 676 713 846 744; x_wconf 89' lang='lat' dir='ltr'>consensu,</span> <span class='ocrx_word' id='word_1_51' title='bbox 862 714 975 736; x_wconf 82' lang='lat' dir='ltr'>omnes</span> <span class='ocrx_word' id='word_1_52' title='bbox 1006 703 1163 736; x_wconf 87' lang='lat' dir='ltr'>academi-</span> 
     </span>
     <span class='ocr_line' id='line_1_14' title="bbox 423 757 1163 800; baseline 0 -11"><span class='ocrx_word' id='word_1_53' title='bbox 423 767 534 790; x_wconf 88' lang='lat' dir='ltr'>corum</span> <span class='ocrx_word' id='word_1_54' title='bbox 558 762 666 800; x_wconf 89' lang='lat' dir='ltr'>partes</span> <span class='ocrx_word' id='word_1_55' title='bbox 692 767 750 800; x_wconf 86' lang='lat' dir='ltr'>per</span> <span class='ocrx_word' id='word_1_56' title='bbox 775 757 963 789; x_wconf 80' lang='lat' dir='ltr'>sexennium</span> <span class='ocrx_word' id='word_1_57' title='bbox 1002 762 1088 790; x_wconf 86' lang='lat' dir='ltr'>recte</span> <span class='ocrx_word' id='word_1_58' title='bbox 1126 767 1163 789; x_wconf 89' lang='lat' dir='ltr'>ac</span> 
     </span>
     <span class='ocr_line' id='line_1_15' title="bbox 424 809 1162 853; baseline 0.001 -12"><span class='ocrx_word' id='word_1_59' title='bbox 424 809 597 852; x_wconf 75' lang='lat' dir='ltr'>diligenter</span> <span class='ocrx_word' id='word_1_60' title='bbox 622 810 836 853; x_wconf 72' lang='lat' dir='ltr'>expleverint,</span> <span class='ocrx_word' id='word_1_61' title='bbox 863 810 894 843; x_wconf 94' lang='lat' dir='ltr'>id</span> <span class='ocrx_word' id='word_1_62' title='bbox 922 810 967 843; x_wconf 85' lang='lat' dir='ltr'>eis</span> <span class='ocrx_word' id='word_1_63' title='bbox 993 815 1025 843; x_wconf 87' lang='lat' dir='ltr'>et</span> <span class='ocrx_word' id='word_1_64' title='bbox 1049 820 1162 843; x_wconf 90' lang='lat' dir='ltr'>eorum</span> 
     </span>
     <span class='ocr_line' id='line_1_16' title="bbox 423 862 1164 905; baseline 0 -11"><span class='ocrx_word' id='word_1_65' title='bbox 423 862 558 895; x_wconf 75' lang='lat' dir='ltr'>cuilibet</span> <span class='ocrx_word' id='word_1_66' title='bbox 580 862 752 905; x_wconf 75' lang='lat' dir='ltr'>suffragari</span> <span class='ocrx_word' id='word_1_67' title='bbox 779 863 942 896; x_wconf 89' lang='lat' dir='ltr'>debeatin</span> <span class='ocrx_word' id='word_1_68' title='bbox 962 863 1113 896; x_wconf 86' lang='lat' dir='ltr'>omnibus</span> <span class='ocrx_word' id='word_1_69' title='bbox 1133 867 1164 895; x_wconf 93' lang='lat' dir='ltr'>et</span> 
     </span>
     <span class='ocr_line' id='line_1_17' title="bbox 424 917 1163 960; baseline 0.001 -12"><span class='ocrx_word' id='word_1_70' title='bbox 424 927 481 958; x_wconf 89' lang='lat' dir='ltr'>per</span> <span class='ocrx_word' id='word_1_71' title='bbox 506 917 626 956; x_wconf 82' lang='lat' dir='ltr'>onmia,</span> <span class='ocrx_word' id='word_1_72' title='bbox 652 917 789 960; x_wconf 81' lang='lat' dir='ltr'>perinde</span> <span class='ocrx_word' id='word_1_73' title='bbox 815 928 851 949; x_wconf 87' lang='lat' dir='ltr'>ac</span> <span class='ocrx_word' id='word_1_74' title='bbox 875 918 900 949; x_wconf 91' lang='lat' dir='ltr'>si</span> <span class='ocrx_word' id='word_1_75' title='bbox 926 927 1050 950; x_wconf 88' lang='lat' dir='ltr'>sacram</span> <span class='ocrx_word' id='word_1_76' title='bbox 1072 917 1163 949; x_wconf 86' lang='lat' dir='ltr'>theo-</span> 
     </span>
     <span class='ocr_line' id='line_1_18' title="bbox 423 969 1160 1013; baseline 0 -12"><span class='ocrx_word' id='word_1_77' title='bbox 423 969 542 1012; x_wconf 81' lang='lat' dir='ltr'>logiam</span> <span class='ocrx_word' id='word_1_78' title='bbox 568 969 599 1001; x_wconf 92' lang='lat' dir='ltr'>in</span> <span class='ocrx_word' id='word_1_79' title='bbox 624 970 688 1001; x_wconf 81' lang='lat' dir='ltr'>sais</span> <span class='ocrx_word' id='word_1_80' title='bbox 720 970 897 1013; x_wconf 88' lang='lat' dir='ltr'>respective</span> <span class='ocrx_word' id='word_1_81' title='bbox 930 969 1160 1009; x_wconf 88' lang='lat' dir='ltr'>monasteriis,</span> 
     </span>
     <span class='ocr_line' id='line_1_19' title="bbox 423 1022 1162 1065; baseline 0.001 -11"><span class='ocrx_word' id='word_1_82' title='bbox 423 1023 638 1055; x_wconf 85' lang='lat' dir='ltr'>conventibus</span> <span class='ocrx_word' id='word_1_83' title='bbox 676 1034 731 1055; x_wconf 86' lang='lat' dir='ltr'>seu</span> <span class='ocrx_word' id='word_1_84' title='bbox 766 1023 916 1055; x_wconf 82' lang='lat' dir='ltr'>domibus</span> <span class='ocrx_word' id='word_1_85' title='bbox 958 1022 1162 1065; x_wconf 76' lang='lat' dir='ltr'>regularibus</span> 
     </span>
     <span class='ocr_line' id='line_1_20' title="bbox 423 1076 1163 1119; baseline 0.001 -12"><span class='ocrx_word' id='word_1_86' title='bbox 423 1086 482 1118; x_wconf 91' lang='lat' dir='ltr'>per</span> <span class='ocrx_word' id='word_1_87' title='bbox 507 1076 684 1108; x_wconf 81' lang='lat' dir='ltr'>triennium</span> <span class='ocrx_word' id='word_1_88' title='bbox 707 1081 778 1109; x_wconf 87' lang='lat' dir='ltr'>actu</span> <span class='ocrx_word' id='word_1_89' title='bbox 808 1076 975 1119; x_wconf 76' lang='lat' dir='ltr'>legissent,</span> <span class='ocrx_word' id='word_1_90' title='bbox 992 1076 1037 1109; x_wconf 89' lang='lat' dir='ltr'>ita</span> <span class='ocrx_word' id='word_1_91' title='bbox 1053 1081 1163 1109; x_wconf 87' lang='lat' dir='ltr'>tamen</span> 
     </span>
     <span class='ocr_line' id='line_1_21' title="bbox 424 1128 1164 1172; baseline 0.001 -12"><span class='ocrx_word' id='word_1_92' title='bbox 424 1133 457 1160; x_wconf 91' lang='lat' dir='ltr'>ut</span> <span class='ocrx_word' id='word_1_93' title='bbox 471 1128 535 1161; x_wconf 90' lang='lat' dir='ltr'>duo</span> <span class='ocrx_word' id='word_1_94' title='bbox 555 1129 719 1161; x_wconf 80' lang='lat' dir='ltr'>dumtaxat</span> <span class='ocrx_word' id='word_1_95' title='bbox 735 1134 766 1162; x_wconf 91' lang='lat' dir='ltr'>et</span> <span class='ocrx_word' id='word_1_96' title='bbox 784 1140 849 1162; x_wconf 92' lang='lat' dir='ltr'>non</span> <span class='ocrx_word' id='word_1_97' title='bbox 868 1131 980 1172; x_wconf 89' lang='lat' dir='ltr'>plures</span> <span class='ocrx_word' id='word_1_98' title='bbox 997 1130 1164 1172; x_wconf 82' lang='lat' dir='ltr'>regulares</span> 
     </span>
     <span class='ocr_line' id='line_1_22' title="bbox 423 1182 1161 1227; baseline 0.001 -13"><span class='ocrx_word' id='word_1_99' title='bbox 423 1182 608 1216; x_wconf 88' lang='lat' dir='ltr'>huiusmodi</span> <span class='ocrx_word' id='word_1_100' title='bbox 635 1194 671 1216; x_wconf 90' lang='lat' dir='ltr'>ex</span> <span class='ocrx_word' id='word_1_101' title='bbox 698 1193 897 1227; x_wconf 84' lang='lat' dir='ltr'>unoquoque</span> <span class='ocrx_word' id='word_1_102' title='bbox 934 1183 1134 1216; x_wconf 88' lang='lat' dir='ltr'>monasterio</span> <span class='ocrx_word' id='word_1_103' title='bbox 1154 1209 1161 1223; x_wconf 93' lang='lat'>,</span> 
     </span>
     <span class='ocr_line' id='line_1_23' title="bbox 423 1235 1163 1279; baseline 0 -11"><span class='ocrx_word' id='word_1_104' title='bbox 423 1242 582 1268; x_wconf 82' lang='lat' dir='ltr'>conventu</span> <span class='ocrx_word' id='word_1_105' title='bbox 609 1247 666 1268; x_wconf 89' lang='lat' dir='ltr'>seu</span> <span class='ocrx_word' id='word_1_106' title='bbox 693 1237 789 1269; x_wconf 90' lang='lat' dir='ltr'>domo</span> <span class='ocrx_word' id='word_1_107' title='bbox 826 1236 970 1279; x_wconf 85' lang='lat' dir='ltr'>regulari</span> <span class='ocrx_word' id='word_1_108' title='bbox 1003 1236 1042 1269; x_wconf 89' lang='lat' dir='ltr'>de</span> <span class='ocrx_word' id='word_1_109' title='bbox 1079 1235 1163 1268; x_wconf 86' lang='lat' dir='ltr'>Urbe</span> 
     </span>
     <span class='ocr_line' id='line_1_24' title="bbox 423 1290 1163 1332; baseline 0 -11"><span class='ocrx_word' id='word_1_110' title='bbox 423 1290 591 1332; x_wconf 76' lang='lat' dir='ltr'>praefata,</span> <span class='ocrx_word' id='word_1_111' title='bbox 619 1290 674 1322; x_wconf 92' lang='lat' dir='ltr'>ubi</span> <span class='ocrx_word' id='word_1_112' title='bbox 704 1290 811 1323; x_wconf 89' lang='lat' dir='ltr'>studia</span> <span class='ocrx_word' id='word_1_113' title='bbox 847 1290 986 1332; x_wconf 83' lang='lat' dir='ltr'>vigeant,</span> <span class='ocrx_word' id='word_1_114' title='bbox 1024 1294 1056 1322; x_wconf 91' lang='lat' dir='ltr'>et</span> <span class='ocrx_word' id='word_1_115' title='bbox 1091 1293 1163 1321; x_wconf 90' lang='lat' dir='ltr'>actu</span> 
     </span>
     <span class='ocr_line' id='line_1_25' title="bbox 423 1342 1164 1386; baseline 0 -11"><span class='ocrx_word' id='word_1_116' title='bbox 423 1353 512 1376; x_wconf 81' lang='lat' dir='ltr'>sacra</span> <span class='ocrx_word' id='word_1_117' title='bbox 539 1342 706 1385; x_wconf 78' lang='lat' dir='ltr'>theologia</span> <span class='ocrx_word' id='word_1_118' title='bbox 731 1344 860 1386; x_wconf 87' lang='lat' dir='ltr'>legatur</span> <span class='ocrx_word' id='word_1_119' title='bbox 877 1371 884 1384; x_wconf 90' lang='lat'>,</span> <span class='ocrx_word' id='word_1_120' title='bbox 911 1354 927 1376; x_wconf 85' lang='lat' dir='ltr'>a</span> <span class='ocrx_word' id='word_1_121' title='bbox 952 1343 1016 1376; x_wconf 88' lang='lat' dir='ltr'>suis</span> <span class='ocrx_word' id='word_1_122' title='bbox 1054 1353 1164 1385; x_wconf 85' lang='lat' dir='ltr'>respe-</span> 
     </span>
     <span class='ocr_line' id='line_1_26' title="bbox 423 1395 1164 1440; baseline 0 -12"><span class='ocrx_word' id='word_1_123' title='bbox 423 1395 506 1429; x_wconf 88' lang='lat' dir='ltr'>ctive</span> <span class='ocrx_word' id='word_1_124' title='bbox 534 1396 758 1439; x_wconf 89' lang='lat' dir='ltr'>superioribus</span> <span class='ocrx_word' id='word_1_125' title='bbox 794 1397 1011 1440; x_wconf 81' lang='lat' dir='ltr'>deputentur,</span> <span class='ocrx_word' id='word_1_126' title='bbox 1039 1396 1077 1429; x_wconf 90' lang='lat' dir='ltr'>ad</span> <span class='ocrx_word' id='word_1_127' title='bbox 1103 1396 1164 1428; x_wconf 84' lang='lat' dir='ltr'>hoc</span> 
     </span>
     <span class='ocr_line' id='line_1_27' title="bbox 423 1449 1163 1483; baseline 0 -2"><span class='ocrx_word' id='word_1_128' title='bbox 423 1454 456 1482; x_wconf 88' lang='lat' dir='ltr'>ut</span> <span class='ocrx_word' id='word_1_129' title='bbox 475 1450 668 1483; x_wconf 80' lang='lat' dir='ltr'>Academiae</span> <span class='ocrx_word' id='word_1_130' title='bbox 695 1449 881 1483; x_wconf 84' lang='lat' dir='ltr'>huiusmodi</span> <span class='ocrx_word' id='word_1_131' title='bbox 902 1449 1045 1483; x_wconf 82' lang='lat' dir='ltr'>adscribi</span> <span class='ocrx_word' id='word_1_132' title='bbox 1069 1454 1100 1482; x_wconf 87' lang='lat' dir='ltr'>et</span> <span class='ocrx_word' id='word_1_133' title='bbox 1131 1449 1163 1481; x_wconf 92' lang='lat' dir='ltr'>in</span> 
     </span>
     <span class='ocr_line' id='line_1_28' title="bbox 425 1504 1163 1537; baseline -0.003 -1"><span class='ocrx_word' id='word_1_134' title='bbox 425 1505 462 1536; x_wconf 81' lang='lat' dir='ltr'>ea</span> <span class='ocrx_word' id='word_1_135' title='bbox 487 1509 602 1536; x_wconf 88' lang='lat' dir='ltr'>cuncta</span> <span class='ocrx_word' id='word_1_136' title='bbox 628 1504 888 1537; x_wconf 84' lang='lat' dir='ltr'>academicorum</span> <span class='ocrx_word' id='word_1_137' title='bbox 912 1514 1047 1536; x_wconf 87' lang='lat' dir='ltr'>munera</span> <span class='ocrx_word' id='word_1_138' title='bbox 1073 1512 1163 1535; x_wconf 79' lang='lat' dir='ltr'>exer-</span> 
     </span>
     <span class='ocr_line' id='line_1_29' title="bbox 425 1557 1164 1598; baseline -0.003 -8"><span class='ocrx_word' id='word_1_139' title='bbox 425 1567 499 1590; x_wconf 88' lang='lat' dir='ltr'>cere</span> <span class='ocrx_word' id='word_1_140' title='bbox 526 1558 673 1598; x_wconf 77' lang='lat' dir='ltr'>valeant3</span> <span class='ocrx_word' id='word_1_141' title='bbox 701 1557 739 1590; x_wconf 85' lang='lat' dir='ltr'>iis</span> <span class='ocrx_word' id='word_1_142' title='bbox 766 1562 881 1597; x_wconf 91' lang='lat' dir='ltr'>autem,</span> <span class='ocrx_word' id='word_1_143' title='bbox 909 1561 1069 1589; x_wconf 88' lang='lat' dir='ltr'>transacto</span> <span class='ocrx_word' id='word_1_144' title='bbox 1094 1566 1164 1588; x_wconf 88' lang='lat' dir='ltr'>sex-</span> 
     </span>
     <span class='ocr_line' id='line_1_30' title="bbox 425 1609 1165 1653; baseline -0.001 -11"><span class='ocrx_word' id='word_1_145' title='bbox 425 1611 546 1651; x_wconf 89' lang='lat' dir='ltr'>ennio,</span> <span class='ocrx_word' id='word_1_146' title='bbox 574 1611 628 1644; x_wconf 85' lang='lat' dir='ltr'>alii</span> <span class='ocrx_word' id='word_1_147' title='bbox 654 1611 717 1643; x_wconf 87' lang='lat' dir='ltr'>duo</span> <span class='ocrx_word' id='word_1_148' title='bbox 748 1616 779 1644; x_wconf 89' lang='lat' dir='ltr'>et</span> <span class='ocrx_word' id='word_1_149' title='bbox 811 1621 877 1643; x_wconf 90' lang='lat' dir='ltr'>non</span> <span class='ocrx_word' id='word_1_150' title='bbox 910 1611 1020 1653; x_wconf 87' lang='lat' dir='ltr'>plures</span> <span class='ocrx_word' id='word_1_151' title='bbox 1053 1609 1165 1642; x_wconf 87' lang='lat' dir='ltr'>subro-</span> 
     </span>
     <span class='ocr_line' id='line_1_31' title="bbox 425 1664 1164 1707; baseline -0.003 -11"><span class='ocrx_word' id='word_1_152' title='bbox 425 1670 542 1705; x_wconf 81' lang='lat' dir='ltr'>gentur</span> <span class='ocrx_word' id='word_1_153' title='bbox 559 1690 566 1703; x_wconf 95' lang='lat'><strong><em>‚</em></strong></span> <span class='ocrx_word' id='word_1_154' title='bbox 593 1664 704 1707; x_wconf 85' lang='lat' dir='ltr'>sicque</span> <span class='ocrx_word' id='word_1_155' title='bbox 731 1664 771 1697; x_wconf 92' lang='lat' dir='ltr'>de</span> <span class='ocrx_word' id='word_1_156' title='bbox 797 1664 954 1696; x_wconf 86' lang='lat' dir='ltr'>sexennio</span> <span class='ocrx_word' id='word_1_157' title='bbox 988 1664 1018 1695; x_wconf 90' lang='lat' dir='ltr'>in</span> <span class='ocrx_word' id='word_1_158' title='bbox 1051 1673 1164 1695; x_wconf 83' lang='lat' dir='ltr'>sexen-</span> 
     </span>
     <span class='ocr_line' id='line_1_32' title="bbox 425 1715 1163 1757; baseline -0.001 -9"><span class='ocrx_word' id='word_1_159' title='bbox 425 1716 514 1749; x_wconf 87' lang='lat' dir='ltr'>nium</span> <span class='ocrx_word' id='word_1_160' title='bbox 528 1716 652 1749; x_wconf 84' lang='lat' dir='ltr'>servari</span> <span class='ocrx_word' id='word_1_161' title='bbox 667 1716 797 1750; x_wconf 90' lang='lat' dir='ltr'>debeat.</span> <span class='ocrx_word' id='word_1_162' title='bbox 818 1716 962 1757; x_wconf 88' lang='lat' dir='ltr'>Demum,</span> <span class='ocrx_word' id='word_1_163' title='bbox 975 1721 1008 1748; x_wconf 91' lang='lat' dir='ltr'>ut</span> <span class='ocrx_word' id='word_1_164' title='bbox 1019 1715 1163 1749; x_wconf 89' lang='lat' dir='ltr'>eiusdem</span> 
     </span>
     <span class='ocr_line' id='line_1_33' title="bbox 426 1769 1164 1812; baseline -0.003 -10"><span class='ocrx_word' id='word_1_165' title='bbox 426 1769 617 1802; x_wconf 81' lang='lat' dir='ltr'>Academiae</span> <span class='ocrx_word' id='word_1_166' title='bbox 643 1769 881 1803; x_wconf 80' lang='lat' dir='ltr'>conservationi</span> <span class='ocrx_word' id='word_1_167' title='bbox 922 1770 1078 1812; x_wconf 83' lang='lat' dir='ltr'>bonoque</span> <span class='ocrx_word' id='word_1_168' title='bbox 1115 1779 1164 1801; x_wconf 90' lang='lat' dir='ltr'>re-</span> 
     </span>
     <span class='ocr_line' id='line_1_34' title="bbox 425 1823 1165 1865; baseline 0 -10"><span class='ocrx_word' id='word_1_169' title='bbox 425 1823 536 1865; x_wconf 80' lang='lat' dir='ltr'>gimini</span> <span class='ocrx_word' id='word_1_170' title='bbox 572 1834 699 1856; x_wconf 87' lang='lat' dir='ltr'>necnon</span> <span class='ocrx_word' id='word_1_171' title='bbox 737 1823 994 1856; x_wconf 86' lang='lat' dir='ltr'>academicorum</span> <span class='ocrx_word' id='word_1_172' title='bbox 1019 1833 1165 1856; x_wconf 88' lang='lat' dir='ltr'>commo-</span> 
     </span>
     <span class='ocr_line' id='line_1_35' title="bbox 425 1876 1162 1916; baseline -0.001 -7"><span class='ocrx_word' id='word_1_173' title='bbox 425 1877 473 1910; x_wconf 88' lang='lat' dir='ltr'>dis</span> <span class='ocrx_word' id='word_1_174' title='bbox 498 1883 529 1909; x_wconf 92' lang='lat' dir='ltr'>et</span> <span class='ocrx_word' id='word_1_175' title='bbox 547 1877 742 1910; x_wconf 79' lang='lat' dir='ltr'>utilitatibus</span> <span class='ocrx_word' id='word_1_176' title='bbox 758 1877 889 1910; x_wconf 85' lang='lat' dir='ltr'>uberius</span> <span class='ocrx_word' id='word_1_177' title='bbox 910 1878 1095 1910; x_wconf 87' lang='lat' dir='ltr'>consultum</span> <span class='ocrx_word' id='word_1_178' title='bbox 1113 1876 1162 1916; x_wconf 84' lang='lat' dir='ltr'>sit,</span> 
     </span>
     <span class='ocr_line' id='line_1_36' title="bbox 423 1931 1166 1974; baseline -0.001 -11"><span class='ocrx_word' id='word_1_179' title='bbox 423 1937 677 1974; x_wconf 87' lang='lat' dir='ltr'>promptumque</span> <span class='ocrx_word' id='word_1_180' title='bbox 705 1936 736 1964; x_wconf 89' lang='lat' dir='ltr'>et</span> <span class='ocrx_word' id='word_1_181' title='bbox 761 1937 910 1974; x_wconf 85' lang='lat' dir='ltr'>paratum</span> <span class='ocrx_word' id='word_1_182' title='bbox 935 1931 980 1963; x_wconf 88' lang='lat' dir='ltr'>eis</span> <span class='ocrx_word' id='word_1_183' title='bbox 1016 1934 1166 1974; x_wconf 87' lang='lat' dir='ltr'>suppetat</span> 
     </span>
     <span class='ocr_line' id='line_1_37' title="bbox 422 1984 1165 2027; baseline 0 -10"><span class='ocrx_word' id='word_1_184' title='bbox 422 1984 649 2027; x_wconf 86' lang='lat' dir='ltr'>praesidium,</span> <span class='ocrx_word' id='word_1_185' title='bbox 679 1985 815 2017; x_wconf 88' lang='lat' dir='ltr'>dilectos</span> <span class='ocrx_word' id='word_1_186' title='bbox 842 1984 927 2017; x_wconf 82' lang='lat' dir='ltr'>filios</span> <span class='ocrx_word' id='word_1_187' title='bbox 952 1989 1083 2017; x_wconf 91' lang='lat' dir='ltr'>nostros</span> <span class='ocrx_word' id='word_1_188' title='bbox 1119 1984 1165 2017; x_wconf 92' lang='lat' dir='ltr'>Io-</span> 
     </span>
     <span class='ocr_line' id='line_1_38' title="bbox 424 2038 1163 2081; baseline -0.001 -11"><span class='ocrx_word' id='word_1_189' title='bbox 424 2049 543 2071; x_wconf 90' lang='lat' dir='ltr'>annem</span> <span class='ocrx_word' id='word_1_190' title='bbox 569 2038 746 2081; x_wconf 80' lang='lat' dir='ltr'>Baptistam</span> <span class='ocrx_word' id='word_1_191' title='bbox 771 2038 802 2071; x_wconf 89' lang='lat' dir='ltr'>S.</span> <span class='ocrx_word' id='word_1_192' title='bbox 826 2038 1163 2081; x_wconf 86' lang='lat' dir='ltr'>CaesareiSpinulam,</span> 
     </span>
     <span class='ocr_line' id='line_1_39' title="bbox 423 2091 1166 2125; baseline 0.001 -2"><span class='ocrx_word' id='word_1_193' title='bbox 423 2091 576 2125; x_wconf 88' lang='lat' dir='ltr'>loannem</span> <span class='ocrx_word' id='word_1_194' title='bbox 601 2092 802 2125; x_wconf 91' lang='lat' dir='ltr'>Dominicum</span> <span class='ocrx_word' id='word_1_195' title='bbox 827 2092 858 2124; x_wconf 91' lang='lat' dir='ltr'>S.</span> <span class='ocrx_word' id='word_1_196' title='bbox 886 2092 1073 2124; x_wconf 89' lang='lat' dir='ltr'>Anastasiae</span> <span class='ocrx_word' id='word_1_197' title='bbox 1092 2091 1166 2124; x_wconf 84' lang='lat' dir='ltr'>Par-</span> 
     </span>
     <span class='ocr_line' id='line_1_40' title="bbox 424 2144 1166 2187; baseline 0.001 -12"><span class='ocrx_word' id='word_1_198' title='bbox 424 2145 621 2184; x_wconf 82' lang='lat' dir='ltr'>raccianum,</span> <span class='ocrx_word' id='word_1_199' title='bbox 637 2144 787 2178; x_wconf 86' lang='lat' dir='ltr'>Carolum</span> <span class='ocrx_word' id='word_1_200' title='bbox 814 2145 1031 2187; x_wconf 83' lang='lat' dir='ltr'>Augustinum</span> <span class='ocrx_word' id='word_1_201' title='bbox 1056 2144 1087 2177; x_wconf 89' lang='lat' dir='ltr'>S.</span> <span class='ocrx_word' id='word_1_202' title='bbox 1108 2145 1166 2176; x_wconf 88' lang='lat' dir='ltr'>Au-</span> 
     </span>
     <span class='ocr_line' id='line_1_41' title="bbox 425 2197 1166 2240; baseline 0.001 -12"><span class='ocrx_word' id='word_1_203' title='bbox 425 2198 543 2239; x_wconf 86' lang='lat' dir='ltr'>gustini</span> <span class='ocrx_word' id='word_1_204' title='bbox 570 2198 777 2237; x_wconf 88' lang='lat' dir='ltr'>Fabronum,</span> <span class='ocrx_word' id='word_1_205' title='bbox 804 2197 958 2230; x_wconf 90' lang='lat' dir='ltr'>loannem</span> <span class='ocrx_word' id='word_1_206' title='bbox 992 2197 1166 2240; x_wconf 86' lang='lat' dir='ltr'>Baptistam</span> 
     </span>
     <span class='ocr_line' id='line_1_42' title="bbox 424 2250 1166 2292; baseline 0.001 -11"><span class='ocrx_word' id='word_1_207' title='bbox 424 2250 455 2282; x_wconf 88' lang='lat' dir='ltr'>S.</span> <span class='ocrx_word' id='word_1_208' title='bbox 469 2250 624 2292; x_wconf 83' lang='lat' dir='ltr'>Stephani</span> <span class='ocrx_word' id='word_1_209' title='bbox 643 2251 674 2282; x_wconf 90' lang='lat' dir='ltr'>in</span> <span class='ocrx_word' id='word_1_210' title='bbox 687 2250 791 2284; x_wconf 82' lang='lat' dir='ltr'>Monte</span> <span class='ocrx_word' id='word_1_211' title='bbox 807 2250 914 2283; x_wconf 88' lang='lat' dir='ltr'>Caelio</span> <span class='ocrx_word' id='word_1_212' title='bbox 933 2251 1166 2290; x_wconf 84' lang='lat' dir='ltr'>Ptolomaeum,</span> 
     </span>
     <span class='ocr_line' id='line_1_43' title="bbox 424 2303 1167 2347; baseline 0.001 -12"><span class='ocrx_word' id='word_1_213' title='bbox 424 2303 595 2336; x_wconf 91' lang='lat' dir='ltr'>titulorum</span> <span class='ocrx_word' id='word_1_214' title='bbox 621 2304 842 2347; x_wconf 76' lang='lat' dir='ltr'>presbyteros,</span> <span class='ocrx_word' id='word_1_215' title='bbox 868 2315 998 2337; x_wconf 88' lang='lat' dir='ltr'>necnon</span> <span class='ocrx_word' id='word_1_216' title='bbox 1024 2304 1167 2336; x_wconf 87' lang='lat' dir='ltr'>Anniba-</span> 
     </span>
     <span class='ocr_line' id='line_1_44' title="bbox 424 2357 1165 2392; baseline 0.001 -3"><span class='ocrx_word' id='word_1_217' title='bbox 424 2357 488 2389; x_wconf 89' lang='lat' dir='ltr'>lem</span> <span class='ocrx_word' id='word_1_218' title='bbox 515 2357 547 2390; x_wconf 91' lang='lat' dir='ltr'>S.</span> <span class='ocrx_word' id='word_1_219' title='bbox 574 2357 690 2390; x_wconf 87' lang='lat' dir='ltr'>Mariae</span> <span class='ocrx_word' id='word_1_220' title='bbox 716 2358 748 2390; x_wconf 90' lang='lat' dir='ltr'>in</span> <span class='ocrx_word' id='word_1_221' title='bbox 780 2358 956 2392; x_wconf 87' lang='lat' dir='ltr'>Cosmedin</span> <span class='ocrx_word' id='word_1_222' title='bbox 993 2358 1165 2391; x_wconf 87' lang='lat' dir='ltr'>diaconum</span> 
     </span>
     <span class='ocr_line' id='line_1_45' title="bbox 425 2411 1167 2454; baseline -0.001 -12"><span class='ocrx_word' id='word_1_223' title='bbox 425 2411 604 2451; x_wconf 85' lang='lat' dir='ltr'>Albanum,</span> <span class='ocrx_word' id='word_1_224' title='bbox 630 2416 850 2454; x_wconf 87' lang='lat' dir='ltr'>nuncupatos,</span> <span class='ocrx_word' id='word_1_225' title='bbox 878 2417 1026 2444; x_wconf 89' lang='lat' dir='ltr'>nostrum</span> <span class='ocrx_word' id='word_1_226' title='bbox 1050 2421 1167 2444; x_wconf 85' lang='lat' dir='ltr'>secun-</span> 
     </span>
     <span class='ocr_line' id='line_1_46' title="bbox 426 2464 1167 2507; baseline 0.001 -11"><span class='ocrx_word' id='word_1_227' title='bbox 426 2465 500 2497; x_wconf 90' lang='lat' dir='ltr'>dum</span> <span class='ocrx_word' id='word_1_228' title='bbox 524 2474 653 2496; x_wconf 88' lang='lat' dir='ltr'>carnem</span> <span class='ocrx_word' id='word_1_229' title='bbox 681 2474 717 2496; x_wconf 85' lang='lat' dir='ltr'>ex</span> <span class='ocrx_word' id='word_1_230' title='bbox 742 2474 898 2507; x_wconf 86' lang='lat' dir='ltr'>germano</span> <span class='ocrx_word' id='word_1_231' title='bbox 932 2464 1029 2497; x_wconf 81' lang='lat' dir='ltr'>fratre</span> <span class='ocrx_word' id='word_1_232' title='bbox 1065 2474 1167 2506; x_wconf 89' lang='lat' dir='ltr'>nepo-</span> 
     </span>
     <span class='ocr_line' id='line_1_47' title="bbox 426 2517 1167 2560; baseline 0.001 -11"><span class='ocrx_word' id='word_1_233' title='bbox 426 2523 501 2557; x_wconf 79' lang='lat' dir='ltr'>tem,</span> <span class='ocrx_word' id='word_1_234' title='bbox 527 2517 712 2560; x_wconf 87' lang='lat' dir='ltr'>praedictae</span> <span class='ocrx_word' id='word_1_235' title='bbox 728 2522 860 2550; x_wconf 88' lang='lat' dir='ltr'>sanctae</span> <span class='ocrx_word' id='word_1_236' title='bbox 880 2517 1041 2550; x_wconf 83' lang='lat' dir='ltr'>Romanae</span> <span class='ocrx_word' id='word_1_237' title='bbox 1059 2517 1167 2550; x_wconf 86' lang='lat' dir='ltr'>Eccle-</span> 
     </span>
     <span class='ocr_line' id='line_1_48' title="bbox 425 2571 1166 2611; baseline 0 -8"><span class='ocrx_word' id='word_1_238' title='bbox 425 2571 492 2603; x_wconf 83' lang='lat' dir='ltr'>siae</span> <span class='ocrx_word' id='word_1_239' title='bbox 527 2571 719 2611; x_wconf 83' lang='lat' dir='ltr'>cardinales,</span> <span class='ocrx_word' id='word_1_240' title='bbox 747 2576 948 2603; x_wconf 87' lang='lat' dir='ltr'>memoratae</span> <span class='ocrx_word' id='word_1_241' title='bbox 975 2571 1166 2604; x_wconf 85' lang='lat' dir='ltr'>Academiae</span> 
     </span>
     <span class='ocr_line' id='line_1_49' title="bbox 425 2624 1167 2667; baseline 0.001 -10"><span class='ocrx_word' id='word_1_242' title='bbox 425 2629 629 2667; x_wconf 76' lang='lat' dir='ltr'>protectores</span> <span class='ocrx_word' id='word_1_243' title='bbox 656 2629 687 2658; x_wconf 90' lang='lat' dir='ltr'>et</span> <span class='ocrx_word' id='word_1_244' title='bbox 713 2624 905 2658; x_wconf 77' lang='lat' dir='ltr'>defensores</span> <span class='ocrx_word' id='word_1_245' title='bbox 938 2625 1167 2658; x_wconf 87' lang='lat' dir='ltr'>constituimus</span> 
     </span>
    </p>
   </div>
   <div class='ocr_carea' id='block_1_4' title="bbox 1007 227 1364 254">
    <p class='ocr_par' dir='ltr' id='par_1_4' title="bbox 1007 227 1364 254">
     <span class='ocr_line' id='line_1_50' title="bbox 1007 227 1364 254; baseline -0.003 -1"><span class='ocrx_word' id='word_1_246' title='bbox 1007 229 1104 254; x_wconf 73' lang='lat' dir='ltr'>BULLA</span> <span class='ocrx_word' id='word_1_247' title='bbox 1110 230 1126 253; x_wconf 83' lang='lat' dir='ltr'>n</span> <span class='ocrx_word' id='word_1_248' title='bbox 1132 229 1186 253; x_wconf 77' lang='lat' dir='ltr'>IUM</span> <span class='ocrx_word' id='word_1_249' title='bbox 1210 230 1228 253; x_wconf 78' lang='lat' dir='ltr'>R</span> <span class='ocrx_word' id='word_1_250' title='bbox 1234 227 1364 253; x_wconf 47' lang='lat' dir='ltr'>OtttsstNt‘tt</span> 
     </span>
    </p>
   </div>
   <div class='ocr_carea' id='block_1_5' title="bbox 1183 283 1190 2655">
    <p class='ocr_par' dir='ltr' id='par_1_5' title="bbox 1183 283 1190 2655">
     <span class='ocr_line' id='line_1_51' title="bbox 1183 283 1190 2655; baseline 0 0"><span class='ocrx_word' id='word_1_251' title='bbox 1183 283 1190 2655; x_wconf 95' lang='lat' dir='ltr'> </span> 
     </span>
    </p>
   </div>
   <div class='ocr_carea' id='block_1_6' title="bbox 1205 277 1948 534">
    <p class='ocr_par' dir='ltr' id='par_1_6' title="bbox 1205 277 1948 534">
     <span class='ocr_line' id='line_1_52' title="bbox 1205 277 1947 321; baseline 0 -10"><span class='ocrx_word' id='word_1_252' title='bbox 1205 283 1235 311; x_wconf 90' lang='lat' dir='ltr'>et</span> <span class='ocrx_word' id='word_1_253' title='bbox 1260 279 1461 321; x_wconf 81' lang='lat' dir='ltr'>deputamus,</span> <span class='ocrx_word' id='word_1_254' title='bbox 1489 287 1628 321; x_wconf 89' lang='lat' dir='ltr'>quorum</span> <span class='ocrx_word' id='word_1_255' title='bbox 1653 277 1802 318; x_wconf 86' lang='lat' dir='ltr'>consilio,</span> <span class='ocrx_word' id='word_1_256' title='bbox 1829 288 1890 321; x_wconf 88' lang='lat' dir='ltr'>ope</span> <span class='ocrx_word' id='word_1_257' title='bbox 1909 288 1947 311; x_wconf 89' lang='lat' dir='ltr'>ac</span> 
     </span>
     <span class='ocr_line' id='line_1_53' title="bbox 1206 331 1947 375; baseline 0.001 -12"><span class='ocrx_word' id='word_1_258' title='bbox 1206 331 1388 374; x_wconf 89' lang='lat' dir='ltr'>patrocinio</span> <span class='ocrx_word' id='word_1_259' title='bbox 1416 339 1477 364; x_wconf 84' lang='lat' dir='ltr'>tam</span> <span class='ocrx_word' id='word_1_260' title='bbox 1504 331 1689 374; x_wconf 86' lang='lat' dir='ltr'>supradicta</span> <span class='ocrx_word' id='word_1_261' title='bbox 1715 342 1810 374; x_wconf 84' lang='lat' dir='ltr'>qnam</span> <span class='ocrx_word' id='word_1_262' title='bbox 1848 342 1947 375; x_wconf 86' lang='lat' dir='ltr'>quae-</span> 
     </span>
     <span class='ocr_line' id='line_1_54' title="bbox 1206 384 1948 427; baseline 0 -11"><span class='ocrx_word' id='word_1_263' title='bbox 1206 395 1344 427; x_wconf 82' lang='lat' dir='ltr'>cumque</span> <span class='ocrx_word' id='word_1_264' title='bbox 1370 384 1433 417; x_wconf 91' lang='lat' dir='ltr'>alia</span> <span class='ocrx_word' id='word_1_265' title='bbox 1458 385 1497 417; x_wconf 90' lang='lat' dir='ltr'>ad</span> <span class='ocrx_word' id='word_1_266' title='bbox 1523 384 1790 417; x_wconf 88' lang='lat' dir='ltr'>constitutionum</span> <span class='ocrx_word' id='word_1_267' title='bbox 1816 390 1847 417; x_wconf 90' lang='lat' dir='ltr'>et</span> <span class='ocrx_word' id='word_1_268' title='bbox 1883 390 1948 417; x_wconf 92' lang='lat' dir='ltr'>sta-</span> 
     </span>
     <span class='ocr_line' id='line_1_55' title="bbox 1207 437 1947 481; baseline 0.001 -12"><span class='ocrx_word' id='word_1_269' title='bbox 1207 443 1349 470; x_wconf 90' lang='lat' dir='ltr'>tutorum</span> <span class='ocrx_word' id='word_1_270' title='bbox 1372 438 1592 481; x_wconf 74' lang='lat' dir='ltr'>praefatorum</span> <span class='ocrx_word' id='word_1_271' title='bbox 1614 437 1862 476; x_wconf 81' lang='lat' dir='ltr'>observantiam,</span> <span class='ocrx_word' id='word_1_272' title='bbox 1877 448 1947 470; x_wconf 86' lang='lat' dir='ltr'>aca-</span> 
     </span>
     <span class='ocr_line' id='line_1_56' title="bbox 1206 491 1944 534; baseline -0.001 -10"><span class='ocrx_word' id='word_1_273' title='bbox 1206 492 1403 525; x_wconf 87' lang='lat' dir='ltr'>demicorum</span> <span class='ocrx_word' id='word_1_274' title='bbox 1421 492 1651 524; x_wconf 86' lang='lat' dir='ltr'>admissionem</span> <span class='ocrx_word' id='word_1_275' title='bbox 1667 491 1944 534; x_wconf 82' lang='lat' dir='ltr'>etexpulsionem,</span> 
     </span>
    </p>
   </div>
   <div class='ocr_carea' id='block_1_7' title="bbox 1184 544 1947 641">
    <p class='ocr_par' dir='ltr' id='par_1_7' title="bbox 1184 544 1947 641">
     <span class='ocr_line' id='line_1_57' title="bbox 1184 544 1946 593; baseline 0 -16"><span class='ocrx_word' id='word_1_276' title='bbox 1184 545 1368 593; x_wconf 23' lang='lat' dir='ltr'>&#39;secretarii</span> <span class='ocrx_word' id='word_1_277' title='bbox 1393 551 1424 578; x_wconf 89' lang='lat' dir='ltr'>et</span> <span class='ocrx_word' id='word_1_278' title='bbox 1441 555 1614 577; x_wconf 89' lang='lat' dir='ltr'>censorum</span> <span class='ocrx_word' id='word_1_279' title='bbox 1640 544 1885 588; x_wconf 85' lang='lat' dir='ltr'>deputationem</span> <span class='ocrx_word' id='word_1_280' title='bbox 1914 551 1946 577; x_wconf 88' lang='lat' dir='ltr'>et</span> 
     </span>
     <span class='ocr_line' id='line_1_58' title="bbox 1184 595 1947 641; baseline 0 -12"><span class='ocrx_word' id='word_1_281' title='bbox 1184 595 1402 631; x_wconf 59' lang='lat' dir='ltr'>*amotionem</span> <span class='ocrx_word' id='word_1_282' title='bbox 1436 597 1640 641; x_wconf 82' lang='lat' dir='ltr'>spectantia,</span> <span class='ocrx_word' id='word_1_283' title='bbox 1676 608 1712 630; x_wconf 87' lang='lat' dir='ltr'>ac</span> <span class='ocrx_word' id='word_1_284' title='bbox 1748 597 1947 640; x_wconf 79' lang='lat' dir='ltr'>generaliter</span> 
     </span>
    </p>
   </div>
   <div class='ocr_carea' id='block_1_8' title="bbox 1206 650 1951 1974">
    <p class='ocr_par' dir='ltr' id='par_1_8' title="bbox 1206 650 1950 1225">
     <span class='ocr_line' id='line_1_59' title="bbox 1206 650 1947 694; baseline 0 -11"><span class='ocrx_word' id='word_1_285' title='bbox 1206 651 1315 684; x_wconf 86' lang='lat' dir='ltr'>omnia</span> <span class='ocrx_word' id='word_1_286' title='bbox 1341 657 1372 684; x_wconf 89' lang='lat' dir='ltr'>et</span> <span class='ocrx_word' id='word_1_287' title='bbox 1398 651 1546 694; x_wconf 84' lang='lat' dir='ltr'>singula,</span> <span class='ocrx_word' id='word_1_288' title='bbox 1585 661 1667 694; x_wconf 84' lang='lat' dir='ltr'>quae</span> <span class='ocrx_word' id='word_1_289' title='bbox 1705 650 1744 683; x_wconf 87' lang='lat' dir='ltr'>ad</span> <span class='ocrx_word' id='word_1_290' title='bbox 1782 650 1947 683; x_wconf 85' lang='lat' dir='ltr'>salubrem</span> 
     </span>
     <span class='ocr_line' id='line_1_60' title="bbox 1207 703 1948 746; baseline -0.003 -9"><span class='ocrx_word' id='word_1_291' title='bbox 1207 704 1400 737; x_wconf 89' lang='lat' dir='ltr'>Academiae</span> <span class='ocrx_word' id='word_1_292' title='bbox 1425 704 1638 737; x_wconf 89' lang='lat' dir='ltr'>directionem</span> <span class='ocrx_word' id='word_1_293' title='bbox 1658 730 1665 744; x_wconf 93' lang='lat'>,</span> <span class='ocrx_word' id='word_1_294' title='bbox 1692 703 1843 746; x_wconf 83' lang='lat' dir='ltr'>illiusque</span> <span class='ocrx_word' id='word_1_295' title='bbox 1871 713 1948 746; x_wconf 86' lang='lat' dir='ltr'>pro-</span> 
     </span>
     <span class='ocr_line' id='line_1_61' title="bbox 1207 756 1946 799; baseline -0.001 -10"><span class='ocrx_word' id='word_1_296' title='bbox 1207 767 1373 799; x_wconf 88' lang='lat' dir='ltr'>gressum,</span> <span class='ocrx_word' id='word_1_297' title='bbox 1395 757 1492 789; x_wconf 83' lang='lat' dir='ltr'>decus</span> <span class='ocrx_word' id='word_1_298' title='bbox 1510 762 1541 789; x_wconf 92' lang='lat' dir='ltr'>et</span> <span class='ocrx_word' id='word_1_299' title='bbox 1557 761 1787 789; x_wconf 88' lang='lat' dir='ltr'>ornamentum</span> <span class='ocrx_word' id='word_1_300' title='bbox 1811 756 1946 788; x_wconf 87' lang='lat' dir='ltr'>tendere</span> 
     </span>
     <span class='ocr_line' id='line_1_62' title="bbox 1207 809 1948 852; baseline 0 -11"><span class='ocrx_word' id='word_1_301' title='bbox 1207 815 1237 842; x_wconf 90' lang='lat' dir='ltr'>et</span> <span class='ocrx_word' id='word_1_302' title='bbox 1261 810 1446 843; x_wconf 84' lang='lat' dir='ltr'>conducere</span> <span class='ocrx_word' id='word_1_303' title='bbox 1472 809 1690 850; x_wconf 84' lang='lat' dir='ltr'>videbuntur,</span> <span class='ocrx_word' id='word_1_304' title='bbox 1718 814 1867 852; x_wconf 85' lang='lat' dir='ltr'>agantur,</span> <span class='ocrx_word' id='word_1_305' title='bbox 1884 814 1948 841; x_wconf 87' lang='lat' dir='ltr'>sta—</span> 
     </span>
     <span class='ocr_line' id='line_1_63' title="bbox 1208 861 1947 895; baseline 0 -1"><span class='ocrx_word' id='word_1_306' title='bbox 1208 868 1340 895; x_wconf 90' lang='lat' dir='ltr'>tuantur</span> <span class='ocrx_word' id='word_1_307' title='bbox 1362 868 1391 895; x_wconf 87' lang='lat' dir='ltr'>et</span> <span class='ocrx_word' id='word_1_308' title='bbox 1407 862 1610 895; x_wconf 88' lang='lat' dir='ltr'>ordinentur.</span> <span class='ocrx_word' id='word_1_309' title='bbox 1638 861 1700 895; x_wconf 64' lang='lat' dir='ltr'>NOS</span> <span class='ocrx_word' id='word_1_310' title='bbox 1718 862 1804 894; x_wconf 92' lang='lat' dir='ltr'>enim</span> <span class='ocrx_word' id='word_1_311' title='bbox 1823 861 1947 894; x_wconf 87' lang='lat' dir='ltr'>eisdem</span> 
     </span>
     <span class='ocr_line' id='line_1_64' title="bbox 1207 914 1948 959; baseline -0.003 -11"><span class='ocrx_word' id='word_1_312' title='bbox 1207 927 1242 948; x_wconf 88' lang='lat' dir='ltr'>ac</span> <span class='ocrx_word' id='word_1_313' title='bbox 1268 926 1326 959; x_wconf 85' lang='lat' dir='ltr'>pro</span> <span class='ocrx_word' id='word_1_314' title='bbox 1353 921 1500 958; x_wconf 88' lang='lat' dir='ltr'>tempore</span> <span class='ocrx_word' id='word_1_315' title='bbox 1519 915 1732 948; x_wconf 81' lang='lat' dir='ltr'>existentibus</span> <span class='ocrx_word' id='word_1_316' title='bbox 1757 914 1948 958; x_wconf 89' lang='lat' dir='ltr'>protectori-</span> 
     </span>
     <span class='ocr_line' id='line_1_65' title="bbox 1207 968 1948 1012; baseline 0 -11"><span class='ocrx_word' id='word_1_317' title='bbox 1207 970 1277 1008; x_wconf 85' lang='lat' dir='ltr'>bus,</span> <span class='ocrx_word' id='word_1_318' title='bbox 1292 980 1350 1012; x_wconf 89' lang='lat' dir='ltr'>per</span> <span class='ocrx_word' id='word_1_319' title='bbox 1375 980 1433 1002; x_wconf 87' lang='lat' dir='ltr'>nos</span> <span class='ocrx_word' id='word_1_320' title='bbox 1460 975 1492 1001; x_wconf 90' lang='lat' dir='ltr'>et</span> <span class='ocrx_word' id='word_1_321' title='bbox 1516 968 1633 1002; x_wconf 88' lang='lat' dir='ltr'>Sedem</span> <span class='ocrx_word' id='word_1_322' title='bbox 1660 968 1883 1012; x_wconf 86' lang='lat' dir='ltr'>Apostolicam</span> <span class='ocrx_word' id='word_1_323' title='bbox 1897 979 1948 1011; x_wconf 90' lang='lat' dir='ltr'>pa-</span> 
     </span>
     <span class='ocr_line' id='line_1_66' title="bbox 1207 1021 1949 1065; baseline -0.001 -11"><span class='ocrx_word' id='word_1_324' title='bbox 1207 1022 1285 1055; x_wconf 90' lang='lat' dir='ltr'>riter</span> <span class='ocrx_word' id='word_1_325' title='bbox 1311 1022 1506 1065; x_wconf 85' lang='lat' dir='ltr'>deputandis</span> <span class='ocrx_word' id='word_1_326' title='bbox 1526 1048 1533 1062; x_wconf 87' lang='lat'>‚</span> <span class='ocrx_word' id='word_1_327' title='bbox 1561 1023 1717 1065; x_wconf 88' lang='lat' dir='ltr'>plenam,</span> <span class='ocrx_word' id='word_1_328' title='bbox 1750 1021 1885 1054; x_wconf 86' lang='lat' dir='ltr'>liberam</span> <span class='ocrx_word' id='word_1_329' title='bbox 1917 1026 1949 1054; x_wconf 90' lang='lat' dir='ltr'>et</span> 
     </span>
     <span class='ocr_line' id='line_1_67' title="bbox 1207 1075 1949 1119; baseline -0.003 -11"><span class='ocrx_word' id='word_1_330' title='bbox 1207 1077 1348 1119; x_wconf 87' lang='lat' dir='ltr'>amplam</span> <span class='ocrx_word' id='word_1_331' title='bbox 1374 1076 1413 1108; x_wconf 88' lang='lat' dir='ltr'>ad</span> <span class='ocrx_word' id='word_1_332' title='bbox 1439 1075 1615 1118; x_wconf 83' lang='lat' dir='ltr'>praemissa</span> <span class='ocrx_word' id='word_1_333' title='bbox 1640 1075 1824 1107; x_wconf 82' lang='lat' dir='ltr'>facultatem</span> <span class='ocrx_word' id='word_1_334' title='bbox 1844 1079 1876 1106; x_wconf 88' lang='lat' dir='ltr'>et</span> <span class='ocrx_word' id='word_1_335' title='bbox 1893 1085 1949 1107; x_wconf 90' lang='lat' dir='ltr'>au-</span> 
     </span>
     <span class='ocr_line' id='line_1_68' title="bbox 1207 1127 1950 1162; baseline 0 -1"><span class='ocrx_word' id='word_1_336' title='bbox 1207 1129 1391 1162; x_wconf 87' lang='lat' dir='ltr'>ctoritatem</span> <span class='ocrx_word' id='word_1_337' title='bbox 1418 1129 1532 1161; x_wconf 86' lang='lat' dir='ltr'>harum</span> <span class='ocrx_word' id='word_1_338' title='bbox 1551 1128 1636 1161; x_wconf 88' lang='lat' dir='ltr'>serie</span> <span class='ocrx_word' id='word_1_339' title='bbox 1654 1127 1826 1160; x_wconf 85' lang='lat' dir='ltr'>tribuimus</span> <span class='ocrx_word' id='word_1_340' title='bbox 1844 1131 1875 1160; x_wconf 93' lang='lat' dir='ltr'>et</span> <span class='ocrx_word' id='word_1_341' title='bbox 1892 1127 1950 1161; x_wconf 89' lang='lat' dir='ltr'>im-</span> 
     </span>
     <span class='ocr_line' id='line_1_69' title="bbox 1207 1182 1851 1225; baseline -0.002 -11"><span class='ocrx_word' id='word_1_342' title='bbox 1207 1182 1376 1225; x_wconf 90' lang='lat' dir='ltr'>partimur.</span> <span class='ocrx_word' id='word_1_343' title='bbox 1849 1189 1851 1191; x_wconf 82' lang='lat'>&#39;</span> 
     </span>
    </p>

    <p class='ocr_par' dir='ltr' id='par_1_9' title="bbox 1207 1233 1948 1439">
     <span class='ocr_line' id='line_1_70' title="bbox 1251 1233 1948 1278; baseline 0 -11"><span class='ocrx_word' id='word_1_344' title='bbox 1251 1235 1265 1278; x_wconf 62' lang='lat' dir='ltr'>g</span> <span class='ocrx_word' id='word_1_345' title='bbox 1282 1235 1312 1267; x_wconf 84' lang='lat'>5.</span> <span class='ocrx_word' id='word_1_346' title='bbox 1332 1235 1561 1275; x_wconf 85' lang='lat' dir='ltr'>Decernentes‚</span> <span class='ocrx_word' id='word_1_347' title='bbox 1580 1234 1669 1278; x_wconf 89' lang='lat' dir='ltr'>ipsas</span> <span class='ocrx_word' id='word_1_348' title='bbox 1688 1239 1878 1277; x_wconf 87' lang='lat' dir='ltr'>praesentes</span> <span class='ocrx_word' id='word_1_349' title='bbox 1896 1233 1948 1267; x_wconf 90' lang='lat' dir='ltr'>lit—</span> 
     </span>
     <span class='ocr_line' id='line_1_71' title="bbox 1209 1287 1948 1331; baseline -0.001 -10"><span class='ocrx_word' id='word_1_350' title='bbox 1209 1293 1313 1329; x_wconf 87' lang='lat' dir='ltr'>teras,</span> <span class='ocrx_word' id='word_1_351' title='bbox 1340 1299 1376 1321; x_wconf 92' lang='lat' dir='ltr'>ac</span> <span class='ocrx_word' id='word_1_352' title='bbox 1401 1287 1509 1320; x_wconf 87' lang='lat' dir='ltr'>omnia</span> <span class='ocrx_word' id='word_1_353' title='bbox 1539 1293 1571 1320; x_wconf 89' lang='lat' dir='ltr'>et</span> <span class='ocrx_word' id='word_1_354' title='bbox 1607 1288 1734 1330; x_wconf 85' lang='lat' dir='ltr'>singula</span> <span class='ocrx_word' id='word_1_355' title='bbox 1770 1287 1948 1331; x_wconf 86' lang='lat' dir='ltr'>praemissa</span> 
     </span>
     <span class='ocr_line' id='line_1_72' title="bbox 1208 1341 1946 1381; baseline -0.001 -7"><span class='ocrx_word' id='word_1_356' title='bbox 1208 1342 1308 1381; x_wconf 78' lang='lat' dir='ltr'>firma,</span> <span class='ocrx_word' id='word_1_357' title='bbox 1325 1341 1431 1375; x_wconf 88' lang='lat' dir='ltr'>valida</span> <span class='ocrx_word' id='word_1_358' title='bbox 1445 1347 1476 1374; x_wconf 90' lang='lat' dir='ltr'>et</span> <span class='ocrx_word' id='word_1_359' title='bbox 1490 1341 1631 1375; x_wconf 83' lang='lat' dir='ltr'>efficacia</span> <span class='ocrx_word' id='word_1_360' title='bbox 1655 1341 1792 1374; x_wconf 84' lang='lat' dir='ltr'>existere</span> <span class='ocrx_word' id='word_1_361' title='bbox 1813 1346 1846 1374; x_wconf 85' lang='lat' dir='ltr'>et</span> <span class='ocrx_word' id='word_1_362' title='bbox 1863 1341 1946 1381; x_wconf 87' lang='lat' dir='ltr'>fore,</span> 
     </span>
     <span class='ocr_line' id='line_1_73' title="bbox 1207 1393 1666 1439; baseline -0.002 -11"><span class='ocrx_word' id='word_1_363' title='bbox 1207 1406 1352 1439; x_wconf 82' lang='lat' dir='ltr'>suosque</span> <span class='ocrx_word' id='word_1_364' title='bbox 1379 1395 1555 1439; x_wconf 86' lang='lat' dir='ltr'>plenarios,</span> <span class='ocrx_word' id='word_1_365' title='bbox 1581 1393 1666 1428; x_wconf 87' lang='lat' dir='ltr'>etc.¹</span> 
     </span>
    </p>

    <p class='ocr_par' dir='ltr' id='par_1_10' title="bbox 1206 1447 1948 1706">
     <span class='ocr_line' id='line_1_74' title="bbox 1250 1447 1947 1492; baseline -0.003 -10"><span class='ocrx_word' id='word_1_366' title='bbox 1250 1449 1265 1492; x_wconf 61' lang='lat' dir='ltr'>g</span> <span class='ocrx_word' id='word_1_367' title='bbox 1290 1448 1320 1482; x_wconf 84' lang='lat'>6.</span> <span class='ocrx_word' id='word_1_368' title='bbox 1349 1449 1416 1482; x_wconf 89' lang='lat' dir='ltr'>Non</span> <span class='ocrx_word' id='word_1_369' title='bbox 1443 1448 1645 1482; x_wconf 86' lang='lat' dir='ltr'>obstantibus</span> <span class='ocrx_word' id='word_1_370' title='bbox 1663 1447 1947 1481; x_wconf 85' lang='lat' dir='ltr'>constitutionibus</span> 
     </span>
     <span class='ocr_line' id='line_1_75' title="bbox 1208 1501 1947 1545; baseline -0.001 -10"><span class='ocrx_word' id='word_1_371' title='bbox 1208 1507 1239 1534; x_wconf 83' lang='lat' dir='ltr'>et</span> <span class='ocrx_word' id='word_1_372' title='bbox 1267 1502 1528 1535; x_wconf 85' lang='lat' dir='ltr'>ordinationibus</span> <span class='ocrx_word' id='word_1_373' title='bbox 1560 1501 1770 1545; x_wconf 87' lang='lat' dir='ltr'>apostolicis,</span> <span class='ocrx_word' id='word_1_374' title='bbox 1799 1511 1947 1541; x_wconf 88' lang='lat' dir='ltr'>necnon,</span> 
     </span>
     <span class='ocr_line' id='line_1_76' title="bbox 1207 1554 1947 1599; baseline -0.001 -11"><span class='ocrx_word' id='word_1_375' title='bbox 1207 1560 1367 1599; x_wconf 88' lang='lat' dir='ltr'>quatenus</span> <span class='ocrx_word' id='word_1_376' title='bbox 1395 1566 1477 1598; x_wconf 90' lang='lat' dir='ltr'>opus</span> <span class='ocrx_word' id='word_1_377' title='bbox 1516 1555 1576 1595; x_wconf 90' lang='lat' dir='ltr'>sit,</span> <span class='ocrx_word' id='word_1_378' title='bbox 1612 1554 1705 1587; x_wconf 83' lang='lat' dir='ltr'>Urbis</span> <span class='ocrx_word' id='word_1_379' title='bbox 1732 1559 1764 1587; x_wconf 91' lang='lat' dir='ltr'>et</span> <span class='ocrx_word' id='word_1_380' title='bbox 1788 1554 1947 1597; x_wconf 72' lang='lat' dir='ltr'>gymnasii</span> 
     </span>
     <span class='ocr_line' id='line_1_77' title="bbox 1207 1607 1948 1652; baseline -0.003 -10"><span class='ocrx_word' id='word_1_381' title='bbox 1207 1609 1440 1652; x_wconf 80' lang='lat' dir='ltr'>praefatorum,</span> <span class='ocrx_word' id='word_1_382' title='bbox 1450 1619 1485 1641; x_wconf 90' lang='lat' dir='ltr'>ac</span> <span class='ocrx_word' id='word_1_383' title='bbox 1498 1618 1780 1651; x_wconf 84' lang='lat' dir='ltr'>quorumcumque</span> <span class='ocrx_word' id='word_1_384' title='bbox 1791 1607 1948 1640; x_wconf 89' lang='lat' dir='ltr'>Ordinum</span> 
     </span>
     <span class='ocr_line' id='line_1_78' title="bbox 1206 1660 1883 1706; baseline -0.004 -10"><span class='ocrx_word' id='word_1_385' title='bbox 1206 1663 1419 1706; x_wconf 83' lang='lat' dir='ltr'>regularium,</span> <span class='ocrx_word' id='word_1_386' title='bbox 1446 1661 1544 1694; x_wconf 87' lang='lat' dir='ltr'>etiam</span> <span class='ocrx_word' id='word_1_387' title='bbox 1568 1661 1765 1701; x_wconf 88' lang='lat' dir='ltr'>iuramento,</span> <span class='ocrx_word' id='word_1_388' title='bbox 1793 1666 1854 1693; x_wconf 82' lang='lat' dir='ltr'>etc.</span> <span class='ocrx_word' id='word_1_389' title='bbox 1871 1660 1883 1677; x_wconf 74' lang='lat'><strong>²</strong></span> 
     </span>
    </p>

    <p class='ocr_par' dir='ltr' id='par_1_11' title="bbox 1207 1714 1951 1911">
     <span class='ocr_line' id='line_1_79' title="bbox 1251 1714 1951 1758; baseline -0.001 -10"><span class='ocrx_word' id='word_1_390' title='bbox 1251 1716 1364 1749; x_wconf 83' lang='lat' dir='ltr'>Datum</span> <span class='ocrx_word' id='word_1_391' title='bbox 1390 1715 1528 1755; x_wconf 82' lang='lat' dir='ltr'>Romae,</span> <span class='ocrx_word' id='word_1_392' title='bbox 1554 1715 1640 1758; x_wconf 89' lang='lat' dir='ltr'>apud</span> <span class='ocrx_word' id='word_1_393' title='bbox 1672 1714 1704 1748; x_wconf 82' lang='lat' dir='ltr'>S.</span> <span class='ocrx_word' id='word_1_394' title='bbox 1731 1714 1862 1747; x_wconf 89' lang='lat' dir='ltr'>Mariam</span> <span class='ocrx_word' id='word_1_395' title='bbox 1891 1714 1951 1747; x_wconf 88' lang='lat' dir='ltr'>Ma-</span> 
     </span>
     <span class='ocr_line' id='line_1_80' title="bbox 1207 1767 1949 1808; baseline -0.003 -5"><span class='ocrx_word' id='word_1_396' title='bbox 1207 1770 1308 1803; x_wconf 83' lang='lat' dir='ltr'>iorem</span> <span class='ocrx_word' id='word_1_397' title='bbox 1334 1770 1394 1802; x_wconf 83' lang='lat' dir='ltr'>sub</span> <span class='ocrx_word' id='word_1_398' title='bbox 1419 1769 1541 1801; x_wconf 89' lang='lat' dir='ltr'>annulo</span> <span class='ocrx_word' id='word_1_399' title='bbox 1570 1768 1766 1808; x_wconf 76' lang='lat' dir='ltr'>piscatoris,</span> <span class='ocrx_word' id='word_1_400' title='bbox 1791 1767 1843 1800; x_wconf 87' lang='lat' dir='ltr'>die</span> <span class='ocrx_word' id='word_1_401' title='bbox 1871 1778 1949 1801; x_wconf 81' lang='lat' dir='ltr'>xxm</span> 
     </span>
     <span class='ocr_line' id='line_1_81' title="bbox 1208 1821 1951 1867; baseline -0.004 -11"><span class='ocrx_word' id='word_1_402' title='bbox 1208 1824 1319 1867; x_wconf 88' lang='lat' dir='ltr'>aprilis</span> <span class='ocrx_word' id='word_1_403' title='bbox 1340 1833 1520 1862; x_wconf 68' lang='lat' dir='ltr'>iinccxvm,</span> <span class='ocrx_word' id='word_1_404' title='bbox 1547 1821 1756 1865; x_wconf 81' lang='lat' dir='ltr'>pontificatus</span> <span class='ocrx_word' id='word_1_405' title='bbox 1777 1821 1880 1854; x_wconf 86' lang='lat' dir='ltr'>nostri</span> <span class='ocrx_word' id='word_1_406' title='bbox 1900 1831 1951 1853; x_wconf 80' lang='lat' dir='ltr'>an-</span> 
     </span>
     <span class='ocr_line' id='line_1_82' title="bbox 1208 1888 1364 1911; baseline 0 -1"><span class='ocrx_word' id='word_1_407' title='bbox 1208 1889 1249 1910; x_wconf 90' lang='lat' dir='ltr'>no</span> <span class='ocrx_word' id='word_1_408' title='bbox 1274 1888 1364 1911; x_wconf 85' lang='lat' dir='ltr'>xv111.</span> 
     </span>
    </p>

    <p class='ocr_par' dir='ltr' id='par_1_12' title="bbox 1243 1937 1932 1974">
     <span class='ocr_line' id='line_1_83' title="bbox 1243 1937 1932 1974; baseline -0.004 -8"><span class='ocrx_word' id='word_1_409' title='bbox 1243 1939 1303 1966; x_wconf 87' lang='lat' dir='ltr'>Dat.</span> <span class='ocrx_word' id='word_1_410' title='bbox 1325 1939 1369 1966; x_wconf 90' lang='lat' dir='ltr'>die</span> <span class='ocrx_word' id='word_1_411' title='bbox 1384 1939 1418 1966; x_wconf 68' lang='lat'>23</span> <span class='ocrx_word' id='word_1_412' title='bbox 1437 1938 1530 1974; x_wconf 85' lang='lat' dir='ltr'>aprilis</span> <span class='ocrx_word' id='word_1_413' title='bbox 1550 1939 1627 1971; x_wconf 79' lang='lat'>1718,</span> <span class='ocrx_word' id='word_1_414' title='bbox 1649 1937 1747 1972; x_wconf 85' lang='lat' dir='ltr'>pontif.</span> <span class='ocrx_word' id='word_1_415' title='bbox 1770 1945 1841 1964; x_wconf 88' lang='lat' dir='ltr'>anno</span> <span class='ocrx_word' id='word_1_416' title='bbox 1857 1943 1932 1964; x_wconf 85' lang='lat' dir='ltr'>xviii.</span> 
     </span>
    </p>
   </div>
   <div class='ocr_carea' id='block_1_9' title="bbox 1522 2065 1631 2099">
    <p class='ocr_par' dir='ltr' id='par_1_13' title="bbox 1522 2065 1631 2099">
     <span class='ocr_line' id='line_1_84' title="bbox 1522 2065 1631 2099; baseline -0.018 0"><span class='ocrx_word' id='word_1_417' title='bbox 1522 2065 1631 2099; x_wconf 83' lang='lat' dir='ltr'>CCLV.</span> 
     </span>
    </p>
   </div>
   <div class='ocr_carea' id='block_1_10' title="bbox 1209 2141 1952 2350">
    <p class='ocr_par' dir='ltr' id='par_1_14' title="bbox 1209 2141 1952 2350">
     <span class='ocr_line' id='line_1_85' title="bbox 1209 2141 1951 2187; baseline -0.008 -8"><span class='ocrx_word' id='word_1_418' title='bbox 1209 2146 1378 2179; x_wconf 75' lang='lat' dir='ltr'>Statuitur</span> <span class='ocrx_word' id='word_1_419' title='bbox 1410 2149 1446 2178; x_wconf 81' lang='lat' dir='ltr'>ut</span> <span class='ocrx_word' id='word_1_420' title='bbox 1481 2144 1665 2187; x_wconf 76' lang='lat' dir='ltr'>capitulum</span> <span class='ocrx_word' id='word_1_421' title='bbox 1696 2141 1846 2186; x_wconf 73' lang='lat' dir='ltr'>qenerale</span> <span class='ocrx_word' id='word_1_422' title='bbox 1885 2151 1951 2174; x_wconf 83' lang='lat' dir='ltr'>mo-</span> 
     </span>
     <span class='ocr_line' id='line_1_86' title="bbox 1255 2196 1952 2241; baseline -0.009 -9"><span class='ocrx_word' id='word_1_423' title='bbox 1255 2199 1436 2232; x_wconf 77' lang='lat' dir='ltr'>nachorum</span> <span class='ocrx_word' id='word_1_424' title='bbox 1463 2196 1730 2241; x_wconf 67' lang='lat' dir='ltr'>Conqregyationis</span> <span class='ocrx_word' id='word_1_425' title='bbox 1758 2196 1952 2238; x_wconf 76' lang='lat' dir='ltr'>reformatae</span> 
     </span>
     <span class='ocr_line' id='line_1_87' title="bbox 1254 2248 1948 2294; baseline -0.009 -8"><span class='ocrx_word' id='word_1_426' title='bbox 1254 2253 1287 2286; x_wconf 92' lang='lat' dir='ltr'>S.</span> <span class='ocrx_word' id='word_1_427' title='bbox 1316 2251 1482 2285; x_wconf 72' lang='lat' dir='ltr'>Bernardi</span> <span class='ocrx_word' id='word_1_428' title='bbox 1505 2251 1654 2294; x_wconf 80' lang='lat' dir='ltr'>deinceps</span> <span class='ocrx_word' id='word_1_429' title='bbox 1685 2249 1845 2282; x_wconf 78' lang='lat' dir='ltr'>habeatur</span> <span class='ocrx_word' id='word_1_430' title='bbox 1876 2248 1948 2281; x_wconf 79' lang='lat' dir='ltr'>sin-</span> 
     </span>
     <span class='ocr_line' id='line_1_88' title="bbox 1253 2304 1565 2350; baseline -0.003 -12"><span class='ocrx_word' id='word_1_431' title='bbox 1253 2305 1341 2350; x_wconf 61' lang='lat' dir='ltr'>gulis</span> <span class='ocrx_word' id='word_1_432' title='bbox 1366 2304 1565 2339; x_wconf 41' lang='lat' dir='ltr'>sersenatis?</span> 
     </span>
    </p>
   </div>
   <div class='ocr_carea' id='block_1_11' title="bbox 1209 2409 1955 2667">
    <p class='ocr_par' dir='ltr' id='par_1_15' title="bbox 1247 2409 1808 2446">
     <span class='ocr_line' id='line_1_89' title="bbox 1247 2409 1808 2446; baseline -0.004 -9"><span class='ocrx_word' id='word_1_433' title='bbox 1247 2413 1257 2437; x_wconf 79' lang='lat'>1</span> <span class='ocrx_word' id='word_1_434' title='bbox 1282 2411 1397 2446; x_wconf 86' lang='lat' dir='ltr'>Reliqua</span> <span class='ocrx_word' id='word_1_435' title='bbox 1416 2419 1498 2445; x_wconf 87' lang='lat' dir='ltr'>supra</span> <span class='ocrx_word' id='word_1_436' title='bbox 1517 2418 1578 2445; x_wconf 85' lang='lat' dir='ltr'>pag.</span> <span class='ocrx_word' id='word_1_437' title='bbox 1597 2409 1648 2437; x_wconf 80' lang='lat'>703</span> <span class='ocrx_word' id='word_1_438' title='bbox 1668 2418 1686 2436; x_wconf 85' lang='lat' dir='ltr'>a</span> <span class='ocrx_word' id='word_1_439' title='bbox 1705 2410 1743 2443; x_wconf 77' lang='lat' dir='ltr'>(R.</span> <span class='ocrx_word' id='word_1_440' title='bbox 1759 2410 1808 2442; x_wconf 58' lang='lat'>12).</span> 
     </span>
    </p>

    <p class='ocr_par' dir='ltr' id='par_1_16' title="bbox 1244 2453 1808 2490">
     <span class='ocr_line' id='line_1_90' title="bbox 1244 2453 1808 2490; baseline -0.002 -9"><span class='ocrx_word' id='word_1_441' title='bbox 1244 2455 1260 2481; x_wconf 67' lang='grc' dir='ltr'>ἰ).</span> <span class='ocrx_word' id='word_1_442' title='bbox 1281 2454 1393 2490; x_wconf 81' lang='lat' dir='ltr'>Reliqua</span> <span class='ocrx_word' id='word_1_443' title='bbox 1412 2463 1493 2489; x_wconf 87' lang='lat' dir='ltr'>supra</span> <span class='ocrx_word' id='word_1_444' title='bbox 1513 2462 1573 2489; x_wconf 87' lang='lat' dir='ltr'>pag.</span> <span class='ocrx_word' id='word_1_445' title='bbox 1591 2453 1642 2480; x_wconf 85' lang='lat'>703</span> <span class='ocrx_word' id='word_1_446' title='bbox 1662 2462 1680 2480; x_wconf 84' lang='grc' dir='ltr'>α</span> <span class='ocrx_word' id='word_1_447' title='bbox 1700 2453 1738 2488; x_wconf 77' lang='lat' dir='ltr'>(n.</span> <span class='ocrx_word' id='word_1_448' title='bbox 1760 2453 1808 2488; x_wconf 60' lang='lat'>72).</span> 
     </span>
    </p>

    <p class='ocr_par' dir='ltr' id='par_1_17' title="bbox 1209 2497 1955 2667">
     <span class='ocr_line' id='line_1_91' title="bbox 1245 2497 1951 2532; baseline -0.004 -6"><span class='ocrx_word' id='word_1_449' title='bbox 1245 2499 1260 2526; x_wconf 92' lang='lat'><strong>3</strong></span> <span class='ocrx_word' id='word_1_450' title='bbox 1280 2498 1370 2525; x_wconf 85' lang='lat' dir='ltr'>Const.</span> <span class='ocrx_word' id='word_1_451' title='bbox 1393 2499 1437 2525; x_wconf 85' lang='lat' dir='ltr'>ed.</span> <span class='ocrx_word' id='word_1_452' title='bbox 1458 2505 1553 2532; x_wconf 78' lang='lat' dir='ltr'>nnccx,</span> <span class='ocrx_word' id='word_1_453' title='bbox 1575 2497 1618 2524; x_wconf 88' lang='lat' dir='ltr'>die</span> <span class='ocrx_word' id='word_1_454' title='bbox 1639 2498 1655 2524; x_wconf 92' lang='lat'>3</span> <span class='ocrx_word' id='word_1_455' title='bbox 1674 2498 1803 2529; x_wconf 89' lang='lat' dir='ltr'>octobris,</span> <span class='ocrx_word' id='word_1_456' title='bbox 1825 2497 1913 2532; x_wconf 80' lang='lat' dir='ltr'>pontif</span> <span class='ocrx_word' id='word_1_457' title='bbox 1924 2503 1951 2530; x_wconf 85' lang='lat' dir='ltr'>x,</span> 
     </span>
     <span class='ocr_line' id='line_1_92' title="bbox 1209 2541 1955 2577; baseline -0.003 -7"><span class='ocrx_word' id='word_1_458' title='bbox 1209 2546 1321 2570; x_wconf 81' lang='lat' dir='ltr'>avocata</span> <span class='ocrx_word' id='word_1_459' title='bbox 1340 2542 1390 2569; x_wconf 87' lang='lat' dir='ltr'>fuit</span> <span class='ocrx_word' id='word_1_460' title='bbox 1409 2542 1441 2568; x_wconf 90' lang='lat' dir='ltr'>lis</span> <span class='ocrx_word' id='word_1_461' title='bbox 1461 2550 1542 2577; x_wconf 86' lang='lat' dir='ltr'>super</span> <span class='ocrx_word' id='word_1_462' title='bbox 1561 2542 1725 2576; x_wconf 85' lang='lat' dir='ltr'>aequalitate</span> <span class='ocrx_word' id='word_1_463' title='bbox 1742 2541 1909 2575; x_wconf 75' lang='lat' dir='ltr'>officiorum3</span> <span class='ocrx_word' id='word_1_464' title='bbox 1925 2543 1955 2568; x_wconf 86' lang='lat' dir='ltr'>et.</span> 
     </span>
     <span class='ocr_line' id='line_1_93' title="bbox 1210 2585 1952 2621; baseline -0.003 -7"><span class='ocrx_word' id='word_1_465' title='bbox 1210 2592 1296 2615; x_wconf 88' lang='lat' dir='ltr'>const.</span> <span class='ocrx_word' id='word_1_466' title='bbox 1317 2587 1361 2614; x_wconf 84' lang='lat' dir='ltr'>ed.</span> <span class='ocrx_word' id='word_1_467' title='bbox 1383 2593 1500 2614; x_wconf 66' lang='lat' dir='ltr'>nincuxlx</span> <span class='ocrx_word' id='word_1_468' title='bbox 1514 2609 1521 2620; x_wconf 97' lang='lat'>,</span> <span class='ocrx_word' id='word_1_469' title='bbox 1541 2586 1585 2613; x_wconf 90' lang='lat' dir='ltr'>die</span> <span class='ocrx_word' id='word_1_470' title='bbox 1606 2587 1621 2612; x_wconf 88' lang='lat'><strong>3</strong></span> <span class='ocrx_word' id='word_1_471' title='bbox 1641 2586 1751 2621; x_wconf 88' lang='lat' dir='ltr'>aprilis,</span> <span class='ocrx_word' id='word_1_472' title='bbox 1772 2585 1868 2621; x_wconf 82' lang='lat' dir='ltr'>pontif.</span> <span class='ocrx_word' id='word_1_473' title='bbox 1891 2592 1952 2621; x_wconf 75' lang='lat' dir='ltr'>xxx,</span> 
     </span>
     <span class='ocr_line' id='line_1_94' title="bbox 1210 2631 1721 2667; baseline -0.006 -6"><span class='ocrx_word' id='word_1_474' title='bbox 1210 2633 1384 2661; x_wconf 83' lang='lat' dir='ltr'>confirmatur</span> <span class='ocrx_word' id='word_1_475' title='bbox 1404 2639 1535 2667; x_wconf 80' lang='lat' dir='ltr'>praesens</span> <span class='ocrx_word' id='word_1_476' title='bbox 1555 2631 1721 2659; x_wconf 83' lang='lat' dir='ltr'>constitutio.</span> 
     </span>
    </p>
   </div>
   <div class='ocr_carea' id='block_1_12' title="bbox 1950 228 2136 259">
    <p class='ocr_par' dir='ltr' id='par_1_18' title="bbox 1950 228 2136 259">
     <span class='ocr_line' id='line_1_95' title="bbox 1950 228 2136 259; baseline 0.016 -3"><span class='ocrx_word' id='word_1_477' title='bbox 1950 230 1999 256; x_wconf 81' lang='lat' dir='ltr'>An.</span> <span class='ocrx_word' id='word_1_478' title='bbox 2016 230 2045 257; x_wconf 88' lang='lat' dir='ltr'>C.</span> <span class='ocrx_word' id='word_1_479' title='bbox 2068 228 2136 259; x_wconf 80' lang='lat'>1718</span> 
     </span>
    </p>
   </div>
   <div class='ocr_carea' id='block_1_13' title="bbox 1984 1245 2106 1265">
    <p class='ocr_par' dir='ltr' id='par_1_19' title="bbox 1984 1245 2106 1265">
     <span class='ocr_line' id='line_1_96' title="bbox 1984 1245 2106 1265; baseline 0 0"><span class='ocrx_word' id='word_1_480' title='bbox 1984 1245 2106 1265; x_wconf 79' lang='lat' dir='ltr'>Clausulae.</span> 
     </span>
    </p>
   </div>
   <div class='ocr_carea' id='block_1_14' title="bbox 1957 1456 2145 1509">
    <p class='ocr_par' dir='ltr' id='par_1_20' title="bbox 1957 1456 2145 1509">
     <span class='ocr_line' id='line_1_97' title="bbox 1984 1456 2145 1478; baseline 0.012 -2"><span class='ocrx_word' id='word_1_481' title='bbox 1984 1456 2145 1478; x_wconf 81' lang='lat' dir='ltr'>Contrariorum</span> 
     </span>
     <span class='ocr_line' id='line_1_98' title="bbox 1957 1484 2080 1509; baseline -0.008 -4"><span class='ocrx_word' id='word_1_482' title='bbox 1957 1484 2080 1509; x_wconf 72' lang='lat' dir='ltr'>derogatio.</span> 
     </span>
    </p>
   </div>
  </div>
 </body>
</html>
