2269 3203
260 247 297 274 An
327 247 356 274 C.
377 246 443 274 1720

287 2277 445 2298 Contrariorum

260 2303 379 2328 derogatio.

489 238 553 272 8⁶28

453 298 526 330 tatis
551 297 639 337 vitio,
664 307 720 330 seu
751 297 945 331 intentionis
982 302 1112 330 nostrae
1142 298 1193 330 vel

453 350 613 384 interesse
640 350 830 384 habentium
856 352 1061 390 consensus,
1090 350 1193 383 aliove

453 405 602 448 quolibet
638 405 734 437 etiam
767 404 974 447 quantumvis
1010 413 1127 445 magno
1164 408 1195 436 et

453 458 657 491 substantiali
687 468 724 490 ac
756 457 977 499 inexcogitato
1004 462 1037 489 et
1068 457 1195 490 inexco—

453 511 578 553 gitabili
605 510 871 553 individuamque
891 509 1132 552 expressionem
1150 520 1195 543 re-

454 565 602 607 quirente
629 564 756 596 defectu
782 563 900 603 notari,
926 563 1122 606 impugnari,
1147 563 1195 596 in-

453 617 563 660 fringi,
591 616 771 656 invalidam-i,
798 616 980 656 retractari,
1006 616 1039 648 in
1065 621 1196 649 contro-

452 671 591 703 versiam
616 670 744 709 vocari,
771 675 824 702 ant
857 670 895 702 ad
922 670 1082 703 terminos
1116 669 1195 702 iuris

453 724 575 763 reduci,
612 734 667 756 seu
708 724 861 756 adversus
893 723 965 756 illas
1003 723 1195 766 aperitionis

454 777 531 816 oris,
556 776 773 810 restitutionis
804 777 837 809 in
868 777 1039 819 integrum,
1070 777 1194 810 aliudve

453 831 684 873 quodcumque
710 830 802 870 iuris,
828 830 903 863 sacti
926 830 977 863 vel
1003 830 1125 873 gratiae
1146 841 1196 863 re—

452 884 594 916 medium
613 883 766 917 intentari
792 885 841 917 vel
867 883 1046 927 impetrari,
1064 889 1118 916 aut
1138 883 1196 916 im-

452 941 606 979 petrato,
645 947 701 970 seu
733 937 830 969 etiam
866 942 979 977 motu,
1006 937 1141 969 scientia
1165 941 1196 969 et

452 990 624 1032 potestatis
649 990 855 1033 plenitudine
880 990 1014 1034 paribus
1040 1000 1195 1024 concesso

454 1043 502 1075 vel
529 1048 690 1083 emanato,
717 1043 902 1087 quempiam
934 1043 967 1076 in
992 1043 1113 1076 iudicio
1144 1043 1195 1075 vel

454 1101 543 1128 extra
568 1095 649 1128 illud
675 1096 721 1128 uti
748 1106 805 1129 seu
831 1106 866 1129 se
884 1096 995 1129 iuvare
1014 1096 1083 1129 ullo
1100 1096 1196 1129 modo

453 1160 566 1192 posse;
585 1150 642 1182 sed
659 1150 746 1193 ipsas
760 1154 954 1193 praesentes
972 1150 1099 1183 litteras
1119 1159 1198 1182 sem-

451 1213 513 1245 per
544 1202 665 1244 ssrmas,
687 1204 811 1237 validas
830 1208 862 1237 et
882 1204 1029 1237 efficaces
1055 1202 1197 1236 existere

454 1262 487 1289 et
516 1256 603 1297 sore,
630 1268 773 1301 suosque
799 1257 966 1301 plenarios
991 1262 1023 1290 et
1047 1256 1196 1298 integros

454 1310 590 1344 effectus
614 1310 724 1344 sortiri
746 1316 778 1344 et
802 1311 965 1351 obtinere,
987 1322 1024 1344 ac
1045 1311 1084 1344 ab
1110 1310 1196 1351 illis,

454 1364 494 1397 ad
520 1375 601 1408 quos
639 1370 766 1409 spectat
791 1370 823 1397 et
846 1376 907 1408 pro
933 1371 1079 1408 tempore
1097 1375 1198 1407 quan-

454 1417 638 1461 documque
679 1418 850 1461 spectabit,
891 1417 1128 1451 inviolabiliter
1167 1423 1198 1450 et

453 1471 648 1504 inconcusse
685 1471 870 1512 observari,
912 1471 1025 1515 sicque
1063 1476 1094 1504 et
1130 1481 1196 1503 non

454 1525 550 1557 aliter
581 1524 614 1557 in
649 1524 839 1568 praemissis
875 1534 935 1567 per
971 1535 1195 1568 quoscumque

454 1577 578 1610 iudices
609 1577 794 1611 ordinarios
827 1582 858 1610 et
883 1577 1071 1620 delegatos,
1098 1577 1197 1611 etiam

455 1642 625 1664 causarum
650 1630 763 1674 palatii
800 1631 973 1674 apostolici
1010 1631 1195 1671 auditores,

455 1695 490 1717 ac
515 1685 619 1718 dictae
645 1684 676 1717 S.
697 1684 734 1717 R.
761 1684 796 1717 Ε.
822 1684 1014 1726 cardinales,
1040 1684 1137 1718 etiam
1157 1685 1195 1717 de

454 1739 558 1771 latere
584 1739 708 1781 legatos
735 1743 766 1770 et
789 1738 954 1782 praefatae
988 1738 1079 1771 Sedis
1114 1748 1197 1770 nun-

455 1792 531 1831 cios,
551 1791 696 1835 aliosque
707 1791 872 1834 quoslibet
887 1801 1092 1834 quacumque
1106 1801 1197 1834 prae-

455 1845 632 1878 eminentia
651 1850 682 1878 et
700 1850 861 1888 potestate
879 1845 1052 1888 fungentes
1077 1850 1109 1878 et
1127 1845 1197 1877 sun—

454 1905 586 1940 cturos,
613 1900 741 1932 sublata
775 1899 821 1932 eis
854 1904 886 1932 ct
923 1910 1036 1933 eorum
1061 1899 1198 1933 cuilibet

455 1953 567 1996 quavis
592 1952 686 1986 aliter
714 1952 880 1985 iudicandi
902 1958 934 1985 et
958 1952 1196 1996 interpretandi

454 2006 608 2039 facultate
634 2011 666 2039 et
685 2006 888 2046 auctoritate,
910 2006 1053 2039 iudicari
1074 2012 1105 2040 et
1119 2007 1197 2040 defi-

455 2059 517 2091 niri
532 2059 666 2100 debere,
684 2069 719 2091 ac
733 2059 861 2091 irritum
887 2064 920 2092 et
943 2059 1039 2093 inane
1059 2060 1085 2093 si
1103 2071 1197 2093 secus

455 2122 555 2155 super
569 2112 620 2145 his
637 2123 654 2145 a
672 2123 848 2155 quoquam,
861 2112 974 2156 quavis
992 2113 1194 2154 auctoritate,

456 2165 597 2199 scienter
625 2166 676 2199 vel
701 2166 902 2208 ignoranter,
936 2167 1113 2210 contigerit
1143 2173 1198 2201 at-

457 2219 586 2252 tentari.

500 2272 514 2314 5
538 2271 570 2304 4.
597 2271 668 2304 Non
693 2272 901 2305 obstantibus
931 2272 1129 2316 praemissis,
1149 2284 1195 2314 ac,

457 2330 616 2368 quatenus
635 2336 716 2369 opus
734 2326 784 2366 sit,
799 2327 913 2359 nostra
930 2331 962 2359 et
976 2325 1196 2360 Cancellariae

456 2379 664 2422 Apostolicae
683 2380 796 2421 regula
813 2380 852 2412 de
871 2379 940 2413 iure
961 2380 1110 2423 quaesito
1131 2390 1196 2413 non

458 2431 616 2472 tollendo,
641 2431 778 2475 aliisque
803 2431 999 2475 apostolicis,
1021 2443 1058 2466 ac
1078 2431 1110 2464 in
1129 2433 1197 2465 uni-

455 2485 636 2517 versalibus
660 2484 985 2528 provincialibusque
1002 2490 1034 2518 et
1058 2486 1197 2528 synoda-

456 2537 541 2570 libus
557 2537 694 2570 concilis
714 2537 818 2578 editis,
832 2537 1039 2579 generalibus
1056 2539 1106 2571 vel
1125 2549 1195 2582 spe-

458 2589 594 2623 cialibus
609 2617 617 2632 ,
647 2590 939 2624 constitutionibus
962 2595 994 2623 et
1019 2590 1199 2623 ordinatio-

458 2643 564 2686 nibus,
585 2654 713 2678 necnon
738 2643 1010 2687 metropolitanae
1037 2644 1194 2679 ecclesiae

1030 248 1212 273 BULLARIUM
1236 247 1394 273 ROMAN'UM

1239 297 1503 340 Ebredunensis,
1523 301 1554 332 et
1579 309 1858 343 quorumcumque
1888 299 1981 333 Ordi-

1238 360 1332 389 num,
1354 351 1668 394 congregationum,
1700 352 1922 386 institutorum
1948 357 1980 386 et

1238 404 1440 445 societatum,
1458 405 1554 438 etiam
1576 406 1657 446 lesu,
1672 406 1782 439 aliisve
1802 406 1978 450 quibusvis,

1239 458 1335 491 etiam
1361 459 1558 500 iuramento,
1577 460 1823 494 confirmatione
1845 467 1979 503 aposto-

1238 511 1308 551 lica,
1325 513 1375 545 vel
1401 513 1513 556 quavis
1538 513 1687 546 firmitate
1712 513 1773 546 alia
1799 513 1977 555 roboratis,

1238 565 1363 597 statutis
1389 570 1419 598 et
1444 566 1735 599 consuetudinibus
1762 577 1797 599 ac
1821 567 1979 610 praescri-

1239 617 1415 660 ptionibus,
1450 624 1748 662 quantumcumque
1774 619 1978 662 longissimis

1239 674 1270 702 et
1288 669 1615 712 imtnemorabilibus,
1637 671 1817 714 privilegiis
1836 682 1979 715 quoque,

1239 721 1373 755 indultis
1390 729 1421 756 et
1437 724 1556 756 litteris
1577 724 1778 767 apostolicis,
1793 724 1979 764 Ordinibus,

1239 776 1562 819 congregationibus,
1586 777 1741 810 institutis
1778 782 1810 811 et
1843 778 1980 811 societa-

1240 828 1333 870 tibus,
1351 829 1448 862 etiam
1462 829 1738 874 Iesu‚praedictis‚
1758 842 1793 864 ac
1812 830 1980 874 quibusvis

1239 883 1400 925 personis,
1420 883 1517 916 etiam
1536 894 1737 927 quacumque
1759 884 1980 917 ecclesiastica

1239 936 1287 968 vei
1314 937 1478 969 mundana
1515 937 1672 980 dignitato
1707 938 1908 981 fulgentibus
1948 943 1979 971 et

1239 989 1488 1031 quomodolibet
1520 990 1733 1033 qualificatisff,
1760 991 1818 1024 sub
1851 992 1981 1035 quibus-

1239 1052 1378 1086 cumque
1403 1043 1576 1076 verborum
1604 1043 1772 1076 tenoribus
1798 1049 1830 1077 et
1854 1044 1977 1085 formis,

1240 1106 1276 1128 ac
1300 1106 1372 1128 cum
1398 1096 1563 1139 quibusvis
1582 1096 1677 1129 etiam
1697 1096 1979 1140 derogatoriarum

1240 1148 1468 1191 derogatoriis,
1496 1149 1631 1193 aliisque
1647 1150 1891 1191 efficacioribus,
1912 1151 1980 1184 effi-

1240 1201 1378 1234 cissimis
1400 1209 1431 1235 et
1451 1202 1592 1236 insolitis
1628 1203 1800 1245 clausulis,
1825 1204 1981 1237 irritanti-

1241 1255 1366 1299 busque
1393 1261 1424 1289 et
1449 1256 1520 1289 aliis
1547 1257 1697 1298 decretis,
1725 1257 1757 1290 in
1784 1268 1905 1301 genere
1929 1259 1979 1292 vel

1241 1307 1273 1340 in
1299 1309 1416 1352 specie,
1436 1309 1532 1343 etiam
1557 1310 1830 1344 consistorialiter
1854 1321 1982 1345 conces-

1241 1362 1295 1403 sis,
1322 1373 1358 1396 ac
1376 1363 1499 1406 pluries
1520 1368 1552 1396 et
1572 1364 1839 1409 quantiscumque
1858 1365 1980 1398 vicibus

1240 1414 1461 1457 confirmatis,
1503 1416 1694 1460 approbatis
1734 1422 1766 1450 et
1797 1417 1976 1458 innovatis;

1240 1469 1357 1512 quibus
1394 1469 1547 1503 omnibus
1581 1475 1613 1503 et
1649 1470 1811 1513 singulis,
1851 1471 1978 1505 etiamsi

1239 1533 1299 1565 pro
1325 1523 1499 1557 sufficienti
1532 1524 1663 1557 illorum
1697 1525 1909 1568 derogatione
1940 1526 1979 1558 de

1239 1576 1302 1609 iltis
1329 1587 1506 1621 eorumque
1526 1577 1601 1610 totis
1622 1578 1791 1611 tenoribus
1816 1578 1980 1622 specialis,

1240 1629 1408 1673 specifica,
1446 1630 1630 1671 individua,
1666 1642 1703 1664 ac
1740 1631 1780 1665 de
1816 1631 1916 1665 verbo
1941 1631 1981 1664 ad

1240 1684 1394 1727 verbum,
1427 1694 1492 1717 non
1518 1690 1627 1718 autem
1652 1695 1711 1728 per
1737 1685 1898 1718 clausulas
1925 1695 1981 1728 ge-

1240 1738 1368 1770 nerales
1394 1737 1479 1771 idem
1515 1738 1746 1781 importantes,
1774 1738 1897 1771 mentio
1923 1748 1980 1772 seu

1240 1792 1370 1834 quaevis
1409 1792 1471 1825 alia
1508 1793 1679 1836 expressio
1723 1793 1888 1832 habenda,
1928 1795 1981 1826 aut

1240 1844 1348 1888 aliqua
1372 1845 1434 1878 alia
1460 1846 1618 1889 exquisita
1644 1846 1746 1879 forma
1770 1845 1810 1878 ad
1835 1845 1898 1878 hoc
1914 1855 1981 1879 ser-

1239 1898 1342 1931 vanda
1358 1898 1452 1939 foret,
1474 1903 1605 1932 tenores
1624 1898 1824 1939 huiusmodi,
1843 1908 1878 1931 ac
1896 1899 1924 1931 si
1941 1898 1980 1932 de

1240 1952 1338 1985 verbo
1357 1952 1397 1985 ad
1422 1953 1575 1993 verbum,
1599 1952 1682 1986 nihil
1707 1952 1836 1996 penitus
1859 1952 1980 1986 omisso

1240 2009 1271 2037 et
1296 2005 1397 2038 forma
1422 2005 1456 2038 in
1480 2005 1543 2039 illis
1571 2005 1687 2039 tradita
1712 2006 1902 2046 observata,
1927 2016 1980 2039 ex-

1239 2057 1460 2101 primerentur
1484 2063 1515 2091 et
1539 2058 1775 2098 insererentur,
1801 2058 1980 2102 praesenti-

1239 2110 1298 2144 bus
1327 2122 1387 2155 pro
1408 2112 1506 2155 plene
1535 2116 1568 2144 et
1592 2111 1794 2145 sufficienter
1818 2111 1980 2154 expressis

1240 2169 1271 2197 et
1294 2164 1424 2198 insertis
1442 2165 1610 2205 habentes,
1630 2164 1693 2198 illis
1712 2164 1791 2198 alias
1805 2164 1838 2197 in
1856 2173 1914 2198 suo
1931 2174 1981 2197 ro-

1239 2218 1319 2252 bore
1336 2218 1566 2262 permansuris,
1585 2217 1624 2251 ad
1638 2217 1893 2260 praemissorum
1905 2216 1981 2250 eil'e-

1240 2277 1336 2314 ctum,
1357 2272 1418 2305 hac
1440 2272 1507 2305 rice
1532 2271 1707 2311 dumtaxat,
1734 2270 1923 2314 specialiter
1948 2275 1981 2303 et

1240 2335 1394 2369 expresse
1415 2325 1618 2368 derogamus,
1642 2324 1882 2367 etderogatum
1907 2333 1980 2357 esse

1240 2379 1405 2418 volumus,
1433 2377 1616 2421 ceterisque
1645 2376 1816 2420 contrariis
1846 2377 1981 2421 quibus-

1239 2441 1392 2474 cumque.

1283 2484 1298 2527 ἓ
1323 2484 1354 2517 5.
1383 2484 1541 2517 Volumus
1561 2489 1669 2517 autem
1694 2488 1729 2516 ut
1760 2484 1903 2527 ipsarum
1929 2483 1981 2516 lit-

1240 2542 1385 2571 terarum
1400 2537 1619 2581 transumptis,
1634 2548 1690 2571 seu
1705 2537 1874 2580 exemplis,
1885 2535 1977 2569 etc.¹.

1283 2591 1397 2624 Datum
1421 2591 1542 2624 Romae
1557 2618 1564 2632 ,
1591 2591 1678 2634 apud
1701 2590 1734 2624 S.
1761 2590 1894 2624 Mariam
1920 2589 1980 2624 Ma-

1275 2654 1285 2680 1
1310 2652 1422 2689 Reliqua
1443 2656 1471 2681 ut
1492 2660 1573 2688 supra
1592 2660 1655 2689 pag.
1677 2653 1727 2681 704
1749 2661 1766 2680 α
1785 2653 1827 2687 (a.
1846 2652 1895 2687 T.).

1982 251 2032 279 An.
2053 253 2083 280 C.
2105 253 2174 281 1720

2029 2488 2092 2509 Fides
2118 2491 2175 2510 tran-

1990 2518 2127 2541 sumptorum.
