2269 3203
101 229 151 257 An.
167 227 196 257 C.
218 228 286 257 1720

297 282 346 310 ter
370 277 402 310 in
432 276 619 321 praemissis
650 286 709 320 per
739 285 966 319 quoscumque
992 273 1037 306 iu-

296 331 382 364 dices
404 330 587 363 ordinarios
608 335 637 363 et
652 330 832 373 delegatos,
850 328 946 361 etiam
964 324 1038 359 caii-

294 394 403 416 sarum
435 384 545 427 palatii
583 383 753 426 apostolici
781 382 968 417 auditores.
1001 391 1036 413 ac

295 435 326 469 S.
347 437 381 469 R.
400 437 434 469 E.
456 436 649 476 cardinales,
670 437 765 469 etiam
793 435 965 478 generales
989 434 1037 466 in-

295 490 472 533 quisitores
499 496 530 522 et
555 490 593 522 de
620 491 721 523 latere.
748 490 885 531 legatos,
913 487 1035 520 aliosve

295 543 460 586 quoslibet
480 552 682 586 quacumque
715 541 974 585 praeeminentia
1005 547 1035 572 et

294 601 455 639 potestate
475 596 646 639 fungentes
666 599 696 628 et
710 594 891 633 suncturos,
908 593 1036 626 sublata

295 650 342 681 eis
377 655 408 682 et
433 660 546 682 eorum
574 648 708 681 cuilibet
732 647 844 691 quavis
871 649 963 680 aliter
988 647 1030 679 iu·

295 702 422 735 dicandi
440 709 469 735 et
488 702 725 744 interpretandi
752 701 904 734 facultate
931 705 961 733 et
982 711 1036 732 au-

294 756 454 795 ctoritate,
482 755 615 788 iudicari
640 761 670 788 et
692 754 820 787 definiri
840 755 979 795 debere;
1000 765 1035 787 ac
1056 765 1057 768 ’

295 809 420 841 irritum
439 815 469 842 et
488 809 597 847 inane,
621 814 683 842 ete.
701 808 721 841 ¹.

338 863 353 906 g
374 862 403 895 5.
428 861 497 895 Non
516 862 721 895 obstantibus
739 861 939 905 quibuslibet
956 871 1035 904 apo-

294 915 428 955 stolicis,
452 926 488 948 ac
512 916 546 948 in
564 915 800 949 universalibus
827 915 1034 958 provinciali-

294 969 417 1012 busque
431 969 580 1002 conciliis
598 969 692 1002 editis
707 974 737 1001 et
752 968 899 1008 edendis,
914 968 1035 1011 specla-

294 1022 377 1055 libus
396 1024 445 1055 vel
465 1022 681 1065 generalibus,
700 1021 992 1055 constitutionibus
1003 1027 1035 1054 et

294 1075 567 1115 ordinationibus,
587 1086 645 1108 nec
670 1086 736 1108 non
755 1075 1033 1119 prohibitionibus

294 1129 435 1172 desuper
462 1130 554 1162 sactis
586 1134 619 1162 ct
639 1130 670 1162 in
698 1135 864 1172 posterum
891 1139 1030 1172 quomo-

294 1183 418 1216 dolibet
455 1183 628 1223 faciendis;
664 1183 781 1226 quibus
818 1182 967 1215 omnibus
1002 1188 1034 1215 et

293 1236 444 1279 singulis,
467 1236 593 1269 etiamsi
620 1247 678 1279 pro
699 1236 831 1269 illorum
860 1235 1031 1269 sufficienti

293 1290 506 1332 derogatione
532 1290 571 1322 de
597 1289 660 1322 illis
687 1299 864 1332 eorumque
892 1290 966 1322 totis
993 1295 1033 1322 te·

293 1343 426 1376 norihus
452 1343 614 1387 specialis,
640 1342 802 1385 specifica,
829 1353 982 1386 expressa
1001 1347 1033 1375 et

291 1396 466 1436 individua,
493 1407 527 1429 ac
549 1396 589 1429 de
614 1396 713 1428 verbo
740 1396 779 1428 ad
804 1395 946 1435 verbum,
966 1406 1032 1428 non

292 1455 397 1483 autem
415 1460 474 1493 per
491 1450 653 1483 clausulas
671 1450 844 1492 generales
871 1449 956 1482 idem
975 1449 1033 1482 im-

291 1508 470 1547 portantes,
496 1503 617 1536 mentio
642 1514 696 1536 seu
728 1503 863 1546 quaevis
889 1503 952 1535 alia
978 1513 1031 1535 ex-

292 1557 420 1599 pressio
445 1557 608 1597 habenda,
626 1562 680 1589 aut
704 1557 813 1600 aliqua
839 1556 899 1589 alia
926 1556 1032 1599 exqui-

292 1610 352 1642 sita
378 1610 480 1643 forma
504 1610 542 1642 ad
568 1611 633 1643 hoc
658 1609 818 1643 servanda
845 1610 940 1649 soret,
963 1610 1032 1643 illo-

292 1673 363 1695 rum
400 1664 545 1696 omnium
587 1669 618 1696 et
654 1664 860 1706 singulorum
901 1668 1031 1696 tenores

291 1718 519 1762 praesentibus
545 1728 605 1761 pro
639 1718 734 1760 plene
761 1722 793 1750 et
829 1716 1032 1750 sufficienter

292 1772 455 1815 expressis
469 1777 500 1804 et
518 1771 650 1804 insertis
675 1771 851 1808 habentes,
871 1771 936 1804 illis
955 1771 1032 1803 alias

292 1825 322 1858 in
342 1835 400 1858 suo
422 1826 541 1858 robore
556 1824 798 1868 permansuriS,
821 1825 858 1856 ad
879 1823 1034 1867 praemis-

292 1888 400 1910 sorum
427 1877 597 1917 effectum,
619 1877 810 1920 specialiter
828 1881 860 1909 et
879 1886 1031 1919 expresse

292 1941 328 1964 ac
346 1932 504 1965 latissime
523 1932 733 1974 derogamus3
755 1930 939 1973 ceterisque
957 1940 1032 1963 con-

293 1984 401 2017 trariis
427 1985 700 2028 quibuscumque.

337 2039 353 2080 ς
380 2038 410 2070 5.
439 2038 593 2072 Volumus
618 2043 726 2071 autem
751 2043 786 2070 ut
810 2038 1031 2081 praesentium

126 872 283 894 Contrariorum

100 899 132 920 dei
139 903 217 925 ugano.

138 2046 199 2068 Fides
225 2050 282 2069 tran—

99 2077 233 2099 sumptorum.

291 2146 533 2185 bibliothecae,
560 2150 614 2178 aut
646 2145 709 2178 alio
742 2145 919 2188 conspicuo
945 2145 1032 2178 illius

290 2200 363 2233 loco
392 2200 448 2232 ubi
474 2200 513 2232 ab
532 2199 684 2232 omnibus
706 2198 797 2231 cerni
822 2204 854 2231 et
878 2198 940 2240 legi
960 2209 1032 2241 pos-

290 2254 341 2295 sit,
367 2254 494 2287 affixum
521 2253 649 2286 assidue
675 2257 852 2286 remaneat.

334 2306 446 2340 Datum
468 2307 606 2347 Romae,
625 2306 711 2350 apud
729 2305 760 2338 S.
780 2305 912 2338 Mariam
938 2305 1032 2338 Maio-

292 2369 369 2399 rem,
396 2361 455 2392 sub
481 2361 602 2393 annulo
621 2359 808 2399 Piscatoris,
827 2358 878 2391 die
898 2368 941 2391 xu
961 2358 1029 2391 iulii
1052 2377 1054 2384 ·

291 2421 432 2453 MDccxx,
448 2412 655 2456 pontificatus
670 2413 774 2446 nostri
786 2422 871 2445 anno
888 2423 938 2445 xx.

327 2474 386 2501 Dat.
408 2474 451 2501 die
473 2475 506 2501 12
525 2475 583 2502 iulii
605 2476 684 2509 1720,
707 2474 804 2510 pontif.
826 2482 898 2501 anno
919 2480 964 2500 xx.

327 2581 341 2608 1
363 2580 479 2616 Reliqua
500 2584 528 2607 ut
547 2588 607 2616 pag.
629 2581 681 2608 703
700 2590 718 2608 α
736 2583 776 2615 (a.
796 2581 844 2616 T.).

293 2092 471 2126 litterarum
509 2092 692 2135 exemplum
729 2092 761 2124 in
797 2092 896 2124 valvis
926 2091 1054 2124 dietae¹

905 224 1050 250 CLEMENS
1074 223 1108 247 xt
1132 223 1180 247 Pr.

1051 2486 1054 2516 l

1721 212 1785 246 845
1831 221 1880 249 An.
1897 222 1926 249 c.
1950 222 2018 249 1720

1359 270 1549 304 CCLXXVll.

1081 343 1263 377 Abolemur
1286 347 1412 375 statuta
1445 342 1667 385 capitulorum
1692 352 1824 384 (lettera-

1128 397 1212 429 Iium
1235 397 1380 439 fratrum
1399 396 1565 428 Minorum
1584 395 1621 427 de
1647 394 1823 427 Observan-

1126 451 1171 483 titi
1196 451 1457 493 Resbi'maloram
1494 448 1531 481 de
1562 447 1749 491 priw'leqz'is
1781 447 1823 479 Ze-

1123 508 1266 541 clorum,
1290 503 1553 546 praedicatorum
1589 506 1616 534 et
1652 501 1823 544 magistro-

1122 569 1197 590 rum
1219 558 1413 590 novitiorum
1429 558 1448 589 ¹.

1298 637 1434 664 Clemens
1456 637 1535 669 Papa
1554 636 1589 662 ΧΙ
1603 656 1610 667 ,

1216 683 1252 709 ad
1270 683 1406 709 futuram
1426 682 1470 708 rei
1490 680 1674 708 memoriam.

1122 754 1209 787 Inter
1234 758 1361 787 ceteras
1386 753 1581 796 apostolicae
1604 751 1750 784 sevitutis
1771 761 1820 783 cu-
1860 758 1983 779 ammam..

1080 818 1152 847 ras,
1179 807 1297 850 quibus
1323 807 1408 839 eirea
1439 805 1632 838 universalis
1658 804 1820 837 Ecclesiae

1078 861 1224 903 regimen
1259 860 1432 893 humilitati
1470 863 1599 891 nostrae
1634 868 1651 890 a
1683 857 1820 890 Domino

1078 914 1287 947 commissum
1321 913 1449 946 assidue
1484 911 1672 955 premimur,
1698 922 1735 944 ea
1761 922 1820 944 nos

1079 978 1141 1000 uon
1169 977 1283 1011 parum
1309 966 1466 1000 sollicitos
1483 965 1592 1003 habet,
1611 971 1644 998 ut
1662 976 1820 1008 personae

1077 1022 1265 1063 regulares,
1289 1020 1406 1053 divinis
1433 1021 1603 1064 obsequiis
1641 1022 1698 1054 suh
1734 1021 1821 1053 suavi

1077 1074 1248 1117 religionis
1275 1074 1349 1116 iugo
1376 1074 1591 1117 mancipatae,
1615 1075 1702 1107 iuxta
1727 1085 1820 1117 regu-

1078 1128 1156 1161 laria
1183 1137 1297 1160 eorum
1332 1127 1477 1159 instituta
1504 1128 1678 1161 salubriter
1704 1139 1819 1171 regan-

1078 1186 1142 1221 tur·‚
1162 1186 1194 1214 et
1219 1186 1404 1224 propterea,
1431 1180 1458 1213 si
1486 1192 1568 1224 quae
1596 1181 1681 1214 felici
1708 1192 1817 1214 earum

1076 1234 1173 1267 statui
1201 1234 1318 1267 obesse
1344 1240 1398 1266 aut
1426 1234 1456 1266 in
1484 1234 1615 1277 aliquod
1641 1234 1818 1268 observan-

1077 1289 1139 1321 tiae
1164 1279 1324 1330 regularis
1351 1297 1463 1320 earum
1489 1293 1521 1320 et
1546 1287 1738 1330 disciplinae
1765 1288 1816 1320 de-

1077 1341 1264 1374 trimentum
1300 1350 1438 1383 vergere
1476 1340 1712 1383 cognovimus,
1753 1352 1815 1379 ea,

1077 1399 1231 1438 quantum
1256 1394 1352 1427 nohis
1378 1405 1413 1427 ex
1441 1395 1504 1427 alto
1530 1394 1741 1435 conceditur,
1769 1406 1818 1428 re-

1076 1458 1241 1481 movemus
1267 1453 1298 1480 et
1322 1447 1546 1491 prohibemus,
1567 1453 1666 1491 prout
1690 1448 1818 1492 conspi-

1076 1503 1177 1536 cimus
1204 1502 1234 1534 in
1260 1501 1397 1534 Domino
1422 1501 1599 1534 salubriter
1624 1501 1793 1545 expedire.

1120 1556 1191 1599 §L
1218 1555 1341 1598 Exponi
1379 1555 1541 1598 siquidem
1579 1555 1673 1589 nohis
1709 1566 1889 1604 ‚flupffl'pann
1918 1580 2015 1599 'toletam

1077 1610 1224 1643 fecerunt
1244 1608 1354 1641 dilecti
1381 1607 1436 1640 filii
1457 1608 1603 1641 moderni
1630 1609 1939 1652 superiores-”3⁶¹3ffl0
1989 1606 2014 1625 ⁴¹¹²

1076 1664 1247 1706 generales
1268 1662 1397 1695 Ordinis
1425 1662 1557 1694 fratrum
1575 1662 1732 1695 Minorum
1748 1673 1820 1695 san·
1838 1665 1885 1704 ,⁴552

1076 1717 1117 1749 cti
1143 1716 1307 1749 Francisci
1341 1715 1380 1748 de
1417 1715 1627 1748 Observantia
1651 1715 1941 1758 Resorrna-f,'5,¹[,⁴,¹,¹‚{¹‘¹¹
1989 1718 1994 1729 *

1077 1775 1182 1802 torum
1194 1774 1464 1812 nuncupatorum,
1480 1768 1565 1811 quod
1578 1768 1756 1810 capitulum
1768 1778 1820 1811 ge-

1076 1823 1187 1856 nerale
1205 1822 1281 1855 dicti
1299 1821 1428 1854 Ordinis
1444 1822 1530 1864 quod
1546 1832 1631 1854 anno
1646 1831 1818 1855 mnctxxxu

1077 1876 1109 1908 in
1142 1875 1270 1908 civitate
1306 1875 1462 1908 Toletana
1498 1874 1699 1907 celebratum
1734 1874 1816 1912 suit,

1076 1929 1286 1973 perpendens
1300 1929 1419 1961 multos
1434 1927 1581 1970 praemio
1598 1927 1700 1969 magis
1722 1937 1817 1970 quam

1076 1983 1183 2026 poena
1209 1982 1247 2015 ad
1267 1981 1403 2014 virtutes
1425 1980 1564 2019 excitari,
1583 1982 1727 2014 omnium
1747 1980 1818 2012 stri-

1077 2036 1187 2069 ctioris
1223 2034 1445 2068 observantiae
1480 2033 1636 2066 vocalium
1672 2033 1817 2066 unanimi

1077 2099 1249 2128 consensu,
1268 2099 1303 2121 ac
1322 2087 1452 2121 nemine
1474 2097 1609 2130 prorsus
1635 2087 1819 2130 discrepan-

1078 2148 1117 2182 te,
1136 2142 1258 2181 statuit,
1285 2147 1320 2174 ut
1345 2142 1376 2178 ii,
1403 2140 1457 2184 qui
1485 2141 1649 2183 integrum
1674 2140 1819 2183 philosoa

1076 2196 1175 2239 phiae
1212 2205 1342 2228 cursum
1381 2200 1412 2226 et
1449 2204 1573 2227 sacram
1616 2193 1817 2235 theologiam

1076 2248 1249 2282 duodecim
1282 2258 1444 2281 annorum
1476 2247 1580 2290 spatio
1607 2246 1818 2279 laudabiliter

1855 1553 1960 1572 statutam
1981 1558 2015 1572 ra-

1132 2322 1138 2346 t
1164 2319 1316 2346 Innocentii
1342 2318 1372 2345 xl
1403 2321 1490 2345 const.
1512 2318 1556 2344 ed.
1588 2323 1754 2346 MDCLxxth.
1776 2316 1819 2343 die

1077 2366 1108 2391 18
1123 2365 1179 2397 (ἳὸ)
1195 2364 1295 2396 martii,
1314 2363 1409 2399 pontif.
1425 2372 1449 2396 x,
1467 2363 1627 2390 confirmata
1647 2362 1721 2388 suere
1738 2360 1819 2395 privi-

1075 2409 1144 2443 legia
1164 2409 1296 2435 lectorum
1312 2417 1317 2440 3
1339 2407 1419 2433 huius
1442 2406 1580 2434 Pontificis
1599 2405 1734 2432 constitut.
1751 2404 1818 2431 edit.

1075 2459 1223 2485 nnccxvm,
1244 2452 1288 2478 die
1304 2452 1338 2479 ΞΟ
1353 2451 1470 2486 augusti,
1489 2451 1585 2486 pontif.
1606 2456 1679 2483 xvui,
1694 2453 1819 2476 revocata

1075 2497 1153 2524 fuere
1173 2496 1315 2532 privilegia
1336 2495 1490 2531 personalia
1514 2495 1543 2522 in
1563 2494 1708 2530 provinciis
1729 2492 1818 2519 Brasi-

1074 2541 1218 2575 liensibus;
1240 2546 1267 2568 et
1287 2541 1320 2568 de
1345 2540 1487 2568 abolendis
1508 2539 1655 2575 privilegiis
1685 2539 1816 2564 lectorum

1075 2584 1133 2612 vide
1162 2589 1249 2614 const.
1280 2589 1441 2620 sequentem
1467 2584 1510 2611 ed.
1532 2589 1654 2615 mncch‚
1676 2582 1720 2608 die
1742 2582 1755 2609 7
1776 2588 1816 2606 se-

1074 2630 1213 2666 ptembris,
1236 2629 1332 2665 pontif.
1355 2637 1399 2656 xx„
