<?xml version="1.0" encoding="UTF-8"?>
<!DOCTYPE html PUBLIC "-//W3C//DTD XHTML 1.0 Transitional//EN"
    "http://www.w3.org/TR/xhtml1/DTD/xhtml1-transitional.dtd">
<html xmlns="http://www.w3.org/1999/xhtml" xml:lang="en" lang="en">
 <head>
  <title>
</title>
<meta http-equiv="Content-Type" content="text/html;charset=utf-8" />
  <meta name='ocr-system' content='tesseract 3.04.00' />
  <meta name='ocr-capabilities' content='ocr_page ocr_carea ocr_par ocr_line ocrx_word'/>
</head>
<body>
  <div class='ocr_page' id='page_1' title='image "./bullarumdiplomat21cath_0541.png"; bbox 0 0 2269 3203; ppageno 0'>
   <div class='ocr_carea' id='block_1_1' title="bbox 79 203 266 235">
    <p class='ocr_par' dir='ltr' id='par_1_1' title="bbox 79 203 266 235">
     <span class='ocr_line' id='line_1_1' title="bbox 79 203 266 235; baseline -0.021 0"><span class='ocrx_word' id='word_1_1' title='bbox 79 209 129 235; x_wconf 77' lang='lat' dir='ltr'>An.</span> <span class='ocrx_word' id='word_1_2' title='bbox 146 206 174 233; x_wconf 88' lang='lat' dir='ltr'>C.</span> <span class='ocrx_word' id='word_1_3' title='bbox 198 203 266 232; x_wconf 78' lang='lat'><strong>¹712</strong></span> 
     </span>
    </p>
   </div>
   <div class='ocr_carea' id='block_1_2' title="bbox 83 1582 1020 1868">
    <p class='ocr_par' dir='ltr' id='par_1_2' title="bbox 83 1582 1020 1868">
     <span class='ocr_line' id='line_1_2' title="bbox 83 1582 1000 1635; baseline 0.001 -6"><span class='ocrx_word' id='word_1_4' title='bbox 83 1582 270 1629; x_wconf 52' lang='lat' dir='ltr'>Pauligsefltlmdrea-</span> <span class='ocrx_word' id='word_1_5' title='bbox 315 1627 333 1635; x_wconf 71' lang='grc'>,,</span> <span class='ocrx_word' id='word_1_6' title='bbox 710 1625 716 1630; x_wconf 88' lang='grc'><em>.</em></span> <span class='ocrx_word' id='word_1_7' title='bbox 742 1625 748 1630; x_wconf 86' lang='grc'><strong>.</strong></span> <span class='ocrx_word' id='word_1_8' title='bbox 939 1624 945 1630; x_wconf 84' lang='grc'><strong>.</strong></span> <span class='ocrx_word' id='word_1_9' title='bbox 995 1626 1000 1630; x_wconf 94' lang='grc'>.</span> 
     </span>
     <span class='ocr_line' id='line_1_3' title="bbox 83 1625 1018 1682; baseline -0.002 -23"><span class='ocrx_word' id='word_1_10' title='bbox 83 1635 269 1682; x_wconf 44' lang='lat' dir='ltr'>iessgpeffiffigrq</span> <span class='ocrx_word' id='word_1_11' title='bbox 281 1628 359 1660; x_wconf 85' lang='lat' dir='ltr'>alias</span> <span class='ocrx_word' id='word_1_12' title='bbox 384 1626 431 1669; x_wconf 90' lang='lat' dir='ltr'>(et</span> <span class='ocrx_word' id='word_1_13' title='bbox 455 1625 646 1669; x_wconf 75' lang='lat' dir='ltr'>postquam²</span> <span class='ocrx_word' id='word_1_14' title='bbox 663 1625 766 1658; x_wconf 84' lang='lat' dir='ltr'>felicis</span> <span class='ocrx_word' id='word_1_15' title='bbox 784 1625 1018 1658; x_wconf 82' lang='lat' dir='ltr'>recordationis</span> 
     </span>
     <span class='ocr_line' id='line_1_4' title="bbox 84 1677 1017 1723; baseline -0.002 -11"><span class='ocrx_word' id='word_1_16' title='bbox 84 1688 152 1710; x_wconf 77' lang='lat' dir='ltr'>tendis</span> <span class='ocrx_word' id='word_1_17' title='bbox 166 1687 270 1723; x_wconf 59' lang='lat' dir='ltr'>hosigitate</span> <span class='ocrx_word' id='word_1_18' title='bbox 282 1679 399 1712; x_wconf 89' lang='lat' dir='ltr'>Paulus</span> <span class='ocrx_word' id='word_1_19' title='bbox 413 1679 499 1722; x_wconf 87' lang='lat' dir='ltr'>Papa</span> <span class='ocrx_word' id='word_1_20' title='bbox 512 1678 550 1711; x_wconf 92' lang='lat' dir='ltr'>III</span> <span class='ocrx_word' id='word_1_21' title='bbox 567 1679 805 1722; x_wconf 88' lang='lat' dir='ltr'>praedecessor</span> <span class='ocrx_word' id='word_1_22' title='bbox 825 1677 959 1718; x_wconf 75' lang='lat' dir='ltr'>noster³‚</span> <span class='ocrx_word' id='word_1_23' title='bbox 979 1678 1017 1710; x_wconf 90' lang='lat' dir='ltr'>ad</span> 
     </span>
     <span class='ocr_line' id='line_1_5' title="bbox 84 1715 1019 1788; baseline -0.009 -17"><span class='ocrx_word' id='word_1_24' title='bbox 84 1715 270 1788; x_wconf 43' lang='lat' dir='ltr'>Mergsstae&#39;iizdf&#39;euss</span> <span class='ocrx_word' id='word_1_25' title='bbox 282 1732 515 1776; x_wconf 87' lang='lat' dir='ltr'>omnipotentis</span> <span class='ocrx_word' id='word_1_26' title='bbox 541 1731 596 1764; x_wconf 92' lang='lat' dir='ltr'>Dei</span> <span class='ocrx_word' id='word_1_27' title='bbox 623 1731 787 1774; x_wconf 87' lang='lat' dir='ltr'>totiusque</span> <span class='ocrx_word' id='word_1_28' title='bbox 813 1732 921 1764; x_wconf 88' lang='lat' dir='ltr'>curiae</span> <span class='ocrx_word' id='word_1_29' title='bbox 947 1742 1019 1764; x_wconf 88' lang='lat' dir='ltr'>cae-</span> 
     </span>
     <span class='ocr_line' id='line_1_6' title="bbox 84 1772 1020 1840; baseline 0 -25"><span class='ocrx_word' id='word_1_30' title='bbox 84 1772 372 1840; x_wconf 43' lang='lat' dir='ltr'>riiiianJLeic-ffilestis</span> <span class='ocrx_word' id='word_1_31' title='bbox 404 1785 532 1818; x_wconf 84' lang='lat' dir='ltr'>laudem</span> <span class='ocrx_word' id='word_1_32' title='bbox 565 1790 595 1817; x_wconf 85' lang='lat' dir='ltr'>et</span> <span class='ocrx_word' id='word_1_33' title='bbox 628 1784 780 1826; x_wconf 76' lang='lat' dir='ltr'>gloriam,</span> <span class='ocrx_word' id='word_1_34' title='bbox 808 1789 838 1816; x_wconf 87' lang='lat' dir='ltr'>et</span> <span class='ocrx_word' id='word_1_35' title='bbox 863 1783 1020 1816; x_wconf 89' lang='lat' dir='ltr'>orthodo-</span> 
     </span>
     <span class='ocr_line' id='line_1_7' title="bbox 85 1853 145 1868; baseline -0.017 0"><span class='ocrx_word' id='word_1_36' title='bbox 85 1853 145 1868; x_wconf 75' lang='lat' dir='ltr'>[lum.</span> 
     </span>
    </p>
   </div>
   <div class='ocr_carea' id='block_1_3' title="bbox 915 201 1187 226">
    <p class='ocr_par' dir='ltr' id='par_1_3' title="bbox 915 201 1187 226">
     <span class='ocr_line' id='line_1_8' title="bbox 915 201 1187 226; baseline -0.007 0"><span class='ocrx_word' id='word_1_37' title='bbox 915 202 1058 226; x_wconf 75' lang='lat' dir='ltr'>CLEMENS</span> <span class='ocrx_word' id='word_1_38' title='bbox 1083 202 1114 224; x_wconf 75' lang='lat' dir='ltr'>XI</span> <span class='ocrx_word' id='word_1_39' title='bbox 1140 201 1187 224; x_wconf 78' lang='lat' dir='ltr'>PP-</span> 
     </span>
    </p>
   </div>
   <div class='ocr_carea' id='block_1_4' title="bbox 275 250 1037 1616">
    <p class='ocr_par' dir='ltr' id='par_1_4' title="bbox 275 250 1037 1554">
     <span class='ocr_line' id='line_1_9' title="bbox 275 250 1035 296; baseline -0.004 -11"><span class='ocrx_word' id='word_1_40' title='bbox 275 258 466 293; x_wconf 81' lang='lat' dir='ltr'>asservatur,</span> <span class='ocrx_word' id='word_1_41' title='bbox 483 253 673 296; x_wconf 78' lang='lat' dir='ltr'>assiduaque</span> <span class='ocrx_word' id='word_1_42' title='bbox 691 251 834 285; x_wconf 84' lang='lat' dir='ltr'>fidelium</span> <span class='ocrx_word' id='word_1_43' title='bbox 852 250 1012 293; x_wconf 79' lang='lat' dir='ltr'>religione</span> <span class='ocrx_word' id='word_1_44' title='bbox 1032 254 1035 265; x_wconf 94' lang='lat'>&#39;</span> 
     </span>
     <span class='ocr_line' id='line_1_10' title="bbox 276 293 1035 347; baseline -0.007 -9"><span class='ocrx_word' id='word_1_45' title='bbox 276 316 311 338; x_wconf 80' lang='lat' dir='ltr'>ac</span> <span class='ocrx_word' id='word_1_46' title='bbox 338 306 566 338; x_wconf 75' lang='lat' dir='ltr'>miraculorum</span> <span class='ocrx_word' id='word_1_47' title='bbox 593 305 683 347; x_wconf 67' lang='lat' dir='ltr'>copia</span> <span class='ocrx_word' id='word_1_48' title='bbox 717 302 847 345; x_wconf 74' lang='lat' dir='ltr'>effulget</span> <span class='ocrx_word' id='word_1_49' title='bbox 873 303 905 334; x_wconf 87' lang='lat' dir='ltr'>in</span> <span class='ocrx_word' id='word_1_50' title='bbox 931 302 1011 342; x_wconf 70' lang='lat' dir='ltr'>dieS,</span> <span class='ocrx_word' id='word_1_51' title='bbox 1033 293 1035 324; x_wconf 66' lang='grc' dir='ltr'>Ι</span> 
     </span>
     <span class='ocr_line' id='line_1_11' title="bbox 277 326 1036 400; baseline -0.005 -9"><span class='ocrx_word' id='word_1_52' title='bbox 277 364 309 391; x_wconf 88' lang='lat' dir='ltr'>et</span> <span class='ocrx_word' id='word_1_53' title='bbox 341 359 400 391; x_wconf 88' lang='lat' dir='ltr'>sub</span> <span class='ocrx_word' id='word_1_54' title='bbox 434 358 522 390; x_wconf 89' lang='lat' dir='ltr'>cuius</span> <span class='ocrx_word' id='word_1_55' title='bbox 558 357 708 400; x_wconf 78' lang='lat' dir='ltr'>auspiciis</span> <span class='ocrx_word' id='word_1_56' title='bbox 739 356 813 388; x_wconf 77' lang='lat' dir='ltr'>felix</span> <span class='ocrx_word' id='word_1_57' title='bbox 839 356 894 388; x_wconf 89' lang='lat' dir='ltr'>illa</span> <span class='ocrx_word' id='word_1_58' title='bbox 919 326 1036 388; x_wconf 79' lang='lat' dir='ltr'>alitur¹</span> 
     </span>
     <span class='ocr_line' id='line_1_12' title="bbox 278 390 1036 457; baseline -0.004 -15"><span class='ocrx_word' id='word_1_59' title='bbox 278 411 435 450; x_wconf 87' lang='lat' dir='ltr'>iuventus,</span> <span class='ocrx_word' id='word_1_60' title='bbox 454 420 536 453; x_wconf 87' lang='lat' dir='ltr'>quae</span> <span class='ocrx_word' id='word_1_61' title='bbox 561 421 578 442; x_wconf 87' lang='lat' dir='ltr'>a</span> <span class='ocrx_word' id='word_1_62' title='bbox 604 409 786 451; x_wconf 83' lang='lat' dir='ltr'>genitorum</span> <span class='ocrx_word' id='word_1_63' title='bbox 812 407 1012 440; x_wconf 76' lang='lat' dir='ltr'>infidelitatis</span> <span class='ocrx_word' id='word_1_64' title='bbox 1033 390 1036 457; x_wconf 56' lang='lat' dir='ltr'><em>r</em></span> 
     </span>
     <span class='ocr_line' id='line_1_13' title="bbox 277 460 1036 501; baseline -0.005 -5"><span class='ocrx_word' id='word_1_65' title='bbox 277 463 421 496; x_wconf 87' lang='lat' dir='ltr'>tenebris</span> <span class='ocrx_word' id='word_1_66' title='bbox 455 468 547 495; x_wconf 89' lang='lat' dir='ltr'>eruta</span> <span class='ocrx_word' id='word_1_67' title='bbox 564 489 571 501; x_wconf 89' lang='lat'>,</span> <span class='ocrx_word' id='word_1_68' title='bbox 598 472 680 494; x_wconf 75' lang='lat' dir='ltr'>novo</span> <span class='ocrx_word' id='word_1_69' title='bbox 713 461 914 494; x_wconf 76' lang='lat' dir='ltr'>orthodoxae</span> <span class='ocrx_word' id='word_1_70' title='bbox 940 460 1036 496; x_wconf 67' lang='lat' dir='ltr'>fidei}</span> 
     </span>
     <span class='ocr_line' id='line_1_14' title="bbox 277 501 1036 555; baseline -0.005 -7"><span class='ocrx_word' id='word_1_71' title='bbox 277 520 407 548; x_wconf 83' lang='lat' dir='ltr'>nostrae</span> <span class='ocrx_word' id='word_1_72' title='bbox 425 515 585 548; x_wconf 72' lang='lat' dir='ltr'>adolescit</span> <span class='ocrx_word' id='word_1_73' title='bbox 602 513 727 547; x_wconf 82' lang='lat' dir='ltr'>luniiui.</span> <span class='ocrx_word' id='word_1_74' title='bbox 748 513 811 545; x_wconf 79' lang='lat' dir='ltr'>Nos</span> <span class='ocrx_word' id='word_1_75' title='bbox 831 512 927 554; x_wconf 68' lang='lat' dir='ltr'>igitur</span> <span class='ocrx_word' id='word_1_76' title='bbox 944 523 1015 555; x_wconf 90' lang='lat' dir='ltr'>per·</span> <span class='ocrx_word' id='word_1_77' title='bbox 1035 501 1036 517; x_wconf 51' lang='grc'>’</span> 
     </span>
     <span class='ocr_line' id='line_1_15' title="bbox 277 565 1036 610; baseline -0.001 -12"><span class='ocrx_word' id='word_1_78' title='bbox 277 567 353 610; x_wconf 83' lang='lat' dir='ltr'>vigil</span> <span class='ocrx_word' id='word_1_79' title='bbox 384 567 524 600; x_wconf 89' lang='lat' dir='ltr'>studium</span> <span class='ocrx_word' id='word_1_80' title='bbox 546 565 744 599; x_wconf 77' lang='lat' dir='ltr'>venerabilis</span> <span class='ocrx_word' id='word_1_81' title='bbox 776 565 880 597; x_wconf 81' lang='lat' dir='ltr'>fratris</span> <span class='ocrx_word' id='word_1_82' title='bbox 911 565 1036 597; x_wconf 78' lang='lat' dir='ltr'>nostri]</span> 
     </span>
     <span class='ocr_line' id='line_1_16' title="bbox 276 614 1037 654; baseline -0.003 -2"><span class='ocrx_word' id='word_1_83' title='bbox 276 620 379 654; x_wconf 78' lang='lat' dir='ltr'>Fulvii</span> <span class='ocrx_word' id='word_1_84' title='bbox 405 621 436 654; x_wconf 81' lang='lat' dir='ltr'>S.</span> <span class='ocrx_word' id='word_1_85' title='bbox 457 620 494 652; x_wconf 83' lang='lat' dir='ltr'>R.</span> <span class='ocrx_word' id='word_1_86' title='bbox 510 619 544 652; x_wconf 83' lang='lat' dir='ltr'>E.</span> <span class='ocrx_word' id='word_1_87' title='bbox 562 619 736 652; x_wconf 82' lang='lat' dir='ltr'>cardinalis</span> <span class='ocrx_word' id='word_1_88' title='bbox 763 619 873 651; x_wconf 81' lang='lat' dir='ltr'>Astalli</span> <span class='ocrx_word' id='word_1_89' title='bbox 896 629 1016 651; x_wconf 87' lang='lat' dir='ltr'>nuncu·</span> <span class='ocrx_word' id='word_1_90' title='bbox 1035 614 1037 638; x_wconf 60' lang='grc' dir='ltr'><strong><em>ἶ</em></strong></span> 
     </span>
     <span class='ocr_line' id='line_1_17' title="bbox 277 672 1016 717; baseline -0.005 -10"><span class='ocrx_word' id='word_1_91' title='bbox 277 674 355 717; x_wconf 90' lang='lat' dir='ltr'>pati,</span> <span class='ocrx_word' id='word_1_92' title='bbox 382 673 530 706; x_wconf 91' lang='lat' dir='ltr'>moderni</span> <span class='ocrx_word' id='word_1_93' title='bbox 550 672 708 705; x_wconf 87' lang='lat' dir='ltr'>ecclesiae</span> <span class='ocrx_word' id='word_1_94' title='bbox 735 672 881 705; x_wconf 82' lang='lat' dir='ltr'>eiusdem</span> <span class='ocrx_word' id='word_1_95' title='bbox 906 672 939 703; x_wconf 86' lang='lat' dir='ltr'>B.</span> <span class='ocrx_word' id='word_1_96' title='bbox 957 672 1016 703; x_wconf 84' lang='lat' dir='ltr'>Ma-</span> 
     </span>
     <span class='ocr_line' id='line_1_18' title="bbox 276 723 1016 768; baseline -0.004 -10"><span class='ocrx_word' id='word_1_97' title='bbox 276 726 343 758; x_wconf 90' lang='lat' dir='ltr'>riae</span> <span class='ocrx_word' id='word_1_98' title='bbox 370 725 402 758; x_wconf 91' lang='lat' dir='ltr'>in</span> <span class='ocrx_word' id='word_1_99' title='bbox 427 725 588 758; x_wconf 85' lang='lat' dir='ltr'>Montibus</span> <span class='ocrx_word' id='word_1_100' title='bbox 616 724 769 768; x_wconf 83' lang='lat' dir='ltr'>illiusque</span> <span class='ocrx_word' id='word_1_101' title='bbox 799 723 914 756; x_wconf 90' lang='lat' dir='ltr'>domus</span> <span class='ocrx_word' id='word_1_102' title='bbox 944 734 1016 766; x_wconf 86' lang='lat' dir='ltr'>pro-</span> 
     </span>
     <span class='ocr_line' id='line_1_19' title="bbox 276 775 1017 821; baseline -0.003 -11"><span class='ocrx_word' id='word_1_103' title='bbox 276 778 427 819; x_wconf 86' lang='lat' dir='ltr'>tectoris,</span> <span class='ocrx_word' id='word_1_104' title='bbox 454 778 508 821; x_wconf 90' lang='lat' dir='ltr'>qui</span> <span class='ocrx_word' id='word_1_105' title='bbox 542 777 740 811; x_wconf 78' lang='lat' dir='ltr'>laudabilem</span> <span class='ocrx_word' id='word_1_106' title='bbox 777 775 1017 819; x_wconf 88' lang='lat' dir='ltr'>insfrascripto-</span> 
     </span>
     <span class='ocr_line' id='line_1_20' title="bbox 276 829 1017 875; baseline -0.004 -11"><span class='ocrx_word' id='word_1_107' title='bbox 276 842 348 864; x_wconf 87' lang='lat' dir='ltr'>rum</span> <span class='ocrx_word' id='word_1_108' title='bbox 383 831 648 875; x_wconf 70' lang='lat' dir='ltr'>presbyterorum</span> <span class='ocrx_word' id='word_1_109' title='bbox 680 829 879 873; x_wconf 76' lang='lat' dir='ltr'>vigilantiam</span> <span class='ocrx_word' id='word_1_110' title='bbox 900 829 939 862; x_wconf 86' lang='lat' dir='ltr'>ad</span> <span class='ocrx_word' id='word_1_111' title='bbox 969 840 1017 862; x_wconf 83' lang='lat' dir='ltr'>ec-</span> 
     </span>
     <span class='ocr_line' id='line_1_21' title="bbox 276 883 1014 927; baseline -0.005 -9"><span class='ocrx_word' id='word_1_112' title='bbox 276 884 395 918; x_wconf 82' lang='lat' dir='ltr'>clesiae</span> <span class='ocrx_word' id='word_1_113' title='bbox 421 885 604 927; x_wconf 83' lang='lat' dir='ltr'>domusque</span> <span class='ocrx_word' id='word_1_114' title='bbox 625 883 842 927; x_wconf 87' lang='lat' dir='ltr'>praefatarum</span> <span class='ocrx_word' id='word_1_115' title='bbox 867 883 1014 925; x_wconf 80' lang='lat' dir='ltr'>regimen</span> 
     </span>
     <span class='ocr_line' id='line_1_22' title="bbox 276 936 1037 976; baseline -0.005 -5"><span class='ocrx_word' id='word_1_116' title='bbox 276 938 450 976; x_wconf 80' lang='lat' dir='ltr'>conduxit,</span> <span class='ocrx_word' id='word_1_117' title='bbox 488 937 758 971; x_wconf 76' lang='lat' dir='ltr'>commendantes</span> <span class='ocrx_word' id='word_1_118' title='bbox 794 937 826 968; x_wconf 92' lang='lat' dir='ltr'>in</span> <span class='ocrx_word' id='word_1_119' title='bbox 864 936 1037 975; x_wconf 61' lang='lat' dir='ltr'>Domino,2</span> 
     </span>
     <span class='ocr_line' id='line_1_23' title="bbox 276 989 1017 1031; baseline -0.005 -7"><span class='ocrx_word' id='word_1_120' title='bbox 276 991 328 1023; x_wconf 87' lang='lat' dir='ltr'>ut¹</span> <span class='ocrx_word' id='word_1_121' title='bbox 349 992 455 1024; x_wconf 86' lang='lat' dir='ltr'>cultus</span> <span class='ocrx_word' id='word_1_122' title='bbox 474 990 631 1023; x_wconf 78' lang='lat' dir='ltr'>ecclesiae</span> <span class='ocrx_word' id='word_1_123' title='bbox 651 995 683 1023; x_wconf 89' lang='lat' dir='ltr'>ct</span> <span class='ocrx_word' id='word_1_124' title='bbox 704 990 851 1022; x_wconf 73' lang='lat' dir='ltr'>iuventus</span> <span class='ocrx_word' id='word_1_125' title='bbox 871 989 939 1031; x_wconf 86' lang='lat' dir='ltr'>ipsa</span> <span class='ocrx_word' id='word_1_126' title='bbox 956 999 1017 1031; x_wconf 88' lang='lat' dir='ltr'>per</span> 
     </span>
     <span class='ocr_line' id='line_1_24' title="bbox 275 1043 1017 1088; baseline -0.005 -11"><span class='ocrx_word' id='word_1_127' title='bbox 275 1044 362 1088; x_wconf 85' lang='lat' dir='ltr'>piam</span> <span class='ocrx_word' id='word_1_128' title='bbox 376 1045 553 1087; x_wconf 86' lang='lat' dir='ltr'>proborum</span> <span class='ocrx_word' id='word_1_129' title='bbox 568 1044 709 1076; x_wconf 87' lang='lat' dir='ltr'>virorum</span> <span class='ocrx_word' id='word_1_130' title='bbox 726 1043 971 1074; x_wconf 71' lang='lat' dir='ltr'>instructionem</span> <span class='ocrx_word' id='word_1_131' title='bbox 986 1047 1017 1074; x_wconf 87' lang='lat' dir='ltr'>et</span> 
     </span>
     <span class='ocr_line' id='line_1_25' title="bbox 277 1095 1017 1139; baseline -0.005 -9"><span class='ocrx_word' id='word_1_132' title='bbox 277 1097 386 1130; x_wconf 84' lang='lat' dir='ltr'>efficax</span> <span class='ocrx_word' id='word_1_133' title='bbox 422 1097 618 1130; x_wconf 79' lang='lat' dir='ltr'>christianae</span> <span class='ocrx_word' id='word_1_134' title='bbox 654 1096 784 1139; x_wconf 87' lang='lat' dir='ltr'>pietatis</span> <span class='ocrx_word' id='word_1_135' title='bbox 815 1095 901 1138; x_wconf 89' lang='lat' dir='ltr'>quod</span> <span class='ocrx_word' id='word_1_136' title='bbox 927 1105 1017 1137; x_wconf 90' lang='lat' dir='ltr'>pres-</span> 
     </span>
     <span class='ocr_line' id='line_1_26' title="bbox 277 1149 1016 1194; baseline -0.004 -12"><span class='ocrx_word' id='word_1_137' title='bbox 277 1150 379 1194; x_wconf 70' lang='lat' dir='ltr'>byteri</span> <span class='ocrx_word' id='word_1_138' title='bbox 404 1150 463 1192; x_wconf 87' lang='lat' dir='ltr'>ipsi</span> <span class='ocrx_word' id='word_1_139' title='bbox 490 1150 530 1182; x_wconf 89' lang='lat' dir='ltr'>de</span> <span class='ocrx_word' id='word_1_140' title='bbox 558 1160 593 1182; x_wconf 92' lang='lat' dir='ltr'>se</span> <span class='ocrx_word' id='word_1_141' title='bbox 618 1149 796 1192; x_wconf 76' lang='lat' dir='ltr'>perhibent</span> <span class='ocrx_word' id='word_1_142' title='bbox 820 1149 1016 1190; x_wconf 69' lang='lat' dir='ltr'>exemplum,</span> 
     </span>
     <span class='ocr_line' id='line_1_27' title="bbox 277 1200 1017 1245; baseline -0.005 -9"><span class='ocrx_word' id='word_1_143' title='bbox 277 1203 433 1236; x_wconf 89' lang='lat' dir='ltr'>ecclesiae</span> <span class='ocrx_word' id='word_1_144' title='bbox 459 1202 693 1245; x_wconf 79' lang='lat' dir='ltr'>religionisque</span> <span class='ocrx_word' id='word_1_145' title='bbox 725 1201 824 1233; x_wconf 86' lang='lat' dir='ltr'>cultui</span> <span class='ocrx_word' id='word_1_146' title='bbox 851 1200 1017 1233; x_wconf 80' lang='lat' dir='ltr'>uberiores</span> 
     </span>
     <span class='ocr_line' id='line_1_28' title="bbox 277 1254 1018 1289; baseline -0.004 0"><span class='ocrx_word' id='word_1_147' title='bbox 277 1257 317 1289; x_wconf 86' lang='lat' dir='ltr'>ad</span> <span class='ocrx_word' id='word_1_148' title='bbox 343 1255 440 1288; x_wconf 85' lang='lat' dir='ltr'>divini</span> <span class='ocrx_word' id='word_1_149' title='bbox 468 1255 607 1288; x_wconf 87' lang='lat' dir='ltr'>nominis</span> <span class='ocrx_word' id='word_1_150' title='bbox 638 1255 784 1287; x_wconf 88' lang='lat' dir='ltr'>eiusdem</span> <span class='ocrx_word' id='word_1_151' title='bbox 811 1255 925 1287; x_wconf 87' lang='lat' dir='ltr'>beatae</span> <span class='ocrx_word' id='word_1_152' title='bbox 955 1254 1018 1286; x_wconf 87' lang='lat' dir='ltr'>Ma-</span> 
     </span>
     <span class='ocr_line' id='line_1_29' title="bbox 276 1306 1015 1351; baseline -0.005 -10"><span class='ocrx_word' id='word_1_153' title='bbox 276 1308 343 1342; x_wconf 87' lang='lat' dir='ltr'>riae</span> <span class='ocrx_word' id='word_1_154' title='bbox 368 1307 507 1351; x_wconf 79' lang='lat' dir='ltr'>Virginis</span> <span class='ocrx_word' id='word_1_155' title='bbox 544 1308 682 1350; x_wconf 80' lang='lat' dir='ltr'>gloriam</span> <span class='ocrx_word' id='word_1_156' title='bbox 709 1306 844 1339; x_wconf 82' lang='lat' dir='ltr'>afferant</span> <span class='ocrx_word' id='word_1_157' title='bbox 868 1307 991 1338; x_wconf 83' lang='lat' dir='ltr'>fruetus</span> <span class='ocrx_word' id='word_1_158' title='bbox 1008 1333 1015 1346; x_wconf 86' lang='lat'>,</span> 
     </span>
     <span class='ocr_line' id='line_1_30' title="bbox 277 1359 1017 1404; baseline -0.005 -9"><span class='ocrx_word' id='word_1_159' title='bbox 277 1362 316 1395; x_wconf 87' lang='lat' dir='ltr'>ad</span> <span class='ocrx_word' id='word_1_160' title='bbox 335 1372 372 1395; x_wconf 87' lang='lat' dir='ltr'>ea</span> <span class='ocrx_word' id='word_1_161' title='bbox 392 1361 534 1394; x_wconf 85' lang='lat' dir='ltr'>libenter</span> <span class='ocrx_word' id='word_1_162' title='bbox 559 1359 756 1404; x_wconf 85' lang='lat' dir='ltr'>apostolicae</span> <span class='ocrx_word' id='word_1_163' title='bbox 781 1359 953 1403; x_wconf 83' lang='lat' dir='ltr'>potestatis</span> <span class='ocrx_word' id='word_1_164' title='bbox 971 1359 1017 1392; x_wconf 83' lang='lat' dir='ltr'>ef-</span> 
     </span>
     <span class='ocr_line' id='line_1_31' title="bbox 278 1412 1017 1457; baseline -0.005 -9"><span class='ocrx_word' id='word_1_165' title='bbox 278 1414 442 1448; x_wconf 88' lang='lat' dir='ltr'>fundimus</span> <span class='ocrx_word' id='word_1_166' title='bbox 467 1413 725 1457; x_wconf 87' lang='lat' dir='ltr'>plenitudinem,</span> <span class='ocrx_word' id='word_1_167' title='bbox 752 1413 789 1446; x_wconf 90' lang='lat' dir='ltr'>ad</span> <span class='ocrx_word' id='word_1_168' title='bbox 816 1423 898 1456; x_wconf 86' lang='lat' dir='ltr'>quae</span> <span class='ocrx_word' id='word_1_169' title='bbox 924 1412 1017 1446; x_wconf 90' lang='lat' dir='ltr'>nobis</span> 
     </span>
     <span class='ocr_line' id='line_1_32' title="bbox 278 1465 1017 1512; baseline -0.004 -12"><span class='ocrx_word' id='word_1_170' title='bbox 278 1467 482 1512; x_wconf 85' lang='lat' dir='ltr'>potissimum</span> <span class='ocrx_word' id='word_1_171' title='bbox 515 1478 551 1500; x_wconf 79' lang='lat' dir='ltr'>ex</span> <span class='ocrx_word' id='word_1_172' title='bbox 585 1467 649 1500; x_wconf 90' lang='lat' dir='ltr'>alto</span> <span class='ocrx_word' id='word_1_173' title='bbox 685 1471 880 1509; x_wconf 82' lang='lat' dir='ltr'>potestatem</span> <span class='ocrx_word' id='word_1_174' title='bbox 914 1465 1017 1508; x_wconf 86' lang='lat' dir='ltr'>ipsam</span> 
     </span>
     <span class='ocr_line' id='line_1_33' title="bbox 280 1519 839 1554; baseline -0.005 0"><span class='ocrx_word' id='word_1_175' title='bbox 280 1520 485 1554; x_wconf 77' lang='lat' dir='ltr'>commissam</span> <span class='ocrx_word' id='word_1_176' title='bbox 510 1519 607 1552; x_wconf 84' lang='lat' dir='ltr'>fuisse</span> <span class='ocrx_word' id='word_1_177' title='bbox 633 1519 839 1552; x_wconf 76' lang='lat' dir='ltr'>arbitramur.</span> 
     </span>
    </p>

    <p class='ocr_par' dir='ltr' id='par_1_5' title="bbox 323 1572 1016 1616">
     <span class='ocr_line' id='line_1_34' title="bbox 323 1572 1016 1616; baseline -0.003 -10"><span class='ocrx_word' id='word_1_178' title='bbox 323 1574 339 1616; x_wconf 62' lang='lat' dir='ltr'>g</span> <span class='ocrx_word' id='word_1_179' title='bbox 363 1573 394 1606; x_wconf 78' lang='grc'>1.</span> <span class='ocrx_word' id='word_1_180' title='bbox 421 1573 498 1606; x_wconf 88' lang='lat' dir='ltr'>Cum</span> <span class='ocrx_word' id='word_1_181' title='bbox 530 1573 662 1616; x_wconf 87' lang='lat' dir='ltr'>itaque,</span> <span class='ocrx_word' id='word_1_182' title='bbox 689 1573 772 1605; x_wconf 90' lang='lat' dir='ltr'>sicut</span> <span class='ocrx_word' id='word_1_183' title='bbox 808 1572 1016 1615; x_wconf 84' lang='lat' dir='ltr'>accepimus,</span> 
     </span>
    </p>
   </div>
   <div class='ocr_carea' id='block_1_5' title="bbox 280 1835 1022 2409">
    <p class='ocr_par' dir='ltr' id='par_1_6' title="bbox 280 1835 1022 2409">
     <span class='ocr_line' id='line_1_35' title="bbox 281 1835 1018 1880; baseline -0.007 -8"><span class='ocrx_word' id='word_1_184' title='bbox 281 1849 338 1872; x_wconf 86' lang='lat' dir='ltr'>xae</span> <span class='ocrx_word' id='word_1_185' title='bbox 357 1838 432 1871; x_wconf 85' lang='lat' dir='ltr'>fidei</span> <span class='ocrx_word' id='word_1_186' title='bbox 458 1842 677 1880; x_wconf 82' lang='lat' dir='ltr'>augmentum,</span> <span class='ocrx_word' id='word_1_187' title='bbox 694 1847 790 1869; x_wconf 88' lang='lat' dir='ltr'>unam</span> <span class='ocrx_word' id='word_1_188' title='bbox 812 1835 942 1869; x_wconf 87' lang='lat' dir='ltr'>domum</span> <span class='ocrx_word' id='word_1_189' title='bbox 963 1846 1018 1868; x_wconf 92' lang='lat' dir='ltr'>seu</span> 
     </span>
     <span class='ocr_line' id='line_1_36' title="bbox 280 1889 1020 1935; baseline -0.004 -11"><span class='ocrx_word' id='word_1_190' title='bbox 280 1903 381 1925; x_wconf 91' lang='lat' dir='ltr'>unum</span> <span class='ocrx_word' id='word_1_191' title='bbox 406 1891 570 1935; x_wconf 89' lang='lat' dir='ltr'>hospitale</span> <span class='ocrx_word' id='word_1_192' title='bbox 600 1891 639 1923; x_wconf 91' lang='lat' dir='ltr'>ad</span> <span class='ocrx_word' id='word_1_193' title='bbox 668 1889 839 1922; x_wconf 84' lang='lat' dir='ltr'>ecclesiam</span> <span class='ocrx_word' id='word_1_194' title='bbox 867 1889 897 1922; x_wconf 88' lang='lat' dir='ltr'>S.</span> <span class='ocrx_word' id='word_1_195' title='bbox 929 1889 1020 1922; x_wconf 89' lang='lat' dir='ltr'>Ioan-</span> 
     </span>
     <span class='ocr_line' id='line_1_37' title="bbox 280 1942 1019 1986; baseline -0.004 -8"><span class='ocrx_word' id='word_1_196' title='bbox 280 1945 331 1978; x_wconf 87' lang='lat' dir='ltr'>nis</span> <span class='ocrx_word' id='word_1_197' title='bbox 366 1945 399 1978; x_wconf 90' lang='lat' dir='ltr'>in</span> <span class='ocrx_word' id='word_1_198' title='bbox 435 1945 624 1978; x_wconf 81' lang='lat' dir='ltr'>Mercatello</span> <span class='ocrx_word' id='word_1_199' title='bbox 662 1942 838 1986; x_wconf 87' lang='lat' dir='ltr'>nuncupati</span> <span class='ocrx_word' id='word_1_200' title='bbox 876 1943 1019 1985; x_wconf 81' lang='lat' dir='ltr'>regionis</span> 
     </span>
     <span class='ocr_line' id='line_1_38' title="bbox 280 1996 1019 2042; baseline -0.005 -11"><span class='ocrx_word' id='word_1_201' title='bbox 280 1998 462 2042; x_wconf 86' lang='lat' dir='ltr'>Campitelli</span> <span class='ocrx_word' id='word_1_202' title='bbox 500 1998 539 2030; x_wconf 92' lang='lat' dir='ltr'>de</span> <span class='ocrx_word' id='word_1_203' title='bbox 572 1997 657 2030; x_wconf 87' lang='lat' dir='ltr'>Urbe</span> <span class='ocrx_word' id='word_1_204' title='bbox 691 2007 749 2039; x_wconf 89' lang='lat' dir='ltr'>pro</span> <span class='ocrx_word' id='word_1_205' title='bbox 783 1996 935 2028; x_wconf 75' lang='lat' dir='ltr'>hebraeis</span> <span class='ocrx_word' id='word_1_206' title='bbox 962 2006 1019 2028; x_wconf 89' lang='lat' dir='ltr'>seu</span> 
     </span>
     <span class='ocr_line' id='line_1_39' title="bbox 280 2048 1019 2093; baseline -0.004 -9"><span class='ocrx_word' id='word_1_207' title='bbox 280 2051 413 2091; x_wconf 87' lang='lat' dir='ltr'>iudaeis,</span> <span class='ocrx_word' id='word_1_208' title='bbox 427 2050 481 2093; x_wconf 88' lang='lat' dir='ltr'>qui</span> <span class='ocrx_word' id='word_1_209' title='bbox 499 2049 652 2083; x_wconf 83' lang='lat' dir='ltr'>divinitus</span> <span class='ocrx_word' id='word_1_210' title='bbox 670 2049 829 2091; x_wconf 86' lang='lat' dir='ltr'>inspirati,</span> <span class='ocrx_word' id='word_1_211' title='bbox 845 2048 1019 2081; x_wconf 78' lang='lat' dir='ltr'>tenebrosa</span> 
     </span>
     <span class='ocr_line' id='line_1_40' title="bbox 281 2102 1018 2148; baseline -0.005 -10"><span class='ocrx_word' id='word_1_212' title='bbox 281 2107 409 2148; x_wconf 86' lang='lat' dir='ltr'>patrum</span> <span class='ocrx_word' id='word_1_213' title='bbox 427 2114 556 2136; x_wconf 86' lang='lat' dir='ltr'>suorum</span> <span class='ocrx_word' id='word_1_214' title='bbox 576 2102 727 2135; x_wconf 88' lang='lat' dir='ltr'>caecitate</span> <span class='ocrx_word' id='word_1_215' title='bbox 747 2102 880 2141; x_wconf 78' lang='lat' dir='ltr'>abiecta,</span> <span class='ocrx_word' id='word_1_216' title='bbox 896 2102 934 2134; x_wconf 89' lang='lat' dir='ltr'>ad</span> <span class='ocrx_word' id='word_1_217' title='bbox 954 2102 1018 2134; x_wconf 72' lang='lat' dir='ltr'>veri</span> 
     </span>
     <span class='ocr_line' id='line_1_41' title="bbox 281 2155 1021 2199; baseline -0.004 -9"><span class='ocrx_word' id='word_1_218' title='bbox 281 2157 413 2190; x_wconf 90' lang='lat' dir='ltr'>luminis</span> <span class='ocrx_word' id='word_1_219' title='bbox 438 2156 638 2199; x_wconf 80' lang='lat' dir='ltr'>agnitionem</span> <span class='ocrx_word' id='word_1_220' title='bbox 661 2166 695 2188; x_wconf 86' lang='lat' dir='ltr'>se</span> <span class='ocrx_word' id='word_1_221' title='bbox 720 2155 962 2195; x_wconf 80' lang='lat' dir='ltr'>convertebant,</span> <span class='ocrx_word' id='word_1_222' title='bbox 990 2160 1021 2187; x_wconf 90' lang='lat' dir='ltr'>et</span> 
     </span>
     <span class='ocr_line' id='line_1_42' title="bbox 282 2208 1022 2252; baseline -0.004 -10"><span class='ocrx_word' id='word_1_223' title='bbox 282 2209 413 2243; x_wconf 83' lang='lat' dir='ltr'>salutari</span> <span class='ocrx_word' id='word_1_224' title='bbox 438 2209 639 2252; x_wconf 88' lang='lat' dir='ltr'>baptismatis</span> <span class='ocrx_word' id='word_1_225' title='bbox 666 2209 791 2241; x_wconf 85' lang='lat' dir='ltr'>lavacro</span> <span class='ocrx_word' id='word_1_226' title='bbox 817 2208 941 2247; x_wconf 80' lang='lat' dir='ltr'>abluti,</span> <span class='ocrx_word' id='word_1_227' title='bbox 969 2208 1022 2240; x_wconf 87' lang='lat' dir='ltr'>de-</span> 
     </span>
     <span class='ocr_line' id='line_1_43' title="bbox 283 2260 1019 2305; baseline -0.004 -10"><span class='ocrx_word' id='word_1_228' title='bbox 283 2262 387 2305; x_wconf 77' lang='lat' dir='ltr'>posita</span> <span class='ocrx_word' id='word_1_229' title='bbox 410 2262 443 2294; x_wconf 92' lang='lat' dir='ltr'>in</span> <span class='ocrx_word' id='word_1_230' title='bbox 469 2272 507 2294; x_wconf 90' lang='lat' dir='ltr'>eo</span> <span class='ocrx_word' id='word_1_231' title='bbox 534 2261 701 2293; x_wconf 71' lang='lat' dir='ltr'>immunda</span> <span class='ocrx_word' id='word_1_232' title='bbox 726 2260 840 2293; x_wconf 73' lang='lat' dir='ltr'>veteris</span> <span class='ocrx_word' id='word_1_233' title='bbox 865 2260 1019 2303; x_wconf 79' lang='lat' dir='ltr'>perfidiae</span> 
     </span>
     <span class='ocr_line' id='line_1_44' title="bbox 283 2312 1022 2357; baseline -0.004 -11"><span class='ocrx_word' id='word_1_234' title='bbox 283 2315 383 2357; x_wconf 77' lang='lat' dir='ltr'>lepra,</span> <span class='ocrx_word' id='word_1_235' title='bbox 409 2319 562 2347; x_wconf 81' lang='lat' dir='ltr'>aeternae</span> <span class='ocrx_word' id='word_1_236' title='bbox 587 2313 843 2346; x_wconf 84' lang='lat' dir='ltr'>renascebantur</span> <span class='ocrx_word' id='word_1_237' title='bbox 867 2312 970 2351; x_wconf 85' lang='lat' dir='ltr'>saluti,</span> <span class='ocrx_word' id='word_1_238' title='bbox 990 2317 1022 2344; x_wconf 86' lang='lat' dir='ltr'>et</span> 
     </span>
     <span class='ocr_line' id='line_1_45' title="bbox 284 2365 1020 2409; baseline -0.001 -11"><span class='ocrx_word' id='word_1_239' title='bbox 284 2366 317 2398; x_wconf 91' lang='lat' dir='ltr'>in</span> <span class='ocrx_word' id='word_1_240' title='bbox 342 2367 438 2400; x_wconf 92' lang='lat' dir='ltr'>domo</span> <span class='ocrx_word' id='word_1_241' title='bbox 471 2377 525 2400; x_wconf 89' lang='lat' dir='ltr'>seu</span> <span class='ocrx_word' id='word_1_242' title='bbox 558 2366 709 2409; x_wconf 83' lang='lat' dir='ltr'>hospitali</span> <span class='ocrx_word' id='word_1_243' title='bbox 736 2365 935 2404; x_wconf 88' lang='lat' dir='ltr'>huiusmodi,</span> <span class='ocrx_word' id='word_1_244' title='bbox 961 2375 1020 2407; x_wconf 90' lang='lat' dir='ltr'>pro</span> 
     </span>
    </p>
   </div>
   <div class='ocr_carea' id='block_1_6' title="bbox 1035 640 1042 2452">
    <p class='ocr_par' dir='ltr' id='par_1_7' title="bbox 1035 640 1042 2452">
     <span class='ocr_line' id='line_1_46' title="bbox 1035 640 1042 2452; baseline 0 0"><span class='ocrx_word' id='word_1_245' title='bbox 1035 640 1042 2452; x_wconf 95' lang='lat' dir='ltr'> </span> 
     </span>
    </p>
   </div>
   <div class='ocr_carea' id='block_1_7' title="bbox 286 2417 1021 2458">
    <p class='ocr_par' dir='ltr' id='par_1_8' title="bbox 286 2417 1021 2458">
     <span class='ocr_line' id='line_1_47' title="bbox 286 2417 1021 2458; baseline -0.001 -8"><span class='ocrx_word' id='word_1_246' title='bbox 286 2418 372 2452; x_wconf 79' lang='lat' dir='ltr'>illius</span> <span class='ocrx_word' id='word_1_247' title='bbox 392 2419 486 2452; x_wconf 88' lang='lat' dir='ltr'>bonis</span> <span class='ocrx_word' id='word_1_248' title='bbox 511 2419 783 2458; x_wconf 83' lang='lat' dir='ltr'>administrandis,</span> <span class='ocrx_word' id='word_1_249' title='bbox 799 2417 1021 2451; x_wconf 84' lang='lat' dir='ltr'>admittendis-</span> 
     </span>
    </p>
   </div>
   <div class='ocr_carea' id='block_1_8' title="bbox 321 2496 1021 2577">
    <p class='ocr_par' dir='ltr' id='par_1_9' title="bbox 321 2496 1021 2577">
     <span class='ocr_line' id='line_1_48' title="bbox 323 2496 1020 2533; baseline -0.001 -10"><span class='ocrx_word' id='word_1_250' title='bbox 323 2498 333 2523; x_wconf 80' lang='lat'>1</span> <span class='ocrx_word' id='word_1_251' title='bbox 357 2496 477 2531; x_wconf 72' lang='lat' dir='ltr'>Syntaxis</span> <span class='ocrx_word' id='word_1_252' title='bbox 492 2497 619 2533; x_wconf 84' lang='lat' dir='ltr'>deinceps</span> <span class='ocrx_word' id='word_1_253' title='bbox 635 2505 688 2525; x_wconf 88' lang='lat' dir='ltr'>non</span> <span class='ocrx_word' id='word_1_254' title='bbox 698 2498 764 2525; x_wconf 82' lang='lat' dir='ltr'>satis</span> <span class='ocrx_word' id='word_1_255' title='bbox 775 2497 903 2524; x_wconf 84' lang='lat' dir='ltr'>cohaeret</span> <span class='ocrx_word' id='word_1_256' title='bbox 915 2498 954 2531; x_wconf 76' lang='lat' dir='ltr'>(n.</span> <span class='ocrx_word' id='word_1_257' title='bbox 971 2496 1020 2530; x_wconf 54' lang='grc' dir='ltr'>ΤΣ).</span> 
     </span>
     <span class='ocr_line' id='line_1_49' title="bbox 321 2539 1021 2577; baseline 0 -11"><span class='ocrx_word' id='word_1_258' title='bbox 321 2540 338 2566; x_wconf 73' lang='grc'>2</span> <span class='ocrx_word' id='word_1_259' title='bbox 359 2539 483 2567; x_wconf 79' lang='lat' dir='ltr'>Parenth.</span> <span class='ocrx_word' id='word_1_260' title='bbox 494 2541 654 2575; x_wconf 85' lang='lat' dir='ltr'>producitur</span> <span class='ocrx_word' id='word_1_261' title='bbox 666 2549 750 2577; x_wconf 86' lang='lat' dir='ltr'>usque</span> <span class='ocrx_word' id='word_1_262' title='bbox 760 2540 793 2568; x_wconf 85' lang='lat' dir='ltr'>ad</span> <span class='ocrx_word' id='word_1_263' title='bbox 803 2549 829 2576; x_wconf 89' lang='lat' dir='ltr'>p.</span> <span class='ocrx_word' id='word_1_264' title='bbox 841 2540 891 2567; x_wconf 74' lang='lat'>470</span> <span class='ocrx_word' id='word_1_265' title='bbox 903 2540 917 2567; x_wconf 87' lang='lat' dir='ltr'>b</span> <span class='ocrx_word' id='word_1_266' title='bbox 926 2540 1021 2575; x_wconf 52' lang='lat' dir='ltr'>(RQ).</span> 
     </span>
    </p>
   </div>
   <div class='ocr_carea' id='block_1_9' title="bbox 1037 640 1045 2613">
    <p class='ocr_par' dir='ltr' id='par_1_10' title="bbox 1037 640 1045 2613">
     <span class='ocr_line' id='line_1_50' title="bbox 1037 640 1045 2613; baseline 0 0"><span class='ocrx_word' id='word_1_267' title='bbox 1037 640 1045 2613; x_wconf 95' lang='lat' dir='ltr'> </span> 
     </span>
    </p>
   </div>
   <div class='ocr_carea' id='block_1_10' title="bbox 324 2584 1002 2620">
    <p class='ocr_par' dir='ltr' id='par_1_11' title="bbox 324 2584 1002 2620">
     <span class='ocr_line' id='line_1_51' title="bbox 324 2584 1002 2620; baseline 0 -10"><span class='ocrx_word' id='word_1_268' title='bbox 324 2584 339 2610; x_wconf 80' lang='grc'><strong>3</strong></span> <span class='ocrx_word' id='word_1_269' title='bbox 359 2584 456 2610; x_wconf 76' lang='lat' dir='ltr'>Confer</span> <span class='ocrx_word' id='word_1_270' title='bbox 475 2588 538 2611; x_wconf 79' lang='lat' dir='ltr'>torn.</span> <span class='ocrx_word' id='word_1_271' title='bbox 561 2591 596 2618; x_wconf 62' lang='lat' dir='ltr'>vt,</span> <span class='ocrx_word' id='word_1_272' title='bbox 618 2594 678 2620; x_wconf 74' lang='lat' dir='ltr'>pag.</span> <span class='ocrx_word' id='word_1_273' title='bbox 700 2585 750 2611; x_wconf 65' lang='lat'>352</span> <span class='ocrx_word' id='word_1_274' title='bbox 772 2589 794 2611; x_wconf 75' lang='lat' dir='ltr'>et</span> <span class='ocrx_word' id='word_1_275' title='bbox 817 2593 873 2619; x_wconf 70' lang='lat' dir='ltr'>seq.</span> <span class='ocrx_word' id='word_1_276' title='bbox 894 2591 934 2619; x_wconf 53' lang='lat' dir='ltr'>(R.</span> <span class='ocrx_word' id='word_1_277' title='bbox 957 2591 1002 2617; x_wconf 39' lang='lat' dir='ltr'>Tr,</span> 
     </span>
    </p>
   </div>
   <div class='ocr_carea' id='block_1_11' title="bbox 1056 247 1802 2296">
    <p class='ocr_par' dir='ltr' id='par_1_12' title="bbox 1056 247 1802 2296">
     <span class='ocr_line' id='line_1_52' title="bbox 1056 247 1792 292; baseline -0.003 -10"><span class='ocrx_word' id='word_1_278' title='bbox 1056 261 1117 292; x_wconf 84' lang='lat' dir='ltr'>que</span> <span class='ocrx_word' id='word_1_279' title='bbox 1144 255 1175 282; x_wconf 92' lang='lat' dir='ltr'>et</span> <span class='ocrx_word' id='word_1_280' title='bbox 1199 248 1350 292; x_wconf 78' lang='lat' dir='ltr'>regendis</span> <span class='ocrx_word' id='word_1_281' title='bbox 1385 247 1536 282; x_wconf 86' lang='lat' dir='ltr'>hebraeis</span> <span class='ocrx_word' id='word_1_282' title='bbox 1572 259 1629 281; x_wconf 89' lang='lat' dir='ltr'>seu</span> <span class='ocrx_word' id='word_1_283' title='bbox 1667 249 1792 281; x_wconf 79' lang='lat' dir='ltr'>iudaeis</span> 
     </span>
     <span class='ocr_line' id='line_1_53' title="bbox 1057 300 1794 345; baseline -0.003 -11"><span class='ocrx_word' id='word_1_284' title='bbox 1057 313 1116 345; x_wconf 87' lang='lat' dir='ltr'>pro</span> <span class='ocrx_word' id='word_1_285' title='bbox 1136 308 1281 345; x_wconf 86' lang='lat' dir='ltr'>tempore</span> <span class='ocrx_word' id='word_1_286' title='bbox 1301 302 1349 334; x_wconf 81' lang='lat' dir='ltr'>et&#39;</span> <span class='ocrx_word' id='word_1_287' title='bbox 1365 301 1593 334; x_wconf 83' lang='lat' dir='ltr'>convertendis</span> <span class='ocrx_word' id='word_1_288' title='bbox 1608 300 1794 343; x_wconf 83' lang='lat' dir='ltr'>praedictis,</span> 
     </span>
     <span class='ocr_line' id='line_1_54' title="bbox 1058 354 1792 388; baseline -0.001 -2"><span class='ocrx_word' id='word_1_289' title='bbox 1058 366 1152 388; x_wconf 86' lang='lat' dir='ltr'>unam</span> <span class='ocrx_word' id='word_1_290' title='bbox 1178 354 1569 388; x_wconf 84' lang='lat' dir='ltr'>archiconfraternitatem</span> <span class='ocrx_word' id='word_1_291' title='bbox 1602 354 1792 386; x_wconf 85' lang='lat' dir='ltr'>clericorum</span> 
     </span>
     <span class='ocr_line' id='line_1_55' title="bbox 1057 406 1794 450; baseline -0.005 -9"><span class='ocrx_word' id='word_1_292' title='bbox 1057 408 1295 446; x_wconf 83' lang='lat' dir='ltr'>saecularium,</span> <span class='ocrx_word' id='word_1_293' title='bbox 1332 418 1412 450; x_wconf 83' lang='lat' dir='ltr'>quae</span> <span class='ocrx_word' id='word_1_294' title='bbox 1452 406 1794 439; x_wconf 81' lang='lat' dir='ltr'>archiconfraternitas</span> 
     </span>
     <span class='ocr_line' id='line_1_56' title="bbox 1059 458 1795 504; baseline -0.001 -13"><span class='ocrx_word' id='word_1_295' title='bbox 1059 472 1117 504; x_wconf 80' lang='lat' dir='ltr'>per</span> <span class='ocrx_word' id='word_1_296' title='bbox 1141 471 1238 494; x_wconf 86' lang='lat' dir='ltr'>unum</span> <span class='ocrx_word' id='word_1_297' title='bbox 1258 472 1295 493; x_wconf 85' lang='lat' dir='ltr'>ex</span> <span class='ocrx_word' id='word_1_298' title='bbox 1319 460 1403 493; x_wconf 89' lang='lat' dir='ltr'>illius</span> <span class='ocrx_word' id='word_1_299' title='bbox 1429 459 1645 492; x_wconf 79' lang='lat' dir='ltr'>confratribus</span> <span class='ocrx_word' id='word_1_300' title='bbox 1671 458 1795 491; x_wconf 84' lang='lat' dir='ltr'>clericis</span> 
     </span>
     <span class='ocr_line' id='line_1_57' title="bbox 1059 511 1795 556; baseline -0.007 -9"><span class='ocrx_word' id='word_1_301' title='bbox 1059 525 1115 556; x_wconf 86' lang='lat' dir='ltr'>per</span> <span class='ocrx_word' id='word_1_302' title='bbox 1142 525 1196 547; x_wconf 84' lang='lat' dir='ltr'>eos</span> <span class='ocrx_word' id='word_1_303' title='bbox 1225 520 1347 547; x_wconf 86' lang='lat' dir='ltr'>tantum</span> <span class='ocrx_word' id='word_1_304' title='bbox 1382 513 1420 545; x_wconf 86' lang='lat' dir='ltr'>de</span> <span class='ocrx_word' id='word_1_305' title='bbox 1454 512 1596 545; x_wconf 86' lang='lat' dir='ltr'>triennio</span> <span class='ocrx_word' id='word_1_306' title='bbox 1629 512 1660 543; x_wconf 93' lang='lat' dir='ltr'>in</span> <span class='ocrx_word' id='word_1_307' title='bbox 1695 511 1795 543; x_wconf 89' lang='lat' dir='ltr'>trien—</span> 
     </span>
     <span class='ocr_line' id='line_1_58' title="bbox 1059 563 1795 610; baseline -0.007 -10"><span class='ocrx_word' id='word_1_308' title='bbox 1059 568 1146 600; x_wconf 85' lang='lat' dir='ltr'>nium</span> <span class='ocrx_word' id='word_1_309' title='bbox 1167 567 1366 610; x_wconf 74' lang='lat' dir='ltr'>eligendum,</span> <span class='ocrx_word' id='word_1_310' title='bbox 1387 571 1416 599; x_wconf 87' lang='lat' dir='ltr'>ct</span> <span class='ocrx_word' id='word_1_311' title='bbox 1435 571 1604 602; x_wconf 86' lang='lat' dir='ltr'>rectorem,</span> <span class='ocrx_word' id='word_1_312' title='bbox 1622 575 1676 597; x_wconf 83' lang='lat' dir='ltr'>seu</span> <span class='ocrx_word' id='word_1_313' title='bbox 1699 563 1795 596; x_wconf 80' lang='lat' dir='ltr'>eliani</span> 
     </span>
     <span class='ocr_line' id='line_1_59' title="bbox 1059 618 1797 663; baseline -0.005 -11"><span class='ocrx_word' id='word_1_314' title='bbox 1059 621 1205 663; x_wconf 86' lang='lat' dir='ltr'>quolibet</span> <span class='ocrx_word' id='word_1_315' title='bbox 1243 630 1352 653; x_wconf 76' lang='lat' dir='ltr'>mense</span> <span class='ocrx_word' id='word_1_316' title='bbox 1370 619 1388 658; x_wconf 54' lang='grc' dir='ltr'>ἵ,</span> <span class='ocrx_word' id='word_1_317' title='bbox 1415 618 1636 662; x_wconf 84' lang='lat' dir='ltr'>praepositum</span> <span class='ocrx_word' id='word_1_318' title='bbox 1676 626 1797 649; x_wconf 87' lang='lat' dir='ltr'>nuncu-</span> 
     </span>
     <span class='ocr_line' id='line_1_60' title="bbox 1059 671 1797 716; baseline -0.005 -11"><span class='ocrx_word' id='word_1_319' title='bbox 1059 674 1210 716; x_wconf 84' lang='lat' dir='ltr'>pandum,</span> <span class='ocrx_word' id='word_1_320' title='bbox 1229 684 1264 705; x_wconf 86' lang='lat' dir='ltr'>ac</span> <span class='ocrx_word' id='word_1_321' title='bbox 1283 672 1456 705; x_wconf 84' lang='lat' dir='ltr'>duodecim</span> <span class='ocrx_word' id='word_1_322' title='bbox 1482 671 1618 704; x_wconf 84' lang='lat' dir='ltr'>clericos</span> <span class='ocrx_word' id='word_1_323' title='bbox 1634 680 1691 703; x_wconf 88' lang='lat' dir='ltr'>seu</span> <span class='ocrx_word' id='word_1_324' title='bbox 1709 679 1797 713; x_wconf 83' lang='lat' dir='ltr'>pres-</span> 
     </span>
     <span class='ocr_line' id='line_1_61' title="bbox 1058 722 1797 768; baseline -0.005 -11"><span class='ocrx_word' id='word_1_325' title='bbox 1058 725 1186 768; x_wconf 66' lang='lat' dir='ltr'>byteros</span> <span class='ocrx_word' id='word_1_326' title='bbox 1212 726 1396 758; x_wconf 82' lang='lat' dir='ltr'>saeculares</span> <span class='ocrx_word' id='word_1_327' title='bbox 1433 723 1626 767; x_wconf 74' lang='lat' dir='ltr'>exemplaris</span> <span class='ocrx_word' id='word_1_328' title='bbox 1657 722 1740 755; x_wconf 77' lang='lat' dir='ltr'>vitae</span> <span class='ocrx_word' id='word_1_329' title='bbox 1767 727 1797 754; x_wconf 86' lang='lat' dir='ltr'>et</span> 
     </span>
     <span class='ocr_line' id='line_1_62' title="bbox 1060 778 1797 821; baseline -0.005 -10"><span class='ocrx_word' id='word_1_330' title='bbox 1060 778 1230 821; x_wconf 83' lang='lat' dir='ltr'>religionis</span> <span class='ocrx_word' id='word_1_331' title='bbox 1271 779 1454 817; x_wconf 86' lang='lat' dir='ltr'>zelatores,</span> <span class='ocrx_word' id='word_1_332' title='bbox 1487 787 1567 820; x_wconf 87' lang='lat' dir='ltr'>quos</span> <span class='ocrx_word' id='word_1_333' title='bbox 1601 781 1707 809; x_wconf 86' lang='lat' dir='ltr'>rector</span> <span class='ocrx_word' id='word_1_334' title='bbox 1740 785 1797 808; x_wconf 84' lang='lat' dir='ltr'>seu</span> 
     </span>
     <span class='ocr_line' id='line_1_63' title="bbox 1058 828 1799 875; baseline -0.005 -11"><span class='ocrx_word' id='word_1_335' title='bbox 1058 832 1264 874; x_wconf 87' lang='lat' dir='ltr'>praepositus</span> <span class='ocrx_word' id='word_1_336' title='bbox 1289 831 1472 875; x_wconf 88' lang='lat' dir='ltr'>praedictus</span> <span class='ocrx_word' id='word_1_337' title='bbox 1491 841 1550 874; x_wconf 90' lang='lat' dir='ltr'>pro</span> <span class='ocrx_word' id='word_1_338' title='bbox 1571 835 1718 873; x_wconf 88' lang='lat' dir='ltr'>tempore</span> <span class='ocrx_word' id='word_1_339' title='bbox 1737 828 1799 862; x_wconf 81' lang='lat' dir='ltr'>exi-</span> 
     </span>
     <span class='ocr_line' id='line_1_64' title="bbox 1058 885 1799 926; baseline -0.003 -10"><span class='ocrx_word' id='word_1_340' title='bbox 1058 892 1146 918; x_wconf 87' lang='lat' dir='ltr'>stens</span> <span class='ocrx_word' id='word_1_341' title='bbox 1181 885 1327 918; x_wconf 81' lang='lat' dir='ltr'>duxisset</span> <span class='ocrx_word' id='word_1_342' title='bbox 1355 885 1544 926; x_wconf 82' lang='lat' dir='ltr'>eligendos,</span> <span class='ocrx_word' id='word_1_343' title='bbox 1576 888 1743 925; x_wconf 84' lang='lat' dir='ltr'>regeretur</span> <span class='ocrx_word' id='word_1_344' title='bbox 1768 888 1799 915; x_wconf 88' lang='lat' dir='ltr'>et</span> 
     </span>
     <span class='ocr_line' id='line_1_65' title="bbox 1059 935 1797 979; baseline -0.003 -10"><span class='ocrx_word' id='word_1_345' title='bbox 1059 938 1307 979; x_wconf 79' lang='lat' dir='ltr'>gubernaretur,</span> <span class='ocrx_word' id='word_1_346' title='bbox 1328 949 1399 969; x_wconf 84' lang='lat' dir='ltr'>cum</span> <span class='ocrx_word' id='word_1_347' title='bbox 1426 938 1487 970; x_wconf 88' lang='lat' dir='ltr'>hoc</span> <span class='ocrx_word' id='word_1_348' title='bbox 1514 943 1621 969; x_wconf 89' lang='lat' dir='ltr'>tamen</span> <span class='ocrx_word' id='word_1_349' title='bbox 1647 936 1732 978; x_wconf 86' lang='lat' dir='ltr'>quod</span> <span class='ocrx_word' id='word_1_350' title='bbox 1759 935 1797 968; x_wconf 91' lang='lat' dir='ltr'>de</span> 
     </span>
     <span class='ocr_line' id='line_1_66' title="bbox 1060 990 1799 1030; baseline -0.003 -8"><span class='ocrx_word' id='word_1_351' title='bbox 1060 1000 1196 1023; x_wconf 86' lang='lat' dir='ltr'>numero</span> <span class='ocrx_word' id='word_1_352' title='bbox 1214 990 1405 1023; x_wconf 87' lang='lat' dir='ltr'>eorumdem</span> <span class='ocrx_word' id='word_1_353' title='bbox 1424 990 1616 1023; x_wconf 84' lang='lat' dir='ltr'>clericorum</span> <span class='ocrx_word' id='word_1_354' title='bbox 1632 999 1688 1021; x_wconf 82' lang='lat' dir='ltr'>seu</span> <span class='ocrx_word' id='word_1_355' title='bbox 1708 998 1799 1030; x_wconf 78' lang='lat' dir='ltr'>pres-</span> 
     </span>
     <span class='ocr_line' id='line_1_67' title="bbox 1059 1042 1797 1086; baseline -0.001 -12"><span class='ocrx_word' id='word_1_356' title='bbox 1059 1044 1249 1086; x_wconf 67' lang='lat' dir='ltr'>byterorum</span> <span class='ocrx_word' id='word_1_357' title='bbox 1268 1043 1466 1075; x_wconf 85' lang='lat' dir='ltr'>confratrum</span> <span class='ocrx_word' id='word_1_358' title='bbox 1486 1042 1673 1074; x_wconf 86' lang='lat' dir='ltr'>huiusmodi</span> <span class='ocrx_word' id='word_1_359' title='bbox 1690 1042 1797 1074; x_wconf 86' lang='lat' dir='ltr'>nullus</span> 
     </span>
     <span class='ocr_line' id='line_1_68' title="bbox 1060 1094 1797 1138; baseline -0.003 -10"><span class='ocrx_word' id='word_1_360' title='bbox 1060 1097 1220 1138; x_wconf 89' lang='lat' dir='ltr'>praelatus</span> <span class='ocrx_word' id='word_1_361' title='bbox 1256 1106 1313 1128; x_wconf 87' lang='lat' dir='ltr'>seu</span> <span class='ocrx_word' id='word_1_362' title='bbox 1339 1095 1475 1127; x_wconf 84' lang='lat' dir='ltr'>alicuius</span> <span class='ocrx_word' id='word_1_363' title='bbox 1510 1094 1640 1127; x_wconf 88' lang='lat' dir='ltr'>Ordinis</span> <span class='ocrx_word' id='word_1_364' title='bbox 1671 1094 1797 1136; x_wconf 86' lang='lat' dir='ltr'>profes-</span> 
     </span>
     <span class='ocr_line' id='line_1_69' title="bbox 1059 1148 1799 1191; baseline -0.001 -11"><span class='ocrx_word' id='word_1_365' title='bbox 1059 1159 1111 1181; x_wconf 69' lang='lat' dir='ltr'>¹sor</span> <span class='ocrx_word' id='word_1_366' title='bbox 1136 1148 1302 1187; x_wconf 78' lang='lat' dir='ltr'>existeret,</span> <span class='ocrx_word' id='word_1_367' title='bbox 1332 1148 1459 1191; x_wconf 80' lang='lat' dir='ltr'>ipsique</span> <span class='ocrx_word' id='word_1_368' title='bbox 1486 1148 1603 1180; x_wconf 88' lang='lat' dir='ltr'>rectori</span> <span class='ocrx_word' id='word_1_369' title='bbox 1629 1157 1685 1179; x_wconf 86' lang='lat' dir='ltr'>seu</span> <span class='ocrx_word' id='word_1_370' title='bbox 1704 1157 1799 1190; x_wconf 91' lang='lat' dir='ltr'>prae-</span> 
     </span>
     <span class='ocr_line' id='line_1_70' title="bbox 1060 1199 1797 1243; baseline -0.003 -10"><span class='ocrx_word' id='word_1_371' title='bbox 1060 1201 1164 1243; x_wconf 85' lang='lat' dir='ltr'>posito</span> <span class='ocrx_word' id='word_1_372' title='bbox 1198 1200 1363 1242; x_wconf 86' lang='lat' dir='ltr'>praedicto</span> <span class='ocrx_word' id='word_1_373' title='bbox 1387 1211 1447 1243; x_wconf 91' lang='lat' dir='ltr'>pro</span> <span class='ocrx_word' id='word_1_374' title='bbox 1475 1206 1621 1243; x_wconf 90' lang='lat' dir='ltr'>tempore</span> <span class='ocrx_word' id='word_1_375' title='bbox 1647 1199 1797 1231; x_wconf 81' lang='lat' dir='ltr'>existenti</span> 
     </span>
     <span class='ocr_line' id='line_1_71' title="bbox 1061 1253 1798 1296; baseline -0.003 -10"><span class='ocrx_word' id='word_1_376' title='bbox 1061 1254 1281 1286; x_wconf 87' lang='lat' dir='ltr'>omnimodam</span> <span class='ocrx_word' id='word_1_377' title='bbox 1306 1259 1337 1286; x_wconf 86' lang='lat' dir='ltr'>et</span> <span class='ocrx_word' id='word_1_378' title='bbox 1370 1253 1550 1296; x_wconf 87' lang='lat' dir='ltr'>plenariam</span> <span class='ocrx_word' id='word_1_379' title='bbox 1575 1253 1798 1285; x_wconf 86' lang='lat' dir='ltr'>obedientiam</span> 
     </span>
     <span class='ocr_line' id='line_1_72' title="bbox 1060 1305 1798 1348; baseline -0.003 -9"><span class='ocrx_word' id='word_1_380' title='bbox 1060 1312 1091 1339; x_wconf 90' lang='lat' dir='ltr'>et</span> <span class='ocrx_word' id='word_1_381' title='bbox 1116 1306 1355 1346; x_wconf 86' lang='lat' dir='ltr'>reverentiam,</span> <span class='ocrx_word' id='word_1_382' title='bbox 1388 1305 1432 1337; x_wconf 89' lang='lat' dir='ltr'>uti</span> <span class='ocrx_word' id='word_1_383' title='bbox 1467 1316 1579 1338; x_wconf 89' lang='lat' dir='ltr'>eorum</span> <span class='ocrx_word' id='word_1_384' title='bbox 1613 1305 1798 1348; x_wconf 87' lang='lat' dir='ltr'>superiori,</span> 
     </span>
     <span class='ocr_line' id='line_1_73' title="bbox 1060 1358 1795 1404; baseline -0.003 -12"><span class='ocrx_word' id='word_1_385' title='bbox 1060 1365 1248 1404; x_wconf 84' lang='lat' dir='ltr'>praestare,</span> <span class='ocrx_word' id='word_1_386' title='bbox 1275 1359 1433 1402; x_wconf 87' lang='lat' dir='ltr'>illumque</span> <span class='ocrx_word' id='word_1_387' title='bbox 1466 1359 1499 1391; x_wconf 91' lang='lat' dir='ltr'>in</span> <span class='ocrx_word' id='word_1_388' title='bbox 1532 1360 1608 1391; x_wconf 77' lang='lat' dir='ltr'>cura</span> <span class='ocrx_word' id='word_1_389' title='bbox 1633 1365 1664 1391; x_wconf 91' lang='lat' dir='ltr'>et</span> <span class='ocrx_word' id='word_1_390' title='bbox 1689 1358 1795 1391; x_wconf 87' lang='lat' dir='ltr'>admi-</span> 
     </span>
     <span class='ocr_line' id='line_1_74' title="bbox 1061 1412 1796 1455; baseline -0.003 -9"><span class='ocrx_word' id='word_1_391' title='bbox 1061 1413 1252 1446; x_wconf 85' lang='lat' dir='ltr'>nistratione</span> <span class='ocrx_word' id='word_1_392' title='bbox 1287 1413 1402 1446; x_wconf 89' lang='lat' dir='ltr'>domus</span> <span class='ocrx_word' id='word_1_393' title='bbox 1433 1423 1490 1445; x_wconf 88' lang='lat' dir='ltr'>seu</span> <span class='ocrx_word' id='word_1_394' title='bbox 1526 1412 1698 1455; x_wconf 87' lang='lat' dir='ltr'>hospitalis</span> <span class='ocrx_word' id='word_1_395' title='bbox 1733 1412 1796 1444; x_wconf 91' lang='lat' dir='ltr'>hu-</span> 
     </span>
     <span class='ocr_line' id='line_1_75' title="bbox 1060 1465 1800 1507; baseline -0.003 -8"><span class='ocrx_word' id='word_1_396' title='bbox 1060 1467 1198 1500; x_wconf 89' lang='lat' dir='ltr'>iusmodi</span> <span class='ocrx_word' id='word_1_397' title='bbox 1230 1465 1442 1507; x_wconf 87' lang='lat' dir='ltr'>coadiuvare,</span> <span class='ocrx_word' id='word_1_398' title='bbox 1476 1477 1511 1499; x_wconf 89' lang='lat' dir='ltr'>ac</span> <span class='ocrx_word' id='word_1_399' title='bbox 1540 1465 1711 1499; x_wconf 88' lang='lat' dir='ltr'>duodecim</span> <span class='ocrx_word' id='word_1_400' title='bbox 1737 1466 1800 1498; x_wconf 86' lang='lat' dir='ltr'>cle-</span> 
     </span>
     <span class='ocr_line' id='line_1_76' title="bbox 1060 1518 1801 1563; baseline -0.004 -11"><span class='ocrx_word' id='word_1_401' title='bbox 1060 1520 1118 1552; x_wconf 90' lang='lat' dir='ltr'>rici</span> <span class='ocrx_word' id='word_1_402' title='bbox 1144 1530 1200 1552; x_wconf 89' lang='lat' dir='ltr'>seu</span> <span class='ocrx_word' id='word_1_403' title='bbox 1227 1520 1431 1563; x_wconf 78' lang='lat' dir='ltr'>presbyteri,</span> <span class='ocrx_word' id='word_1_404' title='bbox 1456 1524 1490 1551; x_wconf 91' lang='lat' dir='ltr'>ut</span> <span class='ocrx_word' id='word_1_405' title='bbox 1515 1519 1717 1562; x_wconf 80' lang='lat' dir='ltr'>praefertur,</span> <span class='ocrx_word' id='word_1_406' title='bbox 1744 1518 1801 1550; x_wconf 88' lang='lat' dir='ltr'>cli-</span> 
     </span>
     <span class='ocr_line' id='line_1_77' title="bbox 1061 1571 1801 1615; baseline -0.003 -10"><span class='ocrx_word' id='word_1_407' title='bbox 1061 1572 1157 1614; x_wconf 78' lang='lat' dir='ltr'>gendi</span> <span class='ocrx_word' id='word_1_408' title='bbox 1182 1572 1361 1615; x_wconf 82' lang='lat' dir='ltr'>praedicti,</span> <span class='ocrx_word' id='word_1_409' title='bbox 1391 1577 1425 1604; x_wconf 89' lang='lat' dir='ltr'>ut</span> <span class='ocrx_word' id='word_1_410' title='bbox 1449 1572 1534 1604; x_wconf 87' lang='lat' dir='ltr'>circa</span> <span class='ocrx_word' id='word_1_411' title='bbox 1558 1571 1735 1614; x_wconf 83' lang='lat' dir='ltr'>praemissa</span> <span class='ocrx_word' id='word_1_412' title='bbox 1765 1571 1801 1603; x_wconf 90' lang='lat' dir='ltr'>li-</span> 
     </span>
     <span class='ocr_line' id='line_1_78' title="bbox 1061 1624 1800 1668; baseline -0.004 -11"><span class='ocrx_word' id='word_1_413' title='bbox 1061 1625 1171 1657; x_wconf 90' lang='lat' dir='ltr'>berius</span> <span class='ocrx_word' id='word_1_414' title='bbox 1207 1625 1375 1657; x_wconf 86' lang='lat' dir='ltr'>attendere</span> <span class='ocrx_word' id='word_1_415' title='bbox 1410 1630 1567 1668; x_wconf 86' lang='lat' dir='ltr'>possent,</span> <span class='ocrx_word' id='word_1_416' title='bbox 1594 1624 1674 1656; x_wconf 87' lang='lat' dir='ltr'>nulli</span> <span class='ocrx_word' id='word_1_417' title='bbox 1708 1624 1800 1656; x_wconf 85' lang='lat' dir='ltr'>alteri</span> 
     </span>
     <span class='ocr_line' id='line_1_79' title="bbox 1062 1676 1800 1718; baseline -0.004 -8"><span class='ocrx_word' id='word_1_418' title='bbox 1062 1677 1322 1710; x_wconf 87' lang='lat' dir='ltr'>confraternitati</span> <span class='ocrx_word' id='word_1_419' title='bbox 1359 1688 1415 1710; x_wconf 88' lang='lat' dir='ltr'>seu</span> <span class='ocrx_word' id='word_1_420' title='bbox 1448 1677 1593 1710; x_wconf 88' lang='lat' dir='ltr'>societati</span> <span class='ocrx_word' id='word_1_421' title='bbox 1631 1676 1800 1718; x_wconf 72' lang='lat' dir='ltr'>aggregari</span> 
     </span>
     <span class='ocr_line' id='line_1_80' title="bbox 1061 1728 1801 1772; baseline -0.003 -10"><span class='ocrx_word' id='word_1_422' title='bbox 1061 1741 1118 1763; x_wconf 86' lang='lat' dir='ltr'>seu</span> <span class='ocrx_word' id='word_1_423' title='bbox 1145 1730 1183 1763; x_wconf 85' lang='lat' dir='ltr'>ad</span> <span class='ocrx_word' id='word_1_424' title='bbox 1208 1730 1297 1762; x_wconf 79' lang='lat' dir='ltr'>illam</span> <span class='ocrx_word' id='word_1_425' title='bbox 1331 1730 1455 1762; x_wconf 88' lang='lat' dir='ltr'>admitti</span> <span class='ocrx_word' id='word_1_426' title='bbox 1482 1731 1646 1769; x_wconf 82' lang='lat' dir='ltr'>valerent,</span> <span class='ocrx_word' id='word_1_427' title='bbox 1675 1728 1801 1772; x_wconf 86' lang='lat' dir='ltr'>ipsique</span> 
     </span>
     <span class='ocr_line' id='line_1_81' title="bbox 1062 1782 1802 1826; baseline -0.003 -11"><span class='ocrx_word' id='word_1_428' title='bbox 1062 1793 1098 1815; x_wconf 89' lang='lat' dir='ltr'>ac</span> <span class='ocrx_word' id='word_1_429' title='bbox 1122 1782 1325 1826; x_wconf 89' lang='lat' dir='ltr'>praepositus</span> <span class='ocrx_word' id='word_1_430' title='bbox 1350 1783 1560 1826; x_wconf 85' lang='lat' dir='ltr'>praedictus,</span> <span class='ocrx_word' id='word_1_431' title='bbox 1590 1792 1649 1824; x_wconf 91' lang='lat' dir='ltr'>per</span> <span class='ocrx_word' id='word_1_432' title='bbox 1674 1782 1802 1814; x_wconf 88' lang='lat' dir='ltr'>confra-</span> 
     </span>
     <span class='ocr_line' id='line_1_82' title="bbox 1064 1835 1801 1879; baseline -0.003 -11"><span class='ocrx_word' id='word_1_433' title='bbox 1064 1842 1127 1868; x_wconf 91' lang='lat' dir='ltr'>tres</span> <span class='ocrx_word' id='word_1_434' title='bbox 1141 1835 1327 1879; x_wconf 87' lang='lat' dir='ltr'>praedictos</span> <span class='ocrx_word' id='word_1_435' title='bbox 1346 1836 1481 1869; x_wconf 85' lang='lat' dir='ltr'>clericos</span> <span class='ocrx_word' id='word_1_436' title='bbox 1500 1840 1634 1874; x_wconf 83' lang='lat' dir='ltr'>tantum,</span> <span class='ocrx_word' id='word_1_437' title='bbox 1649 1835 1687 1867; x_wconf 88' lang='lat' dir='ltr'>de</span> <span class='ocrx_word' id='word_1_438' title='bbox 1708 1835 1801 1867; x_wconf 92' lang='lat' dir='ltr'>trien-</span> 
     </span>
     <span class='ocr_line' id='line_1_83' title="bbox 1062 1888 1802 1929; baseline -0.003 -8"><span class='ocrx_word' id='word_1_439' title='bbox 1062 1889 1116 1922; x_wconf 92' lang='lat' dir='ltr'>nio</span> <span class='ocrx_word' id='word_1_440' title='bbox 1142 1888 1175 1921; x_wconf 91' lang='lat' dir='ltr'>in</span> <span class='ocrx_word' id='word_1_441' title='bbox 1201 1889 1375 1921; x_wconf 89' lang='lat' dir='ltr'>triennium</span> <span class='ocrx_word' id='word_1_442' title='bbox 1402 1900 1437 1922; x_wconf 80' lang='lat' dir='ltr'>ex</span> <span class='ocrx_word' id='word_1_443' title='bbox 1465 1899 1577 1921; x_wconf 87' lang='lat' dir='ltr'>corum</span> <span class='ocrx_word' id='word_1_444' title='bbox 1604 1888 1740 1929; x_wconf 81' lang='lat' dir='ltr'>gremio,</span> <span class='ocrx_word' id='word_1_445' title='bbox 1769 1894 1802 1920; x_wconf 90' lang='lat' dir='ltr'>ut</span> 
     </span>
     <span class='ocr_line' id='line_1_84' title="bbox 1062 1940 1802 1984; baseline -0.004 -10"><span class='ocrx_word' id='word_1_446' title='bbox 1062 1941 1255 1984; x_wconf 86' lang='lat' dir='ltr'>praefertur,</span> <span class='ocrx_word' id='word_1_447' title='bbox 1270 1941 1451 1984; x_wconf 80' lang='lat' dir='ltr'>eligendus,</span> <span class='ocrx_word' id='word_1_448' title='bbox 1466 1951 1645 1983; x_wconf 86' lang='lat' dir='ltr'>eorumque</span> <span class='ocrx_word' id='word_1_449' title='bbox 1660 1940 1802 1972; x_wconf 81' lang='lat' dir='ltr'>officium</span> 
     </span>
     <span class='ocr_line' id='line_1_85' title="bbox 1062 1992 1801 2036; baseline -0.004 -9"><span class='ocrx_word' id='word_1_450' title='bbox 1062 2005 1121 2036; x_wconf 88' lang='lat' dir='ltr'>per</span> <span class='ocrx_word' id='word_1_451' title='bbox 1147 1994 1322 2027; x_wconf 88' lang='lat' dir='ltr'>triennium</span> <span class='ocrx_word' id='word_1_452' title='bbox 1350 1998 1380 2026; x_wconf 91' lang='lat' dir='ltr'>et</span> <span class='ocrx_word' id='word_1_453' title='bbox 1405 2004 1470 2026; x_wconf 93' lang='lat' dir='ltr'>non</span> <span class='ocrx_word' id='word_1_454' title='bbox 1496 1994 1582 2026; x_wconf 88' lang='lat' dir='ltr'>ultra</span> <span class='ocrx_word' id='word_1_455' title='bbox 1608 1992 1725 2025; x_wconf 89' lang='lat' dir='ltr'>durare</span> <span class='ocrx_word' id='word_1_456' title='bbox 1751 2003 1801 2024; x_wconf 85' lang='lat' dir='ltr'>re-</span> 
     </span>
     <span class='ocr_line' id='line_1_86' title="bbox 1062 2045 1801 2089; baseline -0.001 -12"><span class='ocrx_word' id='word_1_457' title='bbox 1062 2046 1213 2089; x_wconf 80' lang='lat' dir='ltr'>spective,</span> <span class='ocrx_word' id='word_1_458' title='bbox 1228 2052 1388 2089; x_wconf 86' lang='lat' dir='ltr'>perpetuo</span> <span class='ocrx_word' id='word_1_459' title='bbox 1404 2051 1551 2078; x_wconf 86' lang='lat' dir='ltr'>crexerat</span> <span class='ocrx_word' id='word_1_460' title='bbox 1565 2045 1801 2085; x_wconf 85' lang='lat' dir='ltr'>etinstituerat,</span> 
     </span>
     <span class='ocr_line' id='line_1_87' title="bbox 1063 2098 1799 2142; baseline -0.003 -11"><span class='ocrx_word' id='word_1_461' title='bbox 1063 2110 1098 2132; x_wconf 86' lang='lat' dir='ltr'>ac</span> <span class='ocrx_word' id='word_1_462' title='bbox 1112 2099 1257 2142; x_wconf 81' lang='lat' dir='ltr'>insuper,</span> <span class='ocrx_word' id='word_1_463' title='bbox 1277 2105 1311 2131; x_wconf 93' lang='lat' dir='ltr'>ut</span> <span class='ocrx_word' id='word_1_464' title='bbox 1332 2099 1393 2141; x_wconf 85' lang='lat' dir='ltr'>ipsi</span> <span class='ocrx_word' id='word_1_465' title='bbox 1411 2099 1588 2131; x_wconf 78' lang='lat' dir='ltr'>confratres</span> <span class='ocrx_word' id='word_1_466' title='bbox 1606 2098 1799 2141; x_wconf 80' lang='lat' dir='ltr'>illorumque</span> 
     </span>
     <span class='ocr_line' id='line_1_88' title="bbox 1063 2151 1799 2193; baseline -0.004 -9"><span class='ocrx_word' id='word_1_467' title='bbox 1063 2158 1215 2191; x_wconf 84' lang='lat' dir='ltr'>rectores,</span> <span class='ocrx_word' id='word_1_468' title='bbox 1241 2151 1532 2191; x_wconf 85' lang='lat' dir='ltr'>administratores,</span> <span class='ocrx_word' id='word_1_469' title='bbox 1555 2151 1799 2193; x_wconf 80' lang='lat' dir='ltr'>gubernatores,</span> 
     </span>
     <span class='ocr_line' id='line_1_89' title="bbox 1063 2203 1802 2247; baseline -0.003 -10"><span class='ocrx_word' id='word_1_470' title='bbox 1063 2205 1254 2245; x_wconf 86' lang='lat' dir='ltr'>oeconomi,</span> <span class='ocrx_word' id='word_1_471' title='bbox 1280 2205 1427 2247; x_wconf 85' lang='lat' dir='ltr'>aliaeque</span> <span class='ocrx_word' id='word_1_472' title='bbox 1453 2213 1613 2247; x_wconf 87' lang='lat' dir='ltr'>personae</span> <span class='ocrx_word' id='word_1_473' title='bbox 1639 2203 1678 2235; x_wconf 84' lang='lat' dir='ltr'>ab</span> <span class='ocrx_word' id='word_1_474' title='bbox 1711 2203 1802 2235; x_wconf 84' lang='lat' dir='ltr'>inde-</span> 
     </span>
     <span class='ocr_line' id='line_1_90' title="bbox 1062 2257 1801 2296; baseline -0.003 -7"><span class='ocrx_word' id='word_1_475' title='bbox 1062 2257 1136 2290; x_wconf 87' lang='lat' dir='ltr'>bitis</span> <span class='ocrx_word' id='word_1_476' title='bbox 1162 2257 1319 2290; x_wconf 86' lang='lat' dir='ltr'>molestiis</span> <span class='ocrx_word' id='word_1_477' title='bbox 1348 2258 1594 2296; x_wconf 79' lang='lat' dir='ltr'>relevarentur,</span> <span class='ocrx_word' id='word_1_478' title='bbox 1632 2266 1732 2288; x_wconf 86' lang='lat' dir='ltr'>unum</span> <span class='ocrx_word' id='word_1_479' title='bbox 1764 2266 1801 2287; x_wconf 77' lang='lat' dir='ltr'>ex</span> 
     </span>
    </p>
   </div>
   <div class='ocr_carea' id='block_1_12' title="bbox 1041 2309 1800 2348">
    <p class='ocr_par' dir='ltr' id='par_1_13' title="bbox 1041 2309 1800 2348">
     <span class='ocr_line' id='line_1_91' title="bbox 1041 2309 1800 2348; baseline -0.004 -5"><span class='ocrx_word' id='word_1_480' title='bbox 1041 2315 1051 2324; x_wconf 29' lang='lat' dir='ltr'>t</span> <span class='ocrx_word' id='word_1_481' title='bbox 1062 2316 1191 2343; x_wconf 85' lang='lat' dir='ltr'>sanctae</span> <span class='ocrx_word' id='word_1_482' title='bbox 1207 2310 1369 2343; x_wconf 81' lang='lat' dir='ltr'>Romanae</span> <span class='ocrx_word' id='word_1_483' title='bbox 1386 2310 1553 2343; x_wconf 79' lang='lat' dir='ltr'>Ecclesiae</span> <span class='ocrx_word' id='word_1_484' title='bbox 1568 2309 1800 2348; x_wconf 84' lang='lat' dir='ltr'>cardinalibus,</span> 
     </span>
    </p>
   </div>
   <div class='ocr_carea' id='block_1_13' title="bbox 1063 2361 1801 2459">
    <p class='ocr_par' dir='ltr' id='par_1_14' title="bbox 1063 2361 1801 2459">
     <span class='ocr_line' id='line_1_92' title="bbox 1063 2361 1800 2406; baseline -0.005 -10"><span class='ocrx_word' id='word_1_485' title='bbox 1063 2374 1160 2406; x_wconf 86' lang='lat' dir='ltr'>quem</span> <span class='ocrx_word' id='word_1_486' title='bbox 1185 2363 1245 2406; x_wconf 84' lang='lat' dir='ltr'>ipsi</span> <span class='ocrx_word' id='word_1_487' title='bbox 1273 2362 1443 2395; x_wconf 80' lang='lat' dir='ltr'>duxissent</span> <span class='ocrx_word' id='word_1_488' title='bbox 1467 2363 1505 2395; x_wconf 88' lang='lat' dir='ltr'>ad</span> <span class='ocrx_word' id='word_1_489' title='bbox 1542 2362 1573 2395; x_wconf 91' lang='lat' dir='ltr'>id</span> <span class='ocrx_word' id='word_1_490' title='bbox 1599 2361 1800 2404; x_wconf 82' lang='lat' dir='ltr'>eligendum,</span> 
     </span>
     <span class='ocr_line' id='line_1_93' title="bbox 1064 2414 1801 2459; baseline -0.004 -10"><span class='ocrx_word' id='word_1_491' title='bbox 1064 2417 1095 2449; x_wconf 89' lang='lat' dir='ltr'>in</span> <span class='ocrx_word' id='word_1_492' title='bbox 1121 2427 1236 2450; x_wconf 89' lang='lat' dir='ltr'>eorum</span> <span class='ocrx_word' id='word_1_493' title='bbox 1261 2421 1480 2459; x_wconf 90' lang='lat' dir='ltr'>protectorem</span> <span class='ocrx_word' id='word_1_494' title='bbox 1507 2421 1538 2448; x_wconf 91' lang='lat' dir='ltr'>et</span> <span class='ocrx_word' id='word_1_495' title='bbox 1564 2415 1714 2454; x_wconf 86' lang='lat' dir='ltr'>iudicem,</span> <span class='ocrx_word' id='word_1_496' title='bbox 1740 2414 1801 2453; x_wconf 84' lang='lat' dir='ltr'>eui,</span> 
     </span>
    </p>
   </div>
   <div class='ocr_carea' id='block_1_14' title="bbox 1065 2495 1801 2617">
    <p class='ocr_par' dir='ltr' id='par_1_15' title="bbox 1065 2495 1801 2617">
     <span class='ocr_line' id='line_1_94' title="bbox 1100 2495 1589 2529; baseline -0.002 -7"><span class='ocrx_word' id='word_1_497' title='bbox 1100 2498 1110 2522; x_wconf 83' lang='lat'>1</span> <span class='ocrx_word' id='word_1_498' title='bbox 1135 2495 1270 2522; x_wconf 78' lang='lat' dir='ltr'>Particula</span> <span class='ocrx_word' id='word_1_499' title='bbox 1289 2498 1316 2523; x_wconf 82' lang='grc' dir='ltr'>ει</span> <span class='ocrx_word' id='word_1_500' title='bbox 1335 2495 1468 2522; x_wconf 86' lang='lat' dir='ltr'>redundat</span> <span class='ocrx_word' id='word_1_501' title='bbox 1487 2496 1525 2529; x_wconf 72' lang='lat' dir='ltr'>(a.</span> <span class='ocrx_word' id='word_1_502' title='bbox 1541 2498 1589 2526; x_wconf 85' lang='lat' dir='ltr'>T.).</span> 
     </span>
     <span class='ocr_line' id='line_1_95' title="bbox 1099 2537 1801 2574; baseline -0.006 -8"><span class='ocrx_word' id='word_1_503' title='bbox 1099 2540 1114 2565; x_wconf 76' lang='lat'><strong>2</strong></span> <span class='ocrx_word' id='word_1_504' title='bbox 1134 2539 1244 2566; x_wconf 86' lang='lat' dir='ltr'>Comma</span> <span class='ocrx_word' id='word_1_505' title='bbox 1254 2539 1325 2566; x_wconf 89' lang='lat' dir='ltr'>istud</span> <span class='ocrx_word' id='word_1_506' title='bbox 1342 2543 1450 2574; x_wconf 83' lang='lat' dir='ltr'>praeter</span> <span class='ocrx_word' id='word_1_507' title='bbox 1464 2547 1523 2565; x_wconf 86' lang='lat' dir='ltr'>rem</span> <span class='ocrx_word' id='word_1_508' title='bbox 1540 2546 1601 2565; x_wconf 87' lang='lat' dir='ltr'>essa</span> <span class='ocrx_word' id='word_1_509' title='bbox 1614 2538 1747 2570; x_wconf 80' lang='lat' dir='ltr'>ridentur,</span> <span class='ocrx_word' id='word_1_510' title='bbox 1761 2537 1801 2563; x_wconf 68' lang='lat' dir='ltr'>vel</span> 
     </span>
     <span class='ocr_line' id='line_1_96' title="bbox 1065 2582 1799 2617; baseline -0.004 -8"><span class='ocrx_word' id='word_1_511' title='bbox 1065 2582 1115 2617; x_wconf 56' lang='lat' dir='ltr'>leg.</span> <span class='ocrx_word' id='word_1_512' title='bbox 1138 2584 1259 2617; x_wconf 61' lang='lat' dir='ltr'>qualibet</span> <span class='ocrx_word' id='word_1_513' title='bbox 1277 2584 1403 2616; x_wconf 59' lang='lat' dir='ltr'>nomine⁷</span> <span class='ocrx_word' id='word_1_514' title='bbox 1420 2587 1464 2609; x_wconf 82' lang='lat' dir='ltr'>aut</span> <span class='ocrx_word' id='word_1_515' title='bbox 1481 2582 1683 2617; x_wconf 58' lang='lat' dir='ltr'>quoumdolilml</span> <span class='ocrx_word' id='word_1_516' title='bbox 1699 2588 1734 2608; x_wconf 65' lang='lat' dir='ltr'>·t³,</span> <span class='ocrx_word' id='word_1_517' title='bbox 1752 2584 1799 2615; x_wconf 60' lang='lat' dir='ltr'>r).</span> 
     </span>
    </p>
   </div>
   <div class='ocr_carea' id='block_1_15' title="bbox 1693 192 1986 226">
    <p class='ocr_par' dir='ltr' id='par_1_16' title="bbox 1693 192 1986 226">
     <span class='ocr_line' id='line_1_97' title="bbox 1693 192 1986 226; baseline 0.003 -2"><span class='ocrx_word' id='word_1_518' title='bbox 1693 192 1756 224; x_wconf 70' lang='grc'>467</span> <span class='ocrx_word' id='word_1_519' title='bbox 1804 201 1852 225; x_wconf 73' lang='lat' dir='ltr'>An.</span> <span class='ocrx_word' id='word_1_520' title='bbox 1868 199 1896 226; x_wconf 86' lang='lat' dir='ltr'>c.</span> <span class='ocrx_word' id='word_1_521' title='bbox 1920 199 1986 225; x_wconf 66' lang='lat'><strong>¹712</strong></span> 
     </span>
    </p>
   </div>
  </div>
 </body>
</html>
