2269 3203
244 200 293 229 An,
313 201 342 228 c.
366 200 432 229 ηιξ
479 192 543 226 594

271 1110 353 1131 Causae
369 1116 427 1136 prae-

244 1138 308 1167 nentis
333 1137 429 1158 declara·

243 1166 312 1184 tionis.

438 254 585 287 comente,
604 251 718 289 septima
741 250 892 279 inflatione
913 258 1053 286 noccxui,
1078 259 1092 279 e
1115 258 1179 279 suc-

439 297 648 328 cessivainente
664 298 690 327 in
707 307 844 337 appresso
859 297 885 327 [li
899 298 1001 335 giorno
1016 297 1043 327 in
1062 296 1175 335 giorno,

439 346 535 385 abbia,
561 346 654 385 voglia
682 357 696 375 e
727 346 819 375 dobba
855 346 1004 375 celebrare
1039 346 1063 374 la
1097 349 1178 374 santa

440 403 555 431 messa,
592 395 728 424 assistere
768 394 795 424 in
826 393 904 423 detto
936 393 1038 431 giorno
1067 394 1110 423 (lie
1142 393 1180 423 ⁶29

439 443 552 475 ottobre
575 443 630 474 alla
667 453 758 473 messa
792 447 905 472 cantata
929 452 943 471 e
966 442 1057 472 (livini
1080 442 1179 480 offici,

439 492 708 523 amministrazione
725 491 792 521 delli
809 491 967 521 santissimi
991 491 1179 529 sacramenti,

440 546 535 572 stante
549 541 706 571 l'evidente
726 540 827 570 nullita
845 540 1084 573 dell'interdetto,
1100 549 1181 570 come

440 591 641 621 chiaramonte
673 589 696 618 si
730 588 802 618 vede
839 589 909 618 nelli
942 588 1025 619 editti
1058 588 1180 619 aslissati

439 638 580 669 d'ordine
613 638 639 667 di
674 638 754 667 detto
787 636 947 666 reverendo
981 637 1114 675 delegato
1150 638 1180 667 in

441 696 527 717 causa
556 686 626 716 nelli
654 685 754 723 luoghi
778 684 907 724 pnbblici
936 685 966 715 di
990 690 1092 725 questa
1117 694 1181 725 pre-

440 737 518 767 detta
545 741 631 766 terra.
663 735 837 765 Altrimente
864 735 985 766 sacendo
1007 735 1036 773 ,il
1066 739 1180 765 contra-

441 785 495 822 rio,
520 795 534 815 e
557 794 614 814 non
638 784 758 814 tacendo
791 784 871 824 copia
902 784 931 815 di
958 785 1005 822 se,
1029 784 1180 815 s'intende

439 834 555 864 incorso
580 833 608 863 in
635 833 730 873 quelle
746 842 819 873 pene
837 832 1000 872 pnbblicate
1017 832 1051 863 ed
1068 842 1180 872 espres-

439 887 500 913 sate
523 883 551 913 in
575 883 653 912 <letto
676 883 779 912 ordine
803 893 817 912 e
834 883 947 920 lettere,
969 882 1179 921 procedendosi

440 941 491 971 per
514 932 539 961 la
563 930 786 961 disobbedienza
803 931 980 970 all'espressi
1004 930 1181 960 nell'istesse

440 982 633 1018 ordinationi,
666 990 719 1011 con
751 981 775 1010 la
799 979 1038 1019 incorporazione
1061 980 1089 1009 di
1113 980 1180 1010 tutti

441 1030 459 1060 li
482 1031 545 1061 suoi
569 1030 647 1060 lieni.
674 1030 760 1067 Unde,
784 1034 839 1059 etc.

485 1098 499 1140 ξ
526 1097 556 1129 5.
585 1096 662 1129 Cum
688 1102 793 1129 autem
820 1095 955 1128 nimium
982 1096 1112 1128 evidens
1130 1095 1178 1135 sit,

441 1160 500 1184 nec
525 1150 697 1193 quisquam
722 1149 856 1182 inficiari
885 1151 1004 1187 valeat,
1030 1148 1180 1191 gravissi-

440 1213 523 1236 mam
550 1213 585 1235 ex
613 1202 799 1246 praemissis
819 1201 1062 1235 ecclesiasticae
1081 1202 1178 1235 liber-

441 1255 525 1296 tati¹‚
551 1256 615 1289 imo
645 1255 740 1288 eliam
774 1255 960 1298 pontificiae
998 1254 1178 1287 auctoritati

441 1310 562 1344 illatam
590 1310 687 1343 fuisse
716 1309 877 1350 inIurIam,
903 1320 938 1341 ac
965 1308 1113 1342 similiter
1131 1319 1179 1341 ex-

439 1364 599 1408 ploratum
626 1363 674 1402 sit,
703 1363 827 1395 nullum
855 1362 1180 1405 iudi‹:eni,quact1ni-

439 1429 502 1462 que
545 1417 672 1450 tandein
711 1422 870 1459 potestate
918 1422 948 1449 et
987 1416 1178 1450 auctoritate

439 1469 616 1510 suffultum,
633 1469 761 1513 quoties
777 1469 815 1502 de
835 1469 1177 1510 excommunicatione,

440 1523 633 1563 interdicto,
668 1522 802 1566 aliisque
835 1523 982 1555 censuris
1015 1534 1050 1556 ex
1085 1525 1201 1556 causa¹

440 1579 544 1611 laesae
582 1588 638 1610 seu
667 1575 803 1609 violatae
835 1576 1048 1609 immunitatis
1077 1578 1179 1610 eccle-

439 1631 598 1669 siasticae,
625 1642 660 1663 ac
685 1629 891 1672 potissimum
914 1630 951 1662 de
970 1630 1103 1673 speciali
1127 1641 1179 1663 no·

439 1690 505 1717 stro
531 1689 562 1716 et
587 1683 676 1716 Sedis
704 1682 908 1725 apostolicae
928 1683 1080 1715 mandato
1106 1683 1178 1716 latis

439 1737 488 1780 agi
515 1735 683 1778 contingit,
711 1736 739 1767 in
767 1735 895 1768 illarum
922 1735 1093 1768 validitatis
1120 1747 1177 1769 seu

438 1790 658 1828 invaliditatis,
683 1789 824 1821 iustitiae
852 1799 907 1821 seu
929 1789 1108 1822 iniustitiae
1128 1801 1179 1823 co·
1200 1809 1201 1827 r

439 1842 642 1886 gnitionem‚
670 1853 753 1885 (luae
791 1841 918 1875 nonnisi
945 1842 1039 1875 nobis
1071 1854 1106 1875 ac
1133 1843 1179 1876 di-

439 1901 507 1929 ctae
533 1896 608 1929 Sedi
636 1900 796 1928 reservata
822 1900 878 1934 est,
906 1905 940 1927 se
958 1895 1110 1938 ingerere
1136 1897 1179 1929 ul—

438 1950 564 1982 latenus
600 1958 715 1992 posse,
754 1947 901 1991 adeoque
939 1948 1051 1981 eadem
1085 1959 1178 1992 prae-

440 2002 535 2034 niissa
560 2001 590 2033 in
623 2001 792 2034 maximam
823 2001 1040 2045 plurimorum
1072 2002 1180 2046 perni-

440 2053 520 2098 ciem
547 2065 582 2087 ac
615 2054 804 2087 scandalum
825 2054 970 2095 tendant,
991 2055 1179 2099 animasque

440 2107 584 2168 plagioso
610 2108 777 2141 salvatoris
793 2113 824 2141 et
843 2108 965 2141 domini
987 2107 1089 2141 nostri
1107 2108 1178 2142 Iesu

439 2161 555 2194 Christi
582 2161 742 2203 sanguine
770 2162 957 2204 redemptas
994 2163 1026 2194 in
1063 2162 1179 2204 gravis-

440 2213 520 2246 sima
545 2213 690 2256 pericula
716 2220 746 2246 et
773 2224 902 2247 errores
936 2214 1111 2253 coniicere,
1143 2224 1179 2247 ac
1205 2212 1209 2215 ’

440 2266 648 2309 deplorandis
693 2267 785 2299 malis
826 2267 989 2300 involvere
1032 2268 1175 2300 valeant:

441 2320 516 2353 hinc
542 2325 590 2353 est
615 2320 701 2362 quod
728 2330 807 2359 nos,
840 2320 895 2364 qui
928 2321 1043 2353 iuriam
1075 2321 1178 2353 eccle-

440 2372 649 2406 siasticorum
676 2378 853 2406 assertores
888 2373 920 2405 in
947 2373 1041 2406 terris
1072 2385 1086 2404 a
1118 2373 1201 2408 DO·'t

440 2427 526 2460 mino
545 2426 709 2459 constituti
727 2437 843 2466 sumus,
863 2427 1071 2469 omniumque
1092 2427 1178 2459 cliri-
1199 2418 1200 2427 ¹

439 2479 625 2512 stifidelium
652 2490 761 2512 curam
787 2485 819 2511 et
847 2479 1099 2512 sollicitudinem
1125 2491 1199 2512 su·,

439 2535 541 2577 perna
566 2532 779 2575 dispositione
805 2531 955 2575 gerimus
983 2528 1199 2574 libertatem!

475 2597 484 2622 t
510 2594 578 2622 Edit.
601 2593 679 2623 Main.
703 2594 765 2630 legit
787 2594 929 2624 libertatis
950 2594 987 2630 (n.
1010 2596 1056 2624 T.)·
1196 2602 1199 2630 ξ

1024 201 1202 226 EULLMAL‘M
1228 200 1334 225 ROMA&
1342 201 1382 224 CM

1223 248 1458 282 immunitatem
1496 253 1527 280 et
1562 247 1821 281 iurisdictionem
1858 249 1961 281 eccle-

1222 301 1392 341 siasticam,
1420 312 1480 334 nec
1502 311 1566 334 non
1591 300 1727 334 Sanctae
1753 300 1849 333 huius
1870 300 1961 334 Sedis

1223 354 1446 388 auctoritatem
1482 355 1521 386 ab
1559 353 1716 387 eiusmodi
1757 353 1890 388 nefariis
1925 365 1962 387 ac

1224 406 1414 450 perniciosis
1440 406 1609 440 conatibus
1636 411 1756 439 sartam
1778 411 1961 450 tectamque

1224 465 1321 503 atque
1339 459 1496 493 illibatam
1517 459 1597 492 tueri
1618 465 1648 492 et
1665 469 1871 500 conservare,
1890 470 1963 492 nec-

1226 522 1288 544 non
1312 512 1491 545 animarum
1509 511 1672 555 periculis,
1692 517 1848 554 quantum
1867 512 1961 545 nobis

1226 575 1261 597 ex
1288 566 1352 598 alto
1374 565 1571 604 conceditur,
1591 575 1765 607 occurrere
1783 565 1960 608 cupientes,

1226 618 1436 662 omniumque
1477 624 1508 650 et
1546 618 1769 661 singulorum,
1806 628 1889 661 quae
1930 618 1961 651 in

1202 675 1203 686 ¹
1226 672 1422 715 praemissis,
1439 683 1495 705 seu
1513 683 1625 706 eorum
1645 672 1828 712 occasione,
1846 672 1961 715 quovis

1202 723 1204 742 l
1226 725 1322 758 inodo
1350 725 1490 766 decreta,
1517 726 1610 766 iussa,
1642 725 1801 765 ordinata,
1834 731 1904 759 acta
1930 731 1963 759 et

1226 784 1316 820 gesta
1348 778 1496 819 suerunt,
1526 778 1666 819 scriem,
1700 789 1812 812 causas
1845 783 1877 812 et
1901 779 1962 812 cir-

1225 832 1436 864 cumstantias
1463 832 1557 866 etiam
1582 837 1807 874 aggravantes,
1832 842 1960 866 necnon

1225 884 1455 927 praefatorum,
1476 895 1512 918 ac
1538 885 1723 928 quorumvis
1747 885 1886 919 aliorum
1912 885 1963 918 tri-

1225 937 1407 977 bunalium,
1434 938 1590 977 iudicum,
1613 938 1844 978 ministrorum,
1866 939 1962 972 etiam

1225 990 1457 1034 principalium
1489 1002 1544 1024 seu
1577 1002 1811 1035 supremorum,
1845 991 1963 1025 officia-

1226 1044 1313 1084 lium,
1348 1045 1561 1083 notariorum,
1586 1044 1765 1078 scribarum
1795 1050 1828 1078 et
1851 1055 1964 1088 perso-

1225 1107 1339 1130 narum
1365 1108 1655 1141 quarumcumque,
1675 1098 1707 1130 in
1726 1098 1848 1131 eisdem
1875 1107 1964 1141 prae-

1225 1150 1331 1183 missis
1359 1151 1609 1194 quomodolibet
1641 1150 1864 1195 culpabilium,
1887 1161 1964 1195 qua-

1201 1249 1202 1252 *
1224 1204 1340 1244 litates,
1360 1204 1546 1247 dignitates,
1566 1205 1697 1238 nomina
1710 1210 1740 1238 et
1757 1204 1963 1247 cognomina,

1224 1257 1324 1290 aliave
1350 1268 1584 1300 quaecumque,
1612 1258 1710 1290 etiam
1726 1256 1910 1300 specificam
1932 1263 1965 1290 et

1224 1310 1421 1343 individuam
1448 1310 1646 1343 mentionem
1665 1321 1702 1343 ac
1721 1309 1964 1354 expressionem

1225 1363 1433 1406 requirentia,
1463 1363 1686 1407 praesentibus
1720 1374 1777 1407 pro
1808 1365 1906 1407 plene
1931 1369 1964 1397 et

1224 1416 1425 1450 sufficienter
1446 1417 1605 1461 expressis
1632 1422 1663 1450 et
1687 1417 1875 1460 singillatim
1890 1428 1963 1461 spe-

1223 1469 1356 1503 cificatis
1382 1471 1555 1511 habentes,
1583 1475 1672 1504 motu
1698 1471 1844 1514 proprio,
1870 1481 1906 1504 ac
1925 1481 1960 1505 cx

1224 1577 1362 1617 nostris,
1404 1578 1509 1621 deque
1554 1578 1752 1621 apostolicae
1793 1578 1963 1621 potestatis

1223 1630 1447 1672 plenitudine,
1474 1631 1619 1671 litteras,
1646 1631 1786 1664 edictum
1811 1642 1846 1665 ac
1872 1642 1964 1676 prae-

1224 1689 1353 1727 ceptum
1379 1694 1435 1716 seu
1461 1684 1876 1728 mandatumpraeinserta,
1893 1695 1965 1719 nec·

1200 1765 1201 1768 ,
1225 1747 1287 1770 non
1314 1747 1541 1781 quaecumque
1569 1738 1599 1770 in
1624 1737 1662 1770 iis
1688 1744 1850 1780 contenta,
1886 1739 1963 1771 alia-

1225 1800 1287 1832 que
1313 1790 1423 1822 onmia
1441 1792 1476 1823 ea
1499 1790 1668 1824 occasione
1687 1801 1746 1833 per
1766 1797 1963 1824 memoratos

1225 1842 1430 1876 Franciseuin
1457 1844 1600 1877 Miranda
1636 1850 1667 1877 et
1691 1844 1830 1887 Gayarre
1863 1855 1966 1877 asser-

1226 1901 1290 1928 tum
1318 1896 1457 1930 iudicem
1484 1897 1558 1930 dicti
1586 1898 1749 1940 praetensi
1781 1896 1964 1938 tribunalis,

1224 1959 1283 1982 nec
1310 1960 1373 1982 non
1401 1950 1565 1982 Andrean]
1592 1950 1711 1991 Ficani,
1729 1950 1886 1983 Isidorum
1904 1950 1965 1983 Na-

1225 2013 1315 2036 varro
1354 2009 1386 2036 et
1425 2003 1598 2047 Iosepliutn
1640 2003 1826 2044 Alexandri,
1851 2004 1963 2046 vigore

1224 2066 1353 2089 suarum
1379 2057 1555 2100 respective
1574 2063 1770 2090 assertorum
1789 2057 1966 2100 delegatio-

1225 2120 1310 2150 nmn,
1330 2115 1399 2143 acta
1425 2115 1515 2153 gesta
1541 2115 1572 2143 et
1596 2110 1754 2150 ordinata,
1772 2121 1843 2143 cum
1862 2110 1963 2144 omni·

1224 2164 1284 2196 lius
1311 2168 1342 2196 et
1368 2163 1504 2206 singulis
1535 2163 1611 2196 inde
1643 2163 1764 2196 secutis
1790 2169 1821 2196 et
1853 2163 1962 2196 forsan

1226 2216 1496 2259 quandocumque
1523 2216 1695 2256 secuturis,
1725 2215 1854 2258 penitus
1885 2220 1915 2249 et
1933 2227 1964 2249 o-

1226 2269 1337 2302 mnino
1356 2270 1457 2309 nulla,
1479 2269 1579 2308 irrita,
1598 2268 1749 2308 invalida,
1764 2267 1896 2309 iniusta,
1915 2279 1964 2302 re-

1224 2320 1369 2363 probata,
1396 2321 1557 2360 danmata,
1581 2320 1698 2360 inania,
1721 2321 1904 2362 temeraria,
1931 2327 1964 2356 et

1223 2387 1239 2408 a
1265 2385 1328 2408 non
1355 2375 1550 2407 habentibus
1578 2380 1771 2418 potestatem
1796 2375 1963 2409 damnabi-

1223 2428 1297 2460 liter
1322 2433 1476 2460 attentata
1502 2438 1536 2459 ae
1563 2428 1601 2460 de
1629 2428 1712 2461 sacto
1737 2435 1961 2472 praesumpta,

1223 2481 1409 2522 nulliusque
1436 2479 1569 2513 omnino
1600 2480 1725 2513 roboris
1750 2487 1780 2513 et
1805 2481 1962 2514 momenti

1222 2534 1268 2566 vel
1296 2532 1455 2566 efficaciae
1472 2543 1542 2566 esse
1561 2538 1591 2566 ct
1616 2533 1655 2566 ab
1682 2533 1773 2567 initio
1801 2533 1900 2567 fuisse
1925 2545 1962 2567 ac

1221 2591 1382 2631 perpetuo
1417 2586 1496 2628 sore,
1533 2597 1639 2631 neque
1675 2586 1730 2621 illa
1755 2597 1772 2620 a
1798 2597 1961 2632 quoquam

2010 220 2015 226 .
2036 199 2066 226 C.
2089 199 2156 227 1713

2037 1479 2158 1501 melantio

1223 1526 1310 1556 certa
1341 1523 1478 1556 scicntia
1511 1530 1541 1557 et
1575 1525 1700 1557 matura
1725 1506 2076 1575 (ratibor-ationeiiiiii-'ii‘
2094 1509 2116 1528 ω
2136 1512 2158 1527 ¹¹¹
