2269 3203
87 258 136 286 An.
153 257 182 286 C.
205 258 270 285 ¹721

853 256 1063 281 taxncmrtt's
1090 256 1146 281 Xlll
1172 256 1220 281 [Ῥ.

284 307 468 341 litterarum
505 312 537 341 et
568 307 761 351 praesertim
786 306 895 350 legum
921 304 1027 338 studia

286 361 431 404 vigorem
454 366 485 394 et
509 361 707 394 alacritatem
725 359 905 404 propositis
927 359 1027 392 hono-

286 424 357 448 rum
381 414 535 457 praemiis
568 414 725 453 excitare,
751 413 914 456 simulque
944 422 1023 456 per-

286 473 421 511 petuum
447 467 581 511 aliquod
606 466 729 511 patriae
755 476 831 499 suae
852 476 930 508 erga
955 476 1027 498 eam

285 521 536 555 benevolentiae
562 526 808 554 monumentum
839 525 947 553 extare
973 530 1027 552 eu-

286 574 392 617 piens‚
418 579 451 606 et
474 574 658 607 litterarum
685 573 762 606 dicti
789 572 865 606 Sixti
892 572 1028 616 praede-

288 626 429 660 cessoris
455 637 555 670 super
576 626 742 659 erectione
760 626 836 659 dicti
856 626 1028 658 tribunalis

288 686 510 714 emanatarum
548 683 695 714 tenorem
732 686 764 713 et
799 680 904 713 datam
932 679 1026 712 etiam

286 733 444 767 veriorem
470 738 501 767 et
515 733 577 766 alia
594 743 828 777 quaecumque,
842 733 937 766 etiam
957 743 1028 776 spe·

288 787 413 821 cilicam
439 792 471 820 et
494 786 693 820 individuam
711 787 912 819 mentionem
931 791 962 819 et
981 796 1028 818 ex-

287 840 492 884 pressionem
531 839 751 883 requirentia,
776 850 837 882 pro
874 840 971 882 plene
997 844 1029 872 et

288 893 487 926 sufficienter
505 893 666 936 expressis
686 897 718 926 et
738 892 869 925 insertis
891 892 1028 932 liabens,

287 951 378 980 motu
404 946 551 990 proprio,
578 957 645 979 non
671 946 710 979 ad
731 945 972 979 communitatis
998 950 1029 978 et

288 1000 460 1033 hominum
485 1000 786 1043 praescriptorum,
813 1005 866 1032 aut
891 999 1028 1032 cuiusvis

288 1053 419 1087 alterius
443 1052 505 1086 sibi
531 1063 631 1096 super
654 1053 718 1086 hoc
744 1053 872 1086 oblatae
898 1052 1029 1096 petitio-

289 1106 339 1139 nis
363 1106 564 1145 instantiam,
591 1106 648 1139 sed
674 1116 710 1139 ex
734 1108 824 1139 certa
844 1105 978 1138 scientia
999 1111 1031 1138 et

288 1160 413 1192 matura
449 1158 689 1192 deliberatione
714 1158 788 1199 suis,
816 1158 922 1202 deque
953 1168 1029 1201 apo-

289 1211 424 1245 stolicae
448 1211 616 1255 potestatis
635 1211 851 1255 plenitudine,
869 1211 929 1243 sub
957 1211 1030 1244 data

289 1264 440 1298 videlicet
465 1264 516 1298 die
542 1274 619 1298 xv111
645 1265 770 1306 augusti
795 1273 923 1304 nocer,
949 1275 1030 1307 pon-

290 1317 429 1351 tificatus
455 1317 501 1350 sui
527 1328 612 1351 anno
638 1329 666 1358 r,
686 1318 841 1361 deinceps
868 1328 968 1350 unum
993 1329 1030 1351 ex

289 1370 404 1404 officiis
430 1371 629 1410 huiusmodi,
650 1382 720 1403 cum
742 1371 891 1404 omnibus
917 1377 947 1404 et
972 1371 1031 1404 sin-

289 1423 374 1466 gulis
399 1423 488 1457 illius
516 1424 745 1465 facultatibus,
773 1424 1030 1465 auctoritatibus,

288 1477 487 1518 honoribus,
513 1477 800 1521 praeeminentiis,
825 1477 1032 1510 antelationi-

287 1531 358 1571 bus,
383 1531 637 1565 obventionibus
663 1535 693 1565 et
715 1532 954 1571 emolumentis,
978 1531 1031 1564 nni

290 1595 326 1616 ex
357 1583 481 1617 civibus
514 1584 701 1627 originariis
733 1584 868 1617 civitatis
894 1584 1030 1618 Urbina-

291 1636 401 1677 tensis,
429 1637 484 1680 qui
509 1637 542 1670 in
567 1637 654 1670 illius
686 1637 784 1670 studii
806 1638 968 1680 generalis
997 1649 1031 1671 u-

290 1689 479 1723 niversitate
515 1691 553 1723 ad
591 1691 780 1724 doctoratus
811 1691 957 1724 lauream
998 1691 1031 1724 in

289 1748 430 1787 utroque
455 1743 525 1776 iure
558 1744 710 1786 promoti,
737 1754 864 1777 necnon
890 1745 1030 1787 collegio

290 1796 386 1829 etiam
422 1797 592 1839 generali,
626 1803 661 1829 ut
696 1803 831 1837 vocant,
859 1797 1031 1831 doctorum

288 1849 393 1892 ipsius
419 1849 556 1882 civitatis
581 1849 737 1893 adscripti
764 1850 910 1890 fuissent,
928 1860 963 1882 ac
981 1860 1030 1883 ce—

289 1902 418 1945 teroqui
451 1902 661 1946 qualitatibus
694 1903 781 1935 iuxta
814 1903 950 1935 formam
977 1902 1031 1935 di-

289 1960 415 1989 ctarum
449 1955 528 1989 Sixti
561 1955 825 1999 praedecessoris
850 1956 1031 1989 litterarum

289 2008 429 2052 praediti
463 2009 701 2052 reperirentur,
727 2019 745 2041 a
778 2008 864 2041 dicto
890 2009 1030 2051 collegio

288 2061 435 2104 generali
459 2071 521 2104 pro
547 2066 695 2104 tempore
720 2061 937 2101 nominandis,
956 2072 1031 2104 per-

289 2119 389 2158 petuo
405 2114 569 2148 concessit
587 2120 618 2148 et
635 2115 828 2157 assignavit3
845 2115 887 2147 ita
906 2114 1031 2148 scilicet

288 2174 324 2201 ut
349 2168 436 2201 idem
453 2168 628 2211 collegium
646 2174 712 2202 tres
731 2169 817 2202 cives
835 2168 1030 2211 originarios

288 2221 530 2262 Urbinatenses,
550 2222 634 2254 sicut
651 2223 880 2265 praemittitur,
896 2233 1030 2266 promo-

291 2279 352 2314 tos,
379 2274 557 2318 adscriptos
578 2281 608 2308 et
634 2275 845 2318 qualificatos,
864 2286 946 2318 qnos
963 2286 1029 2308 non

291 2327 412 2368 favore,
438 2328 550 2370 gratia,
576 2329 729 2371 precibus
756 2334 810 2362 aut
835 2329 945 2372 quavis
969 2329 1030 2362 alia

291 2379 467 2414 ambitione
492 2391 547 2414 seu
573 2382 767 2425 corruptela,
795 2382 850 2415 sed
876 2382 1031 2416 uniuscu-

291 2432 406 2476 iusque
424 2433 542 2467 merito
559 2440 685 2468 mature
704 2435 909 2468 considerato
929 2435 1030 2479 magis

292 2485 428 2518 idoneos
443 2490 474 2518 et
487 2487 627 2528 aptiores
641 2488 673 2520 in
687 2487 825 2521 Domino
840 2487 1028 2521 iudicasset¹

292 2538 331 2571 ad
353 2538 472 2571 dictum
493 2539 695 2574 anditoratus
715 2541 865 2582 officium,
885 2541 971 2585 quod
990 2542 1028 2574 ad

328 2654 336 2680 1
361 2651 432 2680 Edit.
453 2651 534 2680 Maia.
555 2651 619 2689 tegit
639 2653 782 2682 iudicasse
801 2656 840 2691 (a.
865 2655 916 2690 L).

1710 247 1774 280 805

1071 305 1336 350 quinquennium
1351 305 1487 339 concedi
1502 306 1812 346 consuevit,exu1nc

1070 364 1102 392 et
1116 359 1284 402 perpetuis
1298 359 1413 392 futuris
1430 359 1641 402 temporibus,
1657 358 1705 392 de¹
1722 359 1810 402 quin-

1071 413 1212 456 quennio
1242 413 1273 446 in
1308 412 1594 456 quinquennium,
1620 417 1811 445 recurrente

1070 477 1125 499 seu
1151 467 1229 499 alias
1256 466 1501 510 quomodolibet
1533 470 1564 498 et
1589 465 1812 509 quandocum-

1071 530 1132 562 que
1159 520 1371 562 contingente
1397 519 1484 552 illius
1502 519 1681 558 vacatione,
1707 518 1812 551 nomi-

1071 583 1166 613 nare·,
1195 583 1278 605 unus
1304 583 1379 606 vero
1399 583 1437 605 ex
1464 571 1566 604 tribus
1593 572 1639 604 sic
1665 571 1812 604 nomina-

1073 625 1110 658 tis
1136 636 1193 669 per
1219 626 1367 658 eumdem
1393 625 1591 658 Clementem
1616 624 1812 668 praedeces-

1073 690 1180 712 rorem
1203 685 1233 713 et
1254 679 1433 712 Romanum
1451 678 1640 711 Pontificem
1659 688 1719 721 pro
1738 683 1813 710 tem-

1071 743 1150 776 pore
1176 732 1368 766 existentem
1387 733 1424 765 ad
1452 732 1593 765 officium
1624 731 1810 764 huiusmodi

1072 786 1190 819 assumi
1216 785 1397 829 respective
1423 785 1574 818 deberet:
1592 796 1651 818 nee
1668 795 1812 828 unquam

1072 840 1159 873 idem
1198 839 1355 879 officium,
1381 850 1398 872 a
1438 839 1610 883 praedicto
1648 838 1812 872 Clemente

1072 893 1324 937 praedecessore
1356 898 1389 925 ut.
1413 892 1597 935 praefertur
1622 902 1812 925 concessum

1074 952 1104 979 et
1128 946 1341 989 assignatum,
1368 945 1452 986 aliis,
1479 956 1574 989 quam
1601 945 1723 978 civibus
1750 946 1813 978 ori-

1073 999 1206 1041 ginariis
1231 998 1520 1038 Urbinatensibus,
1549 998 1633 1031 sieut
1657 997 1814 1041 praemit-

1075 1052 1159 1092 titur,
1175 1051 1383 1085 nominandis
1397 1050 1418 1091 2,
1436 1051 1573 1085 concedi
1593 1054 1623 1084 et
1640 1051 1811 1094 assignari,

1073 1106 1123 1138 vel
1149 1106 1189 1138 de
1216 1105 1306 1138 eoin
1324 1105 1461 1138 aliorum
1483 1115 1579 1148 quam
1606 1104 1721 1137 civium
1751 1104 1814 1137 ori<

1075 1158 1275 1200 ginariorum
1312 1158 1503 1191 huiusmodi
1529 1158 1574 1190 sic
1598 1158 1814 1191 nominando-

1074 1222 1144 1244 rum
1177 1212 1317 1244 savorem
1354 1211 1484 1255 disponi
1516 1212 1678 1244 ullatenus
1704 1216 1815 1254 posset

1075 1271 1129 1298 ant
1147 1265 1296 1298 deberet:
1313 1265 1502 1305 decernens,
1519 1275 1737 1308 quascumque
1751 1266 1814 1298 col-

1076 1318 1238 1358 lationes,
1267 1318 1499 1351 concessiones
1519 1345 1526 1357 ‚
1554 1318 1813 1361 assignationes,

1076 1377 1128 1404 aut
1154 1371 1232 1405 alias
1260 1371 1487 1414 dispositiones
1518 1371 1556 1404 de
1583 1372 1698 1404 eodem
1724 1372 1815 1405 audi-

1078 1429 1200 1457 toratus
1227 1423 1332 1456 officio
1361 1424 1392 1455 in
1419 1423 1556 1456 aliorum
1576 1435 1671 1468 quam
1697 1425 1813 1458 civium

1076 1477 1326 1520 originariorum
1345 1476 1585 1519 praedictorum
1611 1477 1763 1518 savorem,
1781 1484 1815 1511 ut

1076 1531 1265 1574 praefertur,
1284 1530 1592 1573 quomodocumque
1610 1536 1641 1563 et
1658 1531 1816 1575 qualiter-

1076 1594 1214 1627 cumque
1231 1594 1290 1627 pro
1315 1589 1460 1626 tempore
1479 1583 1673 1624 faciendas-³,
1693 1579 1812 1625 nullas,

1075 1637 1182 1670 irritas
1207 1643 1238 1670 et
1262 1637 1374 1670 inanes
1400 1636 1586 1680 nulliusque
1611 1638 1740 1670 roboris
1766 1640 1815 1672 vel

1075 1690 1230 1724 momenti
1257 1691 1326 1723 sore
1353 1695 1384 1722 et
1409 1700 1488 1729 esse,
1512 1701 1548 1722 ac
1573 1690 1655 1724 nulli
1680 1702 1815 1734 prorsus

1075 1742 1256 1785 suffragari,
1272 1742 1328 1775 sed
1346 1741 1469 1774 litteras
1486 1741 1626 1784 desuper
1644 1742 1816 1776 conficien-

1075 1796 1142 1834 das,
1160 1802 1192 1828 et
1218 1796 1249 1828 in
1270 1795 1316 1828 eis
1342 1800 1507 1835 contenta,
1530 1805 1566 1828 ae
1590 1795 1667 1828 inde
1693 1802 1817 1830 eetero-

1076 1848 1129 1892 qui
1145 1847 1291 1890 legitime
1306 1852 1457 1880 secutura
1472 1857 1705 1891 quaecumque,
1721 1849 1816 1882 etiam

1076 1912 1112 1934 ex
1139 1912 1176 1934 eo
1205 1900 1292 1944 quod
1319 1900 1456 1944 quilibet
1485 1900 1581 1933 etiam
1608 1900 1758 1944 specifica
1784 1907 1817 1935 et

1075 1954 1241 1987 individua
1265 1954 1433 1987 mentione
1460 1953 1548 1996 digni
1568 1953 1599 1986 in
1625 1954 1815 1998 praemissis

1076 2009 1231 2042 interesse
1257 2008 1417 2041 habentes
1443 2018 1501 2041 seu
1533 2008 1655 2042 habere
1681 2020 1816 2053 quomo-

1075 2061 1200 2095 dolibet
1225 2061 1477 2105 praetendentes
1503 2061 1567 2095 illis
1589 2072 1654 2095 non
1679 2073 1816 2096 eonsen-

1075 2115 1183 2154 serint,
1210 2124 1270 2148 nec
1296 2114 1334 2146 ad
1362 2124 1399 2147 ea
1423 2114 1539 2155 vocati,
1562 2115 1662 2155 citati,
1684 2121 1737 2149 aut
1761 2126 1817 2149 au-

1075 2168 1144 2208 diti,
1165 2177 1270 2210 neque
1290 2177 1418 2207 causae,
1436 2173 1571 2212 propter
1588 2179 1666 2212 quas
1681 2169 1814 2202 eaedem

1074 2221 1201 2254 litterae
1234 2227 1458 2261 emanassent,
1486 2221 1686 2255 sufficienter
1715 2223 1816 2255 addu-

1074 2280 1156 2314 ctae,
1181 2274 1364 2307 verificatae
1391 2279 1423 2307 et
1447 2273 1638 2308 iustificatae
1664 2275 1812 2316 fuissent,

1074 2333 1127 2360 ant
1152 2327 1215 2360 alia
1240 2327 1335 2360 etiam
1362 2327 1566 2370 quantumvis
1591 2329 1745 2371 legitima,
1768 2329 1815 2361 iu-

1073 2380 1176 2413 ridica
1195 2386 1224 2414 et
1244 2380 1451 2423 privilegiata
1467 2383 1574 2421 causa,
1591 2382 1710 2422 colore,
1722 2393 1814 2425 prae-

1075 2439 1161 2468 textu
1187 2440 1219 2466 et
1243 2434 1357 2476 capite,
1383 2434 1478 2466 etiam
1508 2434 1540 2466 in
1573 2445 1710 2478 corpore
1736 2435 1813 2468 iuris

1073 2489 1196 2527 clauso,
1223 2487 1318 2520 etiam
1342 2487 1496 2528 enormis,
1517 2488 1761 2521 enormissimae
1782 2493 1814 2521 et

1111 2567 1119 2592 1
1143 2566 1295 2601 Praeposit.
1313 2566 1346 2592 de
1368 2574 1416 2593 nos
1432 2565 1556 2593 addimus
1572 2573 1610 2597 (n.
1626 2568 1676 2599 11).

1106 2610 1123 2636 2
1143 2609 1213 2636 Edit.
1234 2610 1314 2637 Main.
1337 2610 1402 2645 legit
1421 2611 1600 2637 nominandi
1620 2612 1659 2644 (n.
1681 2610 1731 2645 Ἰ.)

1104 2653 1121 2681 3
1141 2652 1210 2682 Edit.
1232 2654 1311 2682 Main.
1333 2653 1398 2690 legit
1416 2654 1561 2689 faciendis
1582 2656 1620 2689 (R.
1638 2655 1688 2689 12).

1819 256 1867 283 An.
1885 255 1911 283 C.
1934 256 1999 283 172¹
