2269 3203
252 245 305 273 An.
324 245 352 272 c,
374 244 444 272 1704
489 236 554 270 ¹100
1030 244 1212 270 numanum
1235 244 1392 270 normann

447 295 594 330 sicienter
618 305 773 340 expresso
799 306 835 329 ac
864 295 903 329 de
929 295 1029 329 verbo
1054 296 1094 328 ad
1120 305 1188 328 ver·
1231 306 1310 338 pore
1344 295 1512 335 existente,
1543 294 1605 327 nisi
1631 294 1662 327 in
1688 293 1802 327 mortis
1834 291 1970 326 articulo

447 349 524 382 bum
550 349 674 383 inserto
712 349 825 382 haberi
861 350 1017 389 volumus,
1052 349 1186 381 uberius
1231 348 1435 388 constitutus,
1462 347 1680 381 absolutionis
1705 345 1899 380 beneficium
1923 356 1972 378 va-

447 403 652 444 continetur;
686 403 823 436 subinde
850 414 928 435 vero
962 403 1000 435 ad
1027 402 1188 446 apostola·
1232 402 1296 434 lcat
1321 400 1483 441 obtinere,
1511 400 1646 433 omnino
1672 399 1913 433 interdicimus.

448 461 497 489 tus
515 457 616 489 nostri
634 457 781 489 notitiam
804 456 1007 499 pervenisset
1027 455 1058 487 iu
1077 456 1188 497 vulgus
1275 455 1289 497 ξ
1315 453 1346 487 2.
1374 454 1538 494 Volentes,
1567 459 1598 487 et
1630 453 1743 486 eadem
1780 452 1971 486 auctoritate
2044 463 2167 495 Mandatum

448 509 649 543 circumferri
676 510 836 554 quaedam
863 510 939 543 solia
972 510 1087 542 codem
1122 509 1188 550 gal—
1233 509 1439 548 mandantes,
1467 512 1501 540 ut
1536 507 1734 550 quicumque
1759 505 1836 539 solia
1860 490 2168 548 linitis-issffl⁹⁰e‘{¹ef;{l³3

448 563 512 595 lico
549 563 704 596 idiomate
742 563 824 606 typis
858 563 1042 605 impressa,
1071 561 1188 604 quibus
1984 543 2168 565 ¹¹⁰⁰¹¹¹¹³¹¹⁶³¹¹d¹

1979 241 2029 269 An.
2046 242 2074 270 C.
2094 242 2166 272 170AE

300 1687 383 1717 illorum
407 1685 443 1708 da·

261 1717 348 1736 mnatto.

1233 561 1317 593 modi
1342 571 1443 604 penes
1470 571 1503 594 sc
1538 559 1733 601 habuerint,
1760 560 1838 600 illa,
1866 559 1971 592 statim
1983 570 2050 592 Breve
2088 571 2168 591 eduum

450 617 560 650 titulus
596 617 671 649 Acte
708 617 844 661 d'appel
880 616 1029 659 interjeh}
1062 625 1125 658 par
1161 614 1189 646 le
1233 620 1328 658 atque
1364 619 1553 657 praesentes
1585 614 1714 646 litterae
1747 612 1794 646 eis
1819 612 1972 645 innotue-

1233 668 1305 706 rint,
1332 668 1481 700 locorum
1505 666 1686 700 Ordinariis
1705 667 1757 699 vcl
1783 665 1971 699 haereticae

1233 720 1395 763 pravitatis
1423 719 1674 763 inquisitoribus
1713 719 1839 752 tradere
1876 723 1972 762 atque

1233 774 1425 816 consignare
1452 778 1637 806 teneantur.
1665 773 1837 806 Praeterea
1858 772 1973 804 eadem

1235 827 1322 868 tolia,
1348 838 1476 860 necnon
1503 826 1772 870 appellationem,
1798 831 1970 866 arrestum,

1233 881 1360 924 aliaque
1379 881 1408 913 in
1431 881 1476 913 eis
1496 885 1647 913 contenta
1666 888 1975 924 quaccumque,ne-

1233 934 1311 966 mini
1337 933 1505 975 suffragari
1539 944 1636 976 posse
1668 934 1705 966 ad
1740 932 1890 966 effectum
1923 942 1976 964 ex-

1234 987 1401 1029 pediendi,
1429 986 1616 1019 declinandi
1645 997 1702 1019 seu
1725 986 1820 1019 etiarn
1840 995 1977 1028 suspen-

1234 1040 1332 1072 dendi
1357 1040 1579 1072 executionem
1602 1039 1819 1082 praefatarum
1850 1043 1976 1071 nostra-

1234 1104 1302 1126 rum
1329 1093 1520 1132 litterarum,
1547 1103 1629 1136 quae
1656 1093 1742 1125 iuxta
1767 1102 1877 1125 earum
1911 1091 1977 1124 sor-

1234 1158 1316 1179 mam
1331 1153 1362 1179 et
1379 1152 1524 1179 tenorem
1541 1146 1660 1179 servari
1675 1145 1807 1179 omnino
1823 1145 1973 1185 debeant,

1234 1200 1423 1233 auctoritate
1455 1204 1487 1232 ct.
1519 1204 1634 1232 tenore
1667 1198 1845 1243 praedictis
1870 1199 1977 1231 decer-

1234 1253 1340 1285 nimus
1365 1258 1396 1286 et
1428 1253 1645 1286 declaramus.
1671 1252 1742 1285 Non
1769 1251 1975 1284 obstantibus

1235 1306 1520 1339 constitutionibus
1546 1311 1578 1338 et
1607 1303 1870 1338 ordinationibus
1902 1313 1979 1346 apo-

1235 1359 1378 1400 stolicis,
1416 1359 1599 1402 ceterisque
1635 1357 1807 1391 contrariis
1846 1356 1979 1400 quibus-

1235 1424 1385 1456 cumque.

1279 1467 1293 1510 ξ
1317 1467 1349 1500 3.
1369 1467 1409 1499 Ut
1432 1471 1538 1500 autem
1565 1466 1699 1499 eaedem
1719 1470 1910 1509 praesentes
1927 1464 1978 1499 lit-

1236 1527 1323 1554 terae
1349 1521 1389 1554 ad
1414 1521 1557 1554 omnium
1582 1520 1730 1553 notitiam
1756 1519 1883 1553 facilius
1907 1529 1979 1563 per-

1238 1574 1381 1613 veniant,
1407 1584 1465 1606 nec
1484 1574 1657 1617 quisquam
1681 1573 1810 1606 illarum
1827 1572 1980 1615 ignoran-

1238 1627 1314 1660 tiam
1340 1628 1481 1670 allegare
1504 1627 1615 1670 possit,
1640 1627 1790 1660 volumus
1816 1631 1847 1659 et
1871 1631 1980 1658 aucto-

1237 1681 1330 1714 ritate
1354 1681 1504 1724 praefata
1528 1680 1678 1713 similiter
1703 1680 1920 1719 decernimus,
1944 1683 1980 1711 ut

1237 1733 1313 1767 illae
1338 1734 1377 1766 ad
1401 1735 1508 1767 valvas
1531 1733 1686 1766 basilicae
1712 1732 1872 1776 Principis
1896 1732 1980 1775 Apo-

1238 1787 1395 1820 stolorum
1430 1797 1466 1819 ac
1501 1786 1724 1819 Cancellariae
1761 1785 1979 1829 apostolicae,

1238 1850 1366 1873 necnon
1391 1840 1504 1873 Curiae
1541 1839 1704 1882 generalis
1737 1839 1770 1871 in
1796 1838 1903 1871 Monte
1929 1837 1981 1870 Ci-

1240 1893 1367 1935 tatorio,
1386 1898 1417 1927 et
1436 1893 1469 1925 in
1489 1893 1557 1926 acie
1583 1892 1795 1935 Campissorae
1817 1891 1857 1924 de
1883 1890 1978 1931 Urbe,

1239 1957 1298 1991 per
1322 1948 1464 1990 aliquem
1502 1956 1538 1979 ex
1561 1945 1745 1978 cursoribus
1778 1945 1910 1984 nostris,
1945 1948 1982 1976 ut

1239 2001 1338 2034 moris
1354 2005 1415 2041 est,
1430 1999 1648 2043 publicentur,
1663 1999 1859 2042 illarumque
1878 2008 1982 2031 exem-

1240 2056 1293 2099 pla
1327 2055 1449 2087 ibidem
1485 2053 1578 2086 affixa
1613 2052 1853 2095 relinquantur,
1878 2051 1981 2084 etsie

1239 2106 1450 2153 publicatae¹‚
1465 2116 1577 2141 omnes
1595 2111 1626 2139 et
1642 2105 1797 2148 singulos,
1809 2115 1890 2149 quos
1905 2114 1982 2138 con-

1240 2167 1385 2202 cernunt,
1400 2161 1539 2205 perinde
1556 2160 1697 2198 afficere,
1712 2170 1749 2192 ac
1763 2159 1789 2192 si
1804 2158 1979 2202 unicuique

1239 2215 1369 2249 illorum
1392 2213 1613 2258 personaliter
1637 2211 1822 2246 notificatae
1848 2217 1880 2244 et
1907 2211 1981 2244 inti-

1240 2273 1342 2301 matae
1361 2267 1513 2306 fuissent,
1540 2271 1639 2309 utque
1661 2265 1806 2308 ipsarum
1823 2274 1980 2308 praesen-

1242 2321 1321 2354 tium
1340 2320 1519 2353 litterarum
1546 2318 1772 2361 transumptis,
1799 2327 1854 2350 seu
1877 2326 1981 2349 exem-

1240 2375 1323 2419 plis,
1358 2373 1455 2406 etiam
1488 2372 1678 2415 impressis,
1712 2381 1811 2404 manu
1843 2370 1980 2403 alicuius

1240 2427 1358 2461 notarii
1383 2426 1503 2470 publici
1524 2424 1718 2468 subscriptis
1737 2429 1768 2458 et
1783 2424 1893 2467 sigillo
1911 2433 1981 2467 per-

1241 2491 1339 2514 sonae
1358 2479 1389 2512 in
1413 2478 1630 2512 ecclesiastica
1649 2477 1805 2520 dignitate
1822 2476 1981 2510 constitu-

1242 2540 1290 2568 tae
1322 2533 1475 2573 munitis,
1515 2532 1628 2566 eadem
1653 2542 1786 2575 prorsus
1811 2530 1890 2564 sides
1916 2536 1981 2564 tam

444 680 626 713 procureur
649 669 781 713 ῃάηέναῖ
804 670 841 702 de
865 670 1028 702 Loraz‘mze
1052 673 1080 701 et
1105 669 1188 701 Bar-

447 723 514 756 roz’s
550 723 588 756 de
619 723 809 756 Z’executi'on
834 723 878 755 clu
902 723 985 765 Bref
1004 722 1048 754 clu
1079 721 1120 754 0202
1145 731 1190 753 se-

445 777 591 820 ptembre
615 776 745 809 dernier
775 776 879 809 rendu
910 780 1018 809 contre
1050 774 1186 807 l'ordon-

448 829 551 863 nance
578 830 616 863 de
646 841 703 862 son
728 829 853 863 Allesse
884 829 1006 871 Royate
1039 828 1083 861 du
1108 829 1188 861 νηοῖς

449 882 486 916 de
503 883 620 927 juillet
652 882 732 916 1701
769 883 807 916 de
831 887 921 916 notre
944 882 1141 916 Saint-Pe're
1162 881 1190 913 le

448 937 540 980 Pape
579 936 717 970 Cle'meiit
752 936 820 977 XI,
846 935 1067 978 malinsorme',
1095 934 1116 966 ἀ
1140 944 1191 966 no-

451 993 497 1023 tre
521 990 569 1022 dit
604 990 799 1023 Sami-Pera
824 990 852 1022 le
886 990 976 1032 Papa
1012 988 1076 1020 lors
1100 987 1190 1031 qu'il

449 1054 520 1076 sera
545 1044 656 1076 viletta:
681 1043 829 1085 informe,
864 1053 937 1074 arec
963 1042 1075 1073 l’arret
1108 1040 1190 1072 d'en-

449 1097 670 1140 reqistremeut
695 1096 845 1128 d'iceluz':
874 1106 933 1127 nos
958 1096 1136 1127 nonnullos
1152 1104 1188 1126 cx

449 1151 690 1184 venerabilibus
721 1150 872 1182 fratribus
898 1149 1018 1182 nostris
1044 1149 1075 1181 S.
1095 1148 1132 1180 R.
1153 1147 1187 1180 Ε.

450 1204 679 1242 cardinalibus,
705 1203 852 1246 aliosque
880 1202 911 1234 in
937 1203 1029 1234 sacra
1062 1202 1188 1234 theolo-

450 1257 501 1300 gia
533 1257 708 1299 magistros
735 1262 766 1288 ct
802 1256 834 1288 in
861 1255 1001 1288 decretis
1029 1255 1188 1293 doctores,

451 1311 489 1343 ad
523 1310 711 1343 eorumdem
742 1309 893 1342 soliorum
932 1318 1068 1340 examen
1105 1308 1191 1340 dele-

451 1364 578 1406 gimus3
606 1363 661 1406 qui
686 1373 796 1395 omnes
822 1362 898 1394 solia
922 1362 1002 1405 ipsa,
1030 1367 1189 1403 tamquam

451 1417 653 1449 continentia
677 1415 925 1458 propositiones
958 1415 1063 1454 salsas,
1090 1420 1191 1447 teme-

451 1470 563 1509 rarias,
590 1469 819 1509 calumniosas,
854 1468 886 1500 in
912 1469 1003 1512 praxi
1029 1467 1191 1511 pernicio-

452 1534 511 1563 sas,
537 1523 700 1557 Ecclesiae
726 1522 911 1563 iniuriosas,
937 1532 972 1554 ac
998 1521 1192 1554 iurisdictio-

452 1576 502 1608 nis
529 1581 562 1608 et
587 1575 747 1610 libertatis
773 1575 1010 1608 ecclesiasticae
1043 1574 1190 1613 laesivas‚

453 1629 602 1661 similiter
626 1629 810 1662 damnanda
835 1634 865 1662 et
890 1627 1099 1672 prohibenda
1123 1637 1192 1659 esse

454 1687 660 1714 censuerunt..
702 1681 828 1714 Auditis
863 1682 973 1724 itaque
999 1680 1191 1714 eorumdem

454 1735 680 1775 cardinalium,
707 1735 938 1778 magistrorum
964 1740 995 1767 et
1020 1734 1193 1767 doctorum

455 1789 639 1830 sententiis,
675 1789 834 1822 creditum
869 1788 965 1822 nobis
1005 1799 1023 1820 a
1056 1787 1193 1820 Domino

454 1843 629 1886 pastoralis
655 1853 750 1876 curae
781 1847 877 1886 atque
909 1842 1099 1884 vigilantiae
1124 1851 1195 1873 mu-

454 1906 526 1937 nus,
553 1901 707 1938 quantum
731 1895 824 1929 nobis
851 1906 888 1929 ex
913 1896 979 1928 alto
997 1894 1194 1936 conceditur,

455 1949 629 1982 salubriter
654 1949 768 1992 exequi
787 1948 972 1992 cupientes,
992 1948 1031 1981 de
1048 1948 1193 1991 ipsorum

457 2002 670 2036 cardinalium
696 2002 854 2043 consilio,
880 2002 957 2035 solia
987 2001 1193 2044 supradicta,

457 2056 649 2089 auctoritate
674 2056 863 2100 apostolica,
891 2060 1006 2089 tenore
1037 2065 1195 2098 praesen-

457 2107 548 2150 tium,
569 2109 759 2142 damnamus
772 2109 897 2152 pariter
917 2114 948 2142 et
968 2108 1196 2152 reprobamus,

458 2172 495 2195 ac
529 2162 595 2205 legi
631 2167 662 2195 et
697 2163 832 2196 retineri
858 2162 1086 2206 prohibemus,
1115 2161 1193 2195 illo-

457 2211 595 2258 rumq'ue
620 2215 888 2258 impressionem,
915 2215 1193 2259 descriptionem,

457 2268 648 2308 lectionem,
673 2268 888 2302 retentionem
920 2274 951 2302 et
974 2279 1069 2301 usum
1094 2269 1197 2301 omni-

457 2321 518 2354 bus
555 2327 587 2354 et
611 2322 746 2364 singulis
782 2321 1068 2363 christifidelibus,
1100 2322 1196 2355 etiam

456 2373 609 2417 specifica
643 2379 675 2407 et
699 2374 864 2408 individua
895 2375 1062 2409 mentione
1088 2380 1120 2408 et
1145 2385 1198 2408 ex-

457 2427 625 2471 pressione
651 2427 769 2470 dignis,
796 2429 856 2461 sub
880 2431 987 2472 poena
1014 2439 1198 2462 excommu-

458 2480 631 2514 nicationis
655 2491 714 2523 per
738 2481 1007 2515 contrafacientes
1024 2482 1095 2525 ipso
1114 2482 1197 2515 sacto

458 2534 582 2577 absque
616 2533 678 2566 alia
703 2534 922 2568 declaratione
948 2535 1156 2577 incurrenda,
1181 2545 1198 2567 a

459 2597 523 2630 qua
554 2597 650 2620 nemo
676 2597 693 2619 a
723 2597 901 2630 quoquam,
927 2594 1155 2632 praeterquam
1181 2598 1198 2621 a

458 2640 552 2675 nobis
575 2651 632 2675 seu
657 2641 804 2675 Romano
840 2641 994 2676 Pontifice
1030 2652 1091 2686 pro
1117 2647 1198 2676 tem-

1276 2607 1287 2632 1
1314 2604 1365 2632 Vel
1387 2605 1448 2640 lege
1463 2603 1628 2639 publicatas
1656 2603 1698 2630 vel
1725 2605 1819 2638 postea
1846 2601 1980 2636 afficiant

1239 2657 1287 2685 pro
1307 2649 1423 2685 afficere
1443 2648 1482 2684 (n.
1499 2649 1547 2683 ⁵12).

1982 604 2024 619 nu
2034 597 2169 625 septembris.

2247 938 2258 981 ³1„
2254 907 2258 921 μ,
2255 864 2258 875 ν
2256 770 2258 776 -
2235 542 2240 546 ³

2247 1177 2260 1320 ᾼΑ-’Λ-Δζιθ

2014 1474 2135 1497 clausulae.
