<?xml version="1.0" encoding="UTF-8"?>
<!DOCTYPE html PUBLIC "-//W3C//DTD XHTML 1.0 Transitional//EN"
    "http://www.w3.org/TR/xhtml1/DTD/xhtml1-transitional.dtd">
<html xmlns="http://www.w3.org/1999/xhtml" xml:lang="en" lang="en">
 <head>
  <title>
</title>
<meta http-equiv="Content-Type" content="text/html;charset=utf-8" />
  <meta name='ocr-system' content='tesseract 3.04.00' />
  <meta name='ocr-capabilities' content='ocr_page ocr_carea ocr_par ocr_line ocrx_word'/>
</head>
<body>
  <div class='ocr_page' id='page_1' title='image "./bullarumdiplomat21cath/bullarumdiplomat21cath_0401.png"; bbox 0 0 2269 3203; ppageno 0'>
   <div class='ocr_carea' id='block_1_1' title="bbox 67 222 252 253">
    <p class='ocr_par' dir='ltr' id='par_1_1' title="bbox 67 222 252 253">
     <span class='ocr_line' id='line_1_1' title="bbox 67 222 252 253; baseline 0.016 -3"><span class='ocrx_word' id='word_1_1' title='bbox 67 222 116 251; x_wconf 77' lang='lat' dir='ltr'>An.</span> <span class='ocrx_word' id='word_1_2' title='bbox 131 223 161 251; x_wconf 84' lang='lat' dir='ltr'>C.</span> <span class='ocrx_word' id='word_1_3' title='bbox 186 225 252 253; x_wconf 78' lang='lat'>1708</span> 
     </span>
    </p>
   </div>
   <div class='ocr_carea' id='block_1_2' title="bbox 65 391 251 622">
    <p class='ocr_par' dir='ltr' id='par_1_2' title="bbox 65 391 251 622">
     <span class='ocr_line' id='line_1_2' title="bbox 92 391 250 417; baseline -0.006 -5"><span class='ocrx_word' id='word_1_4' title='bbox 92 391 147 412; x_wconf 69' lang='lat' dir='ltr'>inter</span> <span class='ocrx_word' id='word_1_5' title='bbox 157 391 250 417; x_wconf 64' lang='grc'>«11131111-</span> 
     </span>
     <span class='ocr_line' id='line_1_3' title="bbox 67 417 251 442; baseline 0.016 -7"><span class='ocrx_word' id='word_1_6' title='bbox 67 419 144 442; x_wconf 59' lang='lat' dir='ltr'>vilegia</span> <span class='ocrx_word' id='word_1_7' title='bbox 166 417 194 437; x_wconf 76' lang='lat' dir='ltr'>ab</span> <span class='ocrx_word' id='word_1_8' title='bbox 215 418 251 438; x_wconf 70' lang='lat' dir='ltr'>Ur-</span> 
     </span>
     <span class='ocr_line' id='line_1_4' title="bbox 67 443 241 464; baseline 0.006 -1"><span class='ocrx_word' id='word_1_9' title='bbox 67 443 122 464; x_wconf 59' lang='grc' dir='ltr'>[που</span> <span class='ocrx_word' id='word_1_10' title='bbox 139 444 183 464; x_wconf 75' lang='grc' dir='ltr'>ῊΙΙ</span> <span class='ocrx_word' id='word_1_11' title='bbox 203 451 241 464; x_wconf 67' lang='lat' dir='ltr'>con</span> 
     </span>
     <span class='ocr_line' id='line_1_5' title="bbox 66 473 251 490; baseline 0.005 -1"><span class='ocrx_word' id='word_1_12' title='bbox 66 476 126 490; x_wconf 68' lang='lat' dir='ltr'>cessa</span> <span class='ocrx_word' id='word_1_13' title='bbox 142 473 198 490; x_wconf 65' lang='lat' dir='ltr'>extat</span> <span class='ocrx_word' id='word_1_14' title='bbox 217 477 251 490; x_wconf 67' lang='grc'>1-1·</span> 
     </span>
     <span class='ocr_line' id='line_1_6' title="bbox 67 499 249 521; baseline 0.005 -5"><span class='ocrx_word' id='word_1_15' title='bbox 67 499 145 521; x_wconf 74' lang='lat' dir='ltr'>emptio</span> <span class='ocrx_word' id='word_1_16' title='bbox 166 503 178 517; x_wconf 74' lang='lat' dir='ltr'>a</span> <span class='ocrx_word' id='word_1_17' title='bbox 196 503 249 517; x_wconf 69' lang='lat' dir='ltr'>iuca-</span> 
     </span>
     <span class='ocr_line' id='line_1_7' title="bbox 67 522 250 549; baseline 0.005 -7"><span class='ocrx_word' id='word_1_18' title='bbox 67 528 98 543; x_wconf 77' lang='lat' dir='ltr'>riu</span> <span class='ocrx_word' id='word_1_19' title='bbox 113 522 174 543; x_wconf 65' lang='lat' dir='ltr'>Urbis</span> <span class='ocrx_word' id='word_1_20' title='bbox 185 527 205 543; x_wconf 63' lang='grc' dir='ltr'>ει</span> <span class='ocrx_word' id='word_1_21' title='bbox 216 530 250 549; x_wconf 62' lang='lat' dir='ltr'>pa&lt;</span> 
     </span>
     <span class='ocr_line' id='line_1_8' title="bbox 66 549 240 575; baseline 0.006 -6"><span class='ocrx_word' id='word_1_22' title='bbox 66 549 138 572; x_wconf 78' lang='lat' dir='ltr'>rocho,</span> <span class='ocrx_word' id='word_1_23' title='bbox 149 555 203 575; x_wconf 80' lang='lat' dir='ltr'>qnae</span> <span class='ocrx_word' id='word_1_24' title='bbox 215 556 240 575; x_wconf 83' lang='lat' dir='ltr'>pu</span> 
     </span>
     <span class='ocr_line' id='line_1_9' title="bbox 66 577 250 596; baseline 0.005 -2"><span class='ocrx_word' id='word_1_25' title='bbox 66 577 111 595; x_wconf 68' lang='lat' dir='ltr'>steti</span> <span class='ocrx_word' id='word_1_26' title='bbox 128 577 250 596; x_wconf 66' lang='lat' dir='ltr'>coufirmat..</span> 
     </span>
     <span class='ocr_line' id='line_1_10' title="bbox 65 601 111 622; baseline 0.022 -1"><span class='ocrx_word' id='word_1_27' title='bbox 65 601 111 622; x_wconf 67' lang='lat' dir='ltr'>funi.</span> 
     </span>
    </p>
   </div>
   <div class='ocr_carea' id='block_1_3' title="bbox 872 227 1142 251">
    <p class='ocr_par' dir='ltr' id='par_1_3' title="bbox 872 227 1142 251">
     <span class='ocr_line' id='line_1_11' title="bbox 872 227 1142 251; baseline 0.007 -2"><span class='ocrx_word' id='word_1_28' title='bbox 872 227 1012 251; x_wconf 65' lang='lat' dir='ltr'>CLEMENS</span> <span class='ocrx_word' id='word_1_29' title='bbox 1038 227 1069 251; x_wconf 73' lang='lat' dir='ltr'>XI</span> <span class='ocrx_word' id='word_1_30' title='bbox 1095 227 1142 251; x_wconf 77' lang='lat' dir='ltr'>Pr.</span> 
     </span>
    </p>
   </div>
   <div class='ocr_carea' id='block_1_4' title="bbox 259 275 1006 2658">
    <p class='ocr_par' dir='ltr' id='par_1_4' title="bbox 381 275 885 354">
     <span class='ocr_line' id='line_1_12' title="bbox 481 275 782 310; baseline -0.003 -7"><span class='ocrx_word' id='word_1_31' title='bbox 481 275 616 303; x_wconf 79' lang='lat' dir='ltr'>clemens</span> <span class='ocrx_word' id='word_1_32' title='bbox 637 276 715 310; x_wconf 81' lang='lat' dir='ltr'>Papa</span> <span class='ocrx_word' id='word_1_33' title='bbox 735 275 782 308; x_wconf 84' lang='lat' dir='ltr'>XI,</span> 
     </span>
     <span class='ocr_line' id='line_1_13' title="bbox 381 318 885 354; baseline 0 -8"><span class='ocrx_word' id='word_1_34' title='bbox 381 320 416 346; x_wconf 83' lang='lat' dir='ltr'>ad</span> <span class='ocrx_word' id='word_1_35' title='bbox 438 322 615 354; x_wconf 80' lang='lat' dir='ltr'>perpetuam</span> <span class='ocrx_word' id='word_1_36' title='bbox 636 319 681 346; x_wconf 81' lang='lat' dir='ltr'>rei</span> <span class='ocrx_word' id='word_1_37' title='bbox 702 318 885 346; x_wconf 80' lang='lat' dir='ltr'><strong>memoriam.</strong></span> 
     </span>
    </p>

    <p class='ocr_par' dir='ltr' id='par_1_5' title="bbox 259 380 1006 2605">
     <span class='ocr_line' id='line_1_14' title="bbox 306 380 1004 424; baseline -0.001 -11"><span class='ocrx_word' id='word_1_38' title='bbox 306 380 366 424; x_wconf 71' lang='lat'>§¹1.</span> <span class='ocrx_word' id='word_1_39' title='bbox 382 380 471 421; x_wconf 90' lang='lat' dir='ltr'>Cum,</span> <span class='ocrx_word' id='word_1_40' title='bbox 491 381 573 414; x_wconf 86' lang='lat' dir='ltr'>sicut</span> <span class='ocrx_word' id='word_1_41' title='bbox 590 380 784 423; x_wconf 88' lang='lat' dir='ltr'>accepimus,</span> <span class='ocrx_word' id='word_1_42' title='bbox 803 381 881 413; x_wconf 86' lang='lat' dir='ltr'>licet</span> <span class='ocrx_word' id='word_1_43' title='bbox 901 380 1004 413; x_wconf 80' lang='lat' dir='ltr'>felicis</span> 
     </span>
     <span class='ocr_line' id='line_1_15' title="bbox 263 433 1006 476; baseline 0 -10"><span class='ocrx_word' id='word_1_44' title='bbox 263 433 498 466; x_wconf 87' lang='lat' dir='ltr'>recordationis</span> <span class='ocrx_word' id='word_1_45' title='bbox 511 433 659 466; x_wconf 89' lang='lat' dir='ltr'>Urbanus</span> <span class='ocrx_word' id='word_1_46' title='bbox 670 433 798 466; x_wconf 65' lang='lat' dir='ltr'>PPXlll</span> <span class='ocrx_word' id='word_1_47' title='bbox 813 434 1006 476; x_wconf 87' lang='lat' dir='ltr'>praedeces-</span> 
     </span>
     <span class='ocr_line' id='line_1_16' title="bbox 262 486 1005 530; baseline 0.003 -13"><span class='ocrx_word' id='word_1_48' title='bbox 262 496 316 519; x_wconf 93' lang='lat' dir='ltr'>sor</span> <span class='ocrx_word' id='word_1_49' title='bbox 333 492 454 526; x_wconf 83' lang='lat' dir='ltr'>noster,</span> <span class='ocrx_word' id='word_1_50' title='bbox 469 496 528 529; x_wconf 89' lang='lat' dir='ltr'>per</span> <span class='ocrx_word' id='word_1_51' title='bbox 544 486 699 530; x_wconf 88' lang='lat' dir='ltr'>quasdam</span> <span class='ocrx_word' id='word_1_52' title='bbox 719 497 793 519; x_wconf 89' lang='lat' dir='ltr'>suas</span> <span class='ocrx_word' id='word_1_53' title='bbox 812 496 912 529; x_wconf 88' lang='lat' dir='ltr'>super</span> <span class='ocrx_word' id='word_1_54' title='bbox 933 497 1005 519; x_wconf 87' lang='lat' dir='ltr'>ere-</span> 
     </span>
     <span class='ocr_line' id='line_1_17' title="bbox 263 539 1002 583; baseline 0.001 -12"><span class='ocrx_word' id='word_1_55' title='bbox 263 539 370 573; x_wconf 81' lang='lat' dir='ltr'>ctione</span> <span class='ocrx_word' id='word_1_56' title='bbox 396 539 527 582; x_wconf 85' lang='lat' dir='ltr'>collegii</span> <span class='ocrx_word' id='word_1_57' title='bbox 553 549 608 572; x_wconf 87' lang='lat' dir='ltr'>seu</span> <span class='ocrx_word' id='word_1_58' title='bbox 634 539 800 572; x_wconf 88' lang='lat' dir='ltr'>seminarii</span> <span class='ocrx_word' id='word_1_59' title='bbox 833 539 1002 583; x_wconf 87' lang='lat' dir='ltr'>apostolici</span> 
     </span>
     <span class='ocr_line' id='line_1_18' title="bbox 263 591 1001 636; baseline 0 -12"><span class='ocrx_word' id='word_1_60' title='bbox 263 591 301 624; x_wconf 88' lang='lat' dir='ltr'>dc</span> <span class='ocrx_word' id='word_1_61' title='bbox 327 592 538 636; x_wconf 81' lang='lat' dir='ltr'>Propaganda</span> <span class='ocrx_word' id='word_1_62' title='bbox 564 592 643 624; x_wconf 82' lang='lat' dir='ltr'><strong>Fide</strong></span> <span class='ocrx_word' id='word_1_63' title='bbox 674 591 793 624; x_wconf 80' lang='lat' dir='ltr'>Urbani</span> <span class='ocrx_word' id='word_1_64' title='bbox 824 593 1001 635; x_wconf 84' lang='lat' dir='ltr'>nuncupati</span> 
     </span>
     <span class='ocr_line' id='line_1_19' title="bbox 263 644 1002 684; baseline -0.001 -7"><span class='ocrx_word' id='word_1_65' title='bbox 263 645 301 677; x_wconf 86' lang='lat' dir='ltr'>de</span> <span class='ocrx_word' id='word_1_66' title='bbox 329 645 420 684; x_wconf 84' lang='lat' dir='ltr'>Urbe,</span> <span class='ocrx_word' id='word_1_67' title='bbox 442 655 527 678; x_wconf 90' lang='lat' dir='ltr'>anno</span> <span class='ocrx_word' id='word_1_68' title='bbox 553 644 791 678; x_wconf 81' lang='lat' dir='ltr'>lucarnationis</span> <span class='ocrx_word' id='word_1_69' title='bbox 816 644 1002 677; x_wconf 85' lang='lat' dir='ltr'>Dominicae</span> 
     </span>
     <span class='ocr_line' id='line_1_20' title="bbox 261 697 1002 740; baseline -0.003 -9"><span class='ocrx_word' id='word_1_70' title='bbox 261 707 430 738; x_wconf 66' lang='lat' dir='ltr'>iinexxvii,</span> <span class='ocrx_word' id='word_1_71' title='bbox 458 697 607 731; x_wconf 80' lang='lat' dir='ltr'>kalendis</span> <span class='ocrx_word' id='word_1_72' title='bbox 633 698 775 740; x_wconf 79' lang='lat' dir='ltr'>augusti,</span> <span class='ocrx_word' id='word_1_73' title='bbox 798 697 1002 740; x_wconf 84' lang='lat' dir='ltr'>pontificatus</span> 
     </span>
     <span class='ocr_line' id='line_1_21' title="bbox 262 750 1002 791; baseline 0 -9"><span class='ocrx_word' id='word_1_74' title='bbox 262 750 310 782; x_wconf 89' lang='lat' dir='ltr'>sui</span> <span class='ocrx_word' id='word_1_75' title='bbox 332 761 417 784; x_wconf 89' lang='lat' dir='ltr'>anno</span> <span class='ocrx_word' id='word_1_76' title='bbox 444 761 483 791; x_wconf 86' lang='lat' dir='ltr'>iv,</span> <span class='ocrx_word' id='word_1_77' title='bbox 510 750 644 790; x_wconf 73' lang='lat' dir='ltr'>litteras,</span> <span class='ocrx_word' id='word_1_78' title='bbox 677 751 764 783; x_wconf 86' lang='lat' dir='ltr'>inter</span> <span class='ocrx_word' id='word_1_79' title='bbox 784 751 856 791; x_wconf 90' lang='lat' dir='ltr'>alia,</span> <span class='ocrx_word' id='word_1_80' title='bbox 883 751 1002 783; x_wconf 87' lang='lat' dir='ltr'>dictum</span> 
     </span>
     <span class='ocr_line' id='line_1_22' title="bbox 261 803 1005 847; baseline -0.001 -10"><span class='ocrx_word' id='word_1_81' title='bbox 261 803 436 846; x_wconf 79' lang='lat' dir='ltr'>collegium</span> <span class='ocrx_word' id='word_1_82' title='bbox 462 814 518 836; x_wconf 91' lang='lat' dir='ltr'>seu</span> <span class='ocrx_word' id='word_1_83' title='bbox 537 803 761 844; x_wconf 87' lang='lat' dir='ltr'>seminarium,</span> <span class='ocrx_word' id='word_1_84' title='bbox 781 804 931 847; x_wconf 86' lang='lat' dir='ltr'>illiusque</span> <span class='ocrx_word' id='word_1_85' title='bbox 951 814 1005 836; x_wconf 88' lang='lat' dir='ltr'>oe-</span> 
     </span>
     <span class='ocr_line' id='line_1_23' title="bbox 265 857 1000 899; baseline -0.001 -10"><span class='ocrx_word' id='word_1_86' title='bbox 265 866 427 895; x_wconf 82' lang='lat' dir='ltr'>conomos,</span> <span class='ocrx_word' id='word_1_87' title='bbox 455 862 626 895; x_wconf 85' lang='lat' dir='ltr'>rectorem,</span> <span class='ocrx_word' id='word_1_88' title='bbox 654 857 831 897; x_wconf 86' lang='lat' dir='ltr'>ministros,</span> <span class='ocrx_word' id='word_1_89' title='bbox 864 867 1000 899; x_wconf 88' lang='lat' dir='ltr'>praece-</span> 
     </span>
     <span class='ocr_line' id='line_1_24' title="bbox 263 910 1004 954; baseline 0 -12"><span class='ocrx_word' id='word_1_90' title='bbox 263 916 373 953; x_wconf 86' lang='lat' dir='ltr'>ptores</span> <span class='ocrx_word' id='word_1_91' title='bbox 399 915 431 943; x_wconf 89' lang='lat' dir='ltr'>et</span> <span class='ocrx_word' id='word_1_92' title='bbox 455 910 604 943; x_wconf 84' lang='lat' dir='ltr'>alumnos</span> <span class='ocrx_word' id='word_1_93' title='bbox 622 920 681 953; x_wconf 88' lang='lat' dir='ltr'>pro</span> <span class='ocrx_word' id='word_1_94' title='bbox 700 916 847 954; x_wconf 86' lang='lat' dir='ltr'>tempore</span> <span class='ocrx_word' id='word_1_95' title='bbox 866 910 1004 943; x_wconf 76' lang='lat' dir='ltr'>existen-</span> 
     </span>
     <span class='ocr_line' id='line_1_25' title="bbox 262 963 1004 1007; baseline 0 -11"><span class='ocrx_word' id='word_1_96' title='bbox 262 969 324 1004; x_wconf 90' lang='lat' dir='ltr'>tes,</span> <span class='ocrx_word' id='word_1_97' title='bbox 345 963 545 1007; x_wconf 84' lang='lat' dir='ltr'>illorumque</span> <span class='ocrx_word' id='word_1_98' title='bbox 573 964 783 1003; x_wconf 87' lang='lat' dir='ltr'>domesticos,</span> <span class='ocrx_word' id='word_1_99' title='bbox 800 963 956 996; x_wconf 85' lang='lat' dir='ltr'>officiales</span> <span class='ocrx_word' id='word_1_100' title='bbox 974 969 1004 996; x_wconf 89' lang='lat' dir='ltr'>et</span> 
     </span>
     <span class='ocr_line' id='line_1_26' title="bbox 262 1016 1005 1056; baseline 0 -8"><span class='ocrx_word' id='word_1_101' title='bbox 262 1016 441 1056; x_wconf 86' lang='lat' dir='ltr'>ministros,</span> <span class='ocrx_word' id='word_1_102' title='bbox 459 1017 498 1049; x_wconf 90' lang='lat' dir='ltr'>ab</span> <span class='ocrx_word' id='word_1_103' title='bbox 518 1017 604 1049; x_wconf 86' lang='lat' dir='ltr'>omni</span> <span class='ocrx_word' id='word_1_104' title='bbox 630 1016 854 1050; x_wconf 89' lang='lat' dir='ltr'>iurisdictione</span> <span class='ocrx_word' id='word_1_105' title='bbox 874 1022 948 1049; x_wconf 88' lang='lat' dir='ltr'>tunc</span> <span class='ocrx_word' id='word_1_106' title='bbox 973 1022 1005 1049; x_wconf 91' lang='lat' dir='ltr'>et</span> 
     </span>
     <span class='ocr_line' id='line_1_27' title="bbox 259 1070 1005 1114; baseline 0 -11"><span class='ocrx_word' id='word_1_107' title='bbox 259 1080 321 1114; x_wconf 85' lang='lat' dir='ltr'>pro</span> <span class='ocrx_word' id='word_1_108' title='bbox 348 1075 495 1113; x_wconf 86' lang='lat' dir='ltr'>tempore</span> <span class='ocrx_word' id='word_1_109' title='bbox 513 1070 610 1103; x_wconf 87' lang='lat' dir='ltr'>etiam</span> <span class='ocrx_word' id='word_1_110' title='bbox 629 1070 797 1102; x_wconf 76' lang='lat' dir='ltr'>existentis</span> <span class='ocrx_word' id='word_1_111' title='bbox 823 1070 870 1101; x_wconf 79' lang='lat' dir='ltr'>sui</span> <span class='ocrx_word' id='word_1_112' title='bbox 891 1075 921 1102; x_wconf 85' lang='lat' dir='ltr'>et</span> <span class='ocrx_word' id='word_1_113' title='bbox 947 1070 1005 1103; x_wconf 82' lang='lat' dir='ltr'>Ro-</span> 
     </span>
     <span class='ocr_line' id='line_1_28' title="bbox 261 1122 1004 1156; baseline -0.001 0"><span class='ocrx_word' id='word_1_114' title='bbox 261 1133 432 1156; x_wconf 87' lang='lat' dir='ltr'>manorum</span> <span class='ocrx_word' id='word_1_115' title='bbox 458 1122 652 1156; x_wconf 70' lang='lat' dir='ltr'>Pontificum</span> <span class='ocrx_word' id='word_1_116' title='bbox 679 1132 905 1155; x_wconf 84' lang='lat' dir='ltr'>suceessorum</span> <span class='ocrx_word' id='word_1_117' title='bbox 931 1133 1004 1155; x_wconf 74' lang='lat' dir='ltr'>suo—</span> 
     </span>
     <span class='ocr_line' id='line_1_29' title="bbox 262 1175 1004 1219; baseline -0.001 -10"><span class='ocrx_word' id='word_1_118' title='bbox 262 1187 332 1209; x_wconf 88' lang='lat' dir='ltr'>rum</span> <span class='ocrx_word' id='word_1_119' title='bbox 357 1176 390 1208; x_wconf 91' lang='lat' dir='ltr'>in</span> <span class='ocrx_word' id='word_1_120' title='bbox 417 1176 500 1209; x_wconf 81' lang='lat' dir='ltr'>dicta</span> <span class='ocrx_word' id='word_1_121' title='bbox 526 1175 611 1208; x_wconf 86' lang='lat' dir='ltr'>Urbe</span> <span class='ocrx_word' id='word_1_122' title='bbox 632 1176 743 1209; x_wconf 82' lang='lat' dir='ltr'>vicarii</span> <span class='ocrx_word' id='word_1_123' title='bbox 769 1176 801 1209; x_wconf 89' lang='lat' dir='ltr'>in</span> <span class='ocrx_word' id='word_1_124' title='bbox 827 1175 1004 1219; x_wconf 83' lang='lat' dir='ltr'>spirituali-</span> 
     </span>
     <span class='ocr_line' id='line_1_30' title="bbox 260 1229 1004 1274; baseline 0.004 -13"><span class='ocrx_word' id='word_1_125' title='bbox 260 1229 321 1263; x_wconf 89' lang='lat' dir='ltr'>bus</span> <span class='ocrx_word' id='word_1_126' title='bbox 339 1229 502 1272; x_wconf 83' lang='lat' dir='ltr'>generalis</span> <span class='ocrx_word' id='word_1_127' title='bbox 520 1230 713 1263; x_wconf 84' lang='lat' dir='ltr'>auctoritate</span> <span class='ocrx_word' id='word_1_128' title='bbox 732 1231 912 1274; x_wconf 81' lang='lat' dir='ltr'>apostolica</span> <span class='ocrx_word' id='word_1_129' title='bbox 931 1241 1004 1264; x_wconf 81' lang='lat' dir='ltr'>exe-</span> 
     </span>
     <span class='ocr_line' id='line_1_31' title="bbox 261 1281 1003 1326; baseline 0.004 -11"><span class='ocrx_word' id='word_1_130' title='bbox 261 1281 369 1322; x_wconf 80' lang='lat' dir='ltr'>merit,</span> <span class='ocrx_word' id='word_1_131' title='bbox 393 1282 537 1326; x_wconf 77' lang='lat' dir='ltr'>ipsisque</span> <span class='ocrx_word' id='word_1_132' title='bbox 564 1283 702 1326; x_wconf 76' lang='lat' dir='ltr'>collegio</span> <span class='ocrx_word' id='word_1_133' title='bbox 727 1294 785 1316; x_wconf 86' lang='lat' dir='ltr'>seu</span> <span class='ocrx_word' id='word_1_134' title='bbox 815 1285 1003 1320; x_wconf 80' lang='lat' dir='ltr'>seminario.</span> 
     </span>
     <span class='ocr_line' id='line_1_32' title="bbox 261 1335 1005 1380; baseline 0.003 -12"><span class='ocrx_word' id='word_1_135' title='bbox 261 1336 391 1376; x_wconf 85' lang='lat' dir='ltr'>rectori,</span> <span class='ocrx_word' id='word_1_136' title='bbox 410 1335 626 1376; x_wconf 80' lang='lat' dir='ltr'>scholaribus,</span> <span class='ocrx_word' id='word_1_137' title='bbox 646 1337 924 1380; x_wconf 86' lang='lat' dir='ltr'>praeceptoribus,</span> <span class='ocrx_word' id='word_1_138' title='bbox 941 1348 1005 1370; x_wconf 87' lang='lat' dir='ltr'>ma-</span> 
     </span>
     <span class='ocr_line' id='line_1_33' title="bbox 261 1388 1003 1432; baseline 0.003 -11"><span class='ocrx_word' id='word_1_139' title='bbox 261 1388 381 1432; x_wconf 71' lang='lat' dir='ltr'>gistris,</span> <span class='ocrx_word' id='word_1_140' title='bbox 401 1389 598 1430; x_wconf 88' lang='lat' dir='ltr'>oeconomis,</span> <span class='ocrx_word' id='word_1_141' title='bbox 618 1389 827 1430; x_wconf 86' lang='lat' dir='ltr'>officialibus,</span> <span class='ocrx_word' id='word_1_142' title='bbox 847 1390 1003 1423; x_wconf 73' lang='lat' dir='ltr'>ministris</span> 
     </span>
     <span class='ocr_line' id='line_1_34' title="bbox 261 1442 1005 1488; baseline 0.004 -14"><span class='ocrx_word' id='word_1_143' title='bbox 261 1448 294 1476; x_wconf 86' lang='lat' dir='ltr'>et</span> <span class='ocrx_word' id='word_1_144' title='bbox 324 1442 496 1486; x_wconf 79' lang='lat' dir='ltr'>personis,</span> <span class='ocrx_word' id='word_1_145' title='bbox 524 1442 575 1475; x_wconf 93' lang='lat' dir='ltr'>ut¹</span> <span class='ocrx_word' id='word_1_146' title='bbox 609 1443 871 1488; x_wconf 88' lang='lat' dir='ltr'>quibuscumque</span> <span class='ocrx_word' id='word_1_147' title='bbox 904 1445 1005 1488; x_wconf 84' lang='lat' dir='ltr'>privi-</span> 
     </span>
     <span class='ocr_line' id='line_1_35' title="bbox 262 1495 1004 1539; baseline 0.004 -11"><span class='ocrx_word' id='word_1_148' title='bbox 262 1495 364 1539; x_wconf 82' lang='lat' dir='ltr'>legiis,</span> <span class='ocrx_word' id='word_1_149' title='bbox 383 1496 652 1539; x_wconf 75' lang='lat' dir='ltr'>exemptionibus,</span> <span class='ocrx_word' id='word_1_150' title='bbox 670 1497 889 1537; x_wconf 77' lang='lat' dir='ltr'>libertatibus,</span> <span class='ocrx_word' id='word_1_151' title='bbox 908 1499 1004 1531; x_wconf 79' lang='lat' dir='ltr'>sacul-</span> 
     </span>
     <span class='ocr_line' id='line_1_36' title="bbox 263 1549 1005 1594; baseline 0.003 -13"><span class='ocrx_word' id='word_1_152' title='bbox 263 1550 396 1589; x_wconf 81' lang='lat' dir='ltr'>tatibus‚</span> <span class='ocrx_word' id='word_1_153' title='bbox 422 1549 534 1591; x_wconf 79' lang='lat' dir='ltr'>gratiis</span> <span class='ocrx_word' id='word_1_154' title='bbox 562 1554 592 1582; x_wconf 81' lang='lat' dir='ltr'>ct</span> <span class='ocrx_word' id='word_1_155' title='bbox 618 1550 764 1590; x_wconf 77' lang='lat' dir='ltr'>indultis,</span> <span class='ocrx_word' id='word_1_156' title='bbox 800 1551 918 1594; x_wconf 85' lang='lat' dir='ltr'>quibus</span> <span class='ocrx_word' id='word_1_157' title='bbox 943 1552 1005 1584; x_wconf 87' lang='lat' dir='ltr'>alia</span> 
     </span>
     <span class='ocr_line' id='line_1_37' title="bbox 262 1603 1004 1647; baseline 0.004 -12"><span class='ocrx_word' id='word_1_158' title='bbox 262 1603 478 1647; x_wconf 74' lang='lat' dir='ltr'>germanicae,</span> <span class='ocrx_word' id='word_1_159' title='bbox 505 1603 652 1645; x_wconf 75' lang='lat' dir='ltr'>anglicae</span> <span class='ocrx_word' id='word_1_160' title='bbox 678 1609 709 1636; x_wconf 89' lang='lat' dir='ltr'>et</span> <span class='ocrx_word' id='word_1_161' title='bbox 733 1615 870 1647; x_wconf 72' lang='lat' dir='ltr'>graecae</span> <span class='ocrx_word' id='word_1_162' title='bbox 900 1605 1004 1638; x_wconf 87' lang='lat' dir='ltr'>natio-</span> 
     </span>
     <span class='ocr_line' id='line_1_38' title="bbox 263 1655 1003 1699; baseline 0.003 -10"><span class='ocrx_word' id='word_1_163' title='bbox 263 1667 339 1689; x_wconf 87' lang='lat' dir='ltr'>num</span> <span class='ocrx_word' id='word_1_164' title='bbox 353 1656 492 1698; x_wconf 78' lang='lat' dir='ltr'>collegia</span> <span class='ocrx_word' id='word_1_165' title='bbox 511 1656 542 1688; x_wconf 86' lang='lat' dir='ltr'>iu</span> <span class='ocrx_word' id='word_1_166' title='bbox 564 1655 644 1689; x_wconf 81' lang='lat' dir='ltr'>Urbe</span> <span class='ocrx_word' id='word_1_167' title='bbox 663 1657 830 1699; x_wconf 82' lang='lat' dir='ltr'>praedicta</span> <span class='ocrx_word' id='word_1_168' title='bbox 848 1658 1003 1699; x_wconf 82' lang='lat' dir='ltr'>instituta,</span> 
     </span>
     <span class='ocr_line' id='line_1_39' title="bbox 262 1710 1004 1754; baseline 0.005 -13"><span class='ocrx_word' id='word_1_169' title='bbox 262 1710 460 1752; x_wconf 85' lang='lat' dir='ltr'>illorumque</span> <span class='ocrx_word' id='word_1_170' title='bbox 488 1715 641 1748; x_wconf 75' lang='lat' dir='ltr'>rectores,</span> <span class='ocrx_word' id='word_1_171' title='bbox 669 1710 846 1749; x_wconf 86' lang='lat' dir='ltr'>scholares,</span> <span class='ocrx_word' id='word_1_172' title='bbox 873 1722 1004 1754; x_wconf 88' lang='lat' dir='ltr'>praece-</span> 
     </span>
     <span class='ocr_line' id='line_1_40' title="bbox 262 1760 1004 1806; baseline 0.001 -11"><span class='ocrx_word' id='word_1_173' title='bbox 262 1769 385 1806; x_wconf 83' lang='lat' dir='ltr'>ptores,</span> <span class='ocrx_word' id='word_1_174' title='bbox 422 1760 581 1803; x_wconf 68' lang='lat' dir='ltr'>magistri,</span> <span class='ocrx_word' id='word_1_175' title='bbox 620 1763 802 1803; x_wconf 80' lang='lat' dir='ltr'>oeconomi,</span> <span class='ocrx_word' id='word_1_176' title='bbox 838 1764 1004 1804; x_wconf 81' lang='lat' dir='ltr'>officiales,</span> 
     </span>
     <span class='ocr_line' id='line_1_41' title="bbox 262 1815 1005 1858; baseline 0.003 -10"><span class='ocrx_word' id='word_1_177' title='bbox 262 1815 401 1848; x_wconf 86' lang='lat' dir='ltr'>ministri</span> <span class='ocrx_word' id='word_1_178' title='bbox 424 1821 455 1848; x_wconf 86' lang='lat' dir='ltr'>et</span> <span class='ocrx_word' id='word_1_179' title='bbox 480 1825 652 1858; x_wconf 83' lang='lat' dir='ltr'>personae,</span> <span class='ocrx_word' id='word_1_180' title='bbox 680 1816 793 1858; x_wconf 81' lang='lat' dir='ltr'>quovis</span> <span class='ocrx_word' id='word_1_181' title='bbox 818 1817 916 1850; x_wconf 85' lang='lat' dir='ltr'>modo</span> <span class='ocrx_word' id='word_1_182' title='bbox 938 1823 1005 1850; x_wconf 85' lang='lat' dir='ltr'>ute-</span> 
     </span>
     <span class='ocr_line' id='line_1_42' title="bbox 262 1868 1005 1911; baseline 0.003 -10"><span class='ocrx_word' id='word_1_183' title='bbox 262 1870 388 1907; x_wconf 88' lang='lat' dir='ltr'>bantur,</span> <span class='ocrx_word' id='word_1_184' title='bbox 422 1868 634 1911; x_wconf 80' lang='lat' dir='ltr'>potiebantur</span> <span class='ocrx_word' id='word_1_185' title='bbox 672 1876 699 1901; x_wconf 84' lang='lat' dir='ltr'>et</span> <span class='ocrx_word' id='word_1_186' title='bbox 738 1870 935 1911; x_wconf 78' lang='lat' dir='ltr'>gaudebant,</span> <span class='ocrx_word' id='word_1_187' title='bbox 967 1881 1005 1903; x_wconf 89' lang='lat' dir='ltr'>ac</span> 
     </span>
     <span class='ocr_line' id='line_1_43' title="bbox 263 1921 1004 1966; baseline 0.001 -12"><span class='ocrx_word' id='word_1_188' title='bbox 263 1921 318 1961; x_wconf 89' lang='lat' dir='ltr'>uti,</span> <span class='ocrx_word' id='word_1_189' title='bbox 345 1921 443 1965; x_wconf 86' lang='lat' dir='ltr'>potiri</span> <span class='ocrx_word' id='word_1_190' title='bbox 470 1926 499 1954; x_wconf 89' lang='lat' dir='ltr'>et</span> <span class='ocrx_word' id='word_1_191' title='bbox 527 1922 666 1963; x_wconf 64' lang='grc'>9111111010</span> <span class='ocrx_word' id='word_1_192' title='bbox 693 1927 845 1964; x_wconf 82' lang='lat' dir='ltr'>poterant</span> <span class='ocrx_word' id='word_1_193' title='bbox 873 1928 902 1955; x_wconf 86' lang='lat' dir='ltr'>ct</span> <span class='ocrx_word' id='word_1_194' title='bbox 929 1934 1004 1966; x_wconf 86' lang='lat' dir='ltr'>pos-</span> 
     </span>
     <span class='ocr_line' id='line_1_44' title="bbox 261 1974 1003 2018; baseline 0.001 -10"><span class='ocrx_word' id='word_1_195' title='bbox 261 1981 334 2008; x_wconf 81' lang='lat' dir='ltr'>sent</span> <span class='ocrx_word' id='word_1_196' title='bbox 358 1974 603 2018; x_wconf 81' lang='lat' dir='ltr'>quomodolibet</span> <span class='ocrx_word' id='word_1_197' title='bbox 629 1975 661 2006; x_wconf 89' lang='lat' dir='ltr'>in</span> <span class='ocrx_word' id='word_1_198' title='bbox 690 1975 839 2015; x_wconf 76' lang='lat' dir='ltr'>futurum,</span> <span class='ocrx_word' id='word_1_199' title='bbox 865 1986 931 2009; x_wconf 90' lang='lat' dir='ltr'>non</span> <span class='ocrx_word' id='word_1_200' title='bbox 958 1987 1003 2009; x_wconf 86' lang='lat' dir='ltr'>so-</span> 
     </span>
     <span class='ocr_line' id='line_1_45' title="bbox 262 2028 1004 2072; baseline 0 -10"><span class='ocrx_word' id='word_1_201' title='bbox 262 2031 328 2062; x_wconf 88' lang='lat' dir='ltr'>lum</span> <span class='ocrx_word' id='word_1_202' title='bbox 356 2028 394 2062; x_wconf 91' lang='lat' dir='ltr'>ad</span> <span class='ocrx_word' id='word_1_203' title='bbox 413 2039 524 2062; x_wconf 88' lang='lat' dir='ltr'>eorum</span> <span class='ocrx_word' id='word_1_204' title='bbox 543 2028 653 2069; x_wconf 88' lang='lat' dir='ltr'>instar,</span> <span class='ocrx_word' id='word_1_205' title='bbox 672 2029 729 2061; x_wconf 81' lang='lat' dir='ltr'>sed</span> <span class='ocrx_word' id='word_1_206' title='bbox 755 2039 858 2072; x_wconf 81' lang='lat' dir='ltr'>aeque</span> <span class='ocrx_word' id='word_1_207' title='bbox 886 2030 1004 2072; x_wconf 88' lang='lat' dir='ltr'>priuci-</span> 
     </span>
     <span class='ocr_line' id='line_1_46' title="bbox 261 2081 1003 2125; baseline 0.004 -13"><span class='ocrx_word' id='word_1_208' title='bbox 261 2082 379 2125; x_wconf 86' lang='lat' dir='ltr'>paliter</span> <span class='ocrx_word' id='word_1_209' title='bbox 411 2087 443 2114; x_wconf 83' lang='lat' dir='ltr'>et</span> <span class='ocrx_word' id='word_1_210' title='bbox 479 2081 702 2124; x_wconf 75' lang='lat' dir='ltr'>parisormiter</span> <span class='ocrx_word' id='word_1_211' title='bbox 727 2082 759 2113; x_wconf 90' lang='lat' dir='ltr'>in</span> <span class='ocrx_word' id='word_1_212' title='bbox 793 2082 943 2114; x_wconf 78' lang='lat' dir='ltr'>omnibus</span> <span class='ocrx_word' id='word_1_213' title='bbox 975 2086 1003 2116; x_wconf 85' lang='lat' dir='ltr'>et</span> 
     </span>
     <span class='ocr_line' id='line_1_47' title="bbox 262 2134 1005 2178; baseline 0 -10"><span class='ocrx_word' id='word_1_214' title='bbox 262 2145 322 2178; x_wconf 89' lang='lat' dir='ltr'>per</span> <span class='ocrx_word' id='word_1_215' title='bbox 346 2134 456 2168; x_wconf 81' lang='lat' dir='ltr'>omnia</span> <span class='ocrx_word' id='word_1_216' title='bbox 478 2135 522 2166; x_wconf 89' lang='lat' dir='ltr'>uti</span> <span class='ocrx_word' id='word_1_217' title='bbox 550 2140 581 2167; x_wconf 86' lang='lat' dir='ltr'>ct</span> <span class='ocrx_word' id='word_1_218' title='bbox 606 2134 747 2176; x_wconf 79' lang='lat' dir='ltr'>gaudere</span> <span class='ocrx_word' id='word_1_219' title='bbox 774 2136 931 2176; x_wconf 84' lang='lat' dir='ltr'>valerent,</span> <span class='ocrx_word' id='word_1_220' title='bbox 960 2136 1005 2168; x_wconf 89' lang='lat' dir='ltr'>di-</span> 
     </span>
     <span class='ocr_line' id='line_1_48' title="bbox 262 2187 1004 2231; baseline 0.001 -11"><span class='ocrx_word' id='word_1_221' title='bbox 262 2191 312 2220; x_wconf 76' lang='lat' dir='ltr'>cta</span> <span class='ocrx_word' id='word_1_222' title='bbox 336 2187 528 2221; x_wconf 87' lang='lat' dir='ltr'>auctoritate</span> <span class='ocrx_word' id='word_1_223' title='bbox 555 2187 742 2227; x_wconf 87' lang='lat' dir='ltr'>indulserit,</span> <span class='ocrx_word' id='word_1_224' title='bbox 770 2188 919 2231; x_wconf 76' lang='lat' dir='ltr'>adeoque</span> <span class='ocrx_word' id='word_1_225' title='bbox 953 2190 1004 2221; x_wconf 91' lang='lat' dir='ltr'>ei-</span> 
     </span>
     <span class='ocr_line' id='line_1_49' title="bbox 262 2240 1002 2284; baseline 0.003 -11"><span class='ocrx_word' id='word_1_226' title='bbox 262 2242 335 2274; x_wconf 89' lang='lat' dir='ltr'>dem</span> <span class='ocrx_word' id='word_1_227' title='bbox 356 2240 510 2284; x_wconf 83' lang='lat' dir='ltr'>collegio,</span> <span class='ocrx_word' id='word_1_228' title='bbox 538 2241 647 2283; x_wconf 75' lang='lat' dir='ltr'>vigore</span> <span class='ocrx_word' id='word_1_229' title='bbox 672 2240 789 2273; x_wconf 87' lang='lat' dir='ltr'>indulti</span> <span class='ocrx_word' id='word_1_230' title='bbox 816 2242 1002 2275; x_wconf 83' lang='lat' dir='ltr'>huiusmodi</span> 
     </span>
     <span class='ocr_line' id='line_1_50' title="bbox 262 2293 1003 2337; baseline 0.003 -11"><span class='ocrx_word' id='word_1_231' title='bbox 262 2305 298 2327; x_wconf 85' lang='lat' dir='ltr'>ac</span> <span class='ocrx_word' id='word_1_232' title='bbox 321 2293 457 2337; x_wconf 85' lang='lat' dir='ltr'>insuper</span> <span class='ocrx_word' id='word_1_233' title='bbox 474 2294 708 2327; x_wconf 87' lang='lat' dir='ltr'>nonnullorum</span> <span class='ocrx_word' id='word_1_234' title='bbox 727 2294 931 2328; x_wconf 85' lang='lat' dir='ltr'>decretorum</span> <span class='ocrx_word' id='word_1_235' title='bbox 952 2295 1003 2329; x_wconf 88' lang='lat' dir='ltr'>die</span> 
     </span>
     <span class='ocr_line' id='line_1_51' title="bbox 262 2347 1003 2391; baseline 0.004 -12"><span class='ocrx_word' id='word_1_236' title='bbox 262 2356 336 2380; x_wconf 82' lang='lat' dir='ltr'>xxix</span> <span class='ocrx_word' id='word_1_237' title='bbox 360 2347 473 2391; x_wconf 83' lang='lat' dir='ltr'>aprilis</span> <span class='ocrx_word' id='word_1_238' title='bbox 494 2357 530 2380; x_wconf 83' lang='lat' dir='ltr'>ac</span> <span class='ocrx_word' id='word_1_239' title='bbox 551 2347 602 2380; x_wconf 88' lang='lat' dir='ltr'>die</span> <span class='ocrx_word' id='word_1_240' title='bbox 622 2357 666 2380; x_wconf 82' lang='lat' dir='ltr'>xii</span> <span class='ocrx_word' id='word_1_241' title='bbox 701 2348 830 2390; x_wconf 77' lang='lat' dir='ltr'>augusti</span> <span class='ocrx_word' id='word_1_242' title='bbox 850 2358 1003 2383; x_wconf 70' lang='lat' dir='ltr'>iincxtvu</span> 
     </span>
     <span class='ocr_line' id='line_1_52' title="bbox 262 2399 1000 2442; baseline 0.003 -10"><span class='ocrx_word' id='word_1_243' title='bbox 262 2399 547 2442; x_wconf 82' lang='lat' dir='ltr'>aCongregatione</span> <span class='ocrx_word' id='word_1_244' title='bbox 568 2405 642 2433; x_wconf 90' lang='lat' dir='ltr'>tunc</span> <span class='ocrx_word' id='word_1_245' title='bbox 660 2401 868 2434; x_wconf 81' lang='lat' dir='ltr'>existentium</span> <span class='ocrx_word' id='word_1_246' title='bbox 886 2401 1000 2434; x_wconf 82' lang='lat' dir='ltr'>S.R.E.</span> 
     </span>
     <span class='ocr_line' id='line_1_53' title="bbox 262 2452 1003 2497; baseline 0.007 -14"><span class='ocrx_word' id='word_1_247' title='bbox 262 2452 474 2485; x_wconf 79' lang='lat' dir='ltr'>cardinalium</span> <span class='ocrx_word' id='word_1_248' title='bbox 501 2454 640 2495; x_wconf 77' lang='lat' dir='ltr'>negotiis</span> <span class='ocrx_word' id='word_1_249' title='bbox 661 2453 895 2497; x_wconf 77' lang='lat' dir='ltr'>propagandae</span> <span class='ocrx_word' id='word_1_250' title='bbox 914 2455 1003 2489; x_wconf 89' lang='lat' dir='ltr'>Fidei</span> 
     </span>
     <span class='ocr_line' id='line_1_54' title="bbox 262 2505 1002 2548; baseline 0.007 -11"><span class='ocrx_word' id='word_1_251' title='bbox 262 2505 449 2548; x_wconf 75' lang='lat' dir='ltr'>praeposita</span> <span class='ocrx_word' id='word_1_252' title='bbox 484 2506 656 2547; x_wconf 85' lang='lat' dir='ltr'>editorum,</span> <span class='ocrx_word' id='word_1_253' title='bbox 686 2513 718 2540; x_wconf 88' lang='lat' dir='ltr'>et</span> <span class='ocrx_word' id='word_1_254' title='bbox 753 2519 770 2541; x_wconf 88' lang='lat' dir='ltr'>a</span> <span class='ocrx_word' id='word_1_255' title='bbox 807 2508 1002 2542; x_wconf 84' lang='lat' dir='ltr'>recolendae</span> 
     </span>
     <span class='ocr_line' id='line_1_55' title="bbox 262 2557 1003 2605; baseline 0.007 -15"><span class='ocrx_word' id='word_1_256' title='bbox 262 2557 438 2591; x_wconf 86' lang='lat' dir='ltr'>memoriae</span> <span class='ocrx_word' id='word_1_257' title='bbox 475 2558 668 2593; x_wconf 83' lang='lat' dir='ltr'>Innocentio</span> <span class='ocrx_word' id='word_1_258' title='bbox 693 2561 780 2605; x_wconf 85' lang='lat' dir='ltr'>Papa</span> <span class='ocrx_word' id='word_1_259' title='bbox 805 2562 829 2594; x_wconf 77' lang='lat' dir='ltr'>X</span> <span class='ocrx_word' id='word_1_260' title='bbox 866 2562 1003 2605; x_wconf 87' lang='lat' dir='ltr'>praede-</span> 
     </span>
    </p>

    <p class='ocr_par' dir='ltr' id='par_1_6' title="bbox 301 2618 885 2658">
     <span class='ocr_line' id='line_1_56' title="bbox 301 2618 885 2658; baseline 0.003 -11"><span class='ocrx_word' id='word_1_261' title='bbox 301 2621 306 2647; x_wconf 87' lang='grc'>1</span> <span class='ocrx_word' id='word_1_262' title='bbox 331 2618 495 2647; x_wconf 69' lang='lat' dir='ltr'>particulam</span> <span class='ocrx_word' id='word_1_263' title='bbox 517 2622 546 2647; x_wconf 69' lang='lat'>21!</span> <span class='ocrx_word' id='word_1_264' title='bbox 568 2628 614 2648; x_wconf 80' lang='lat' dir='ltr'>uos</span> <span class='ocrx_word' id='word_1_265' title='bbox 636 2621 759 2649; x_wconf 82' lang='lat' dir='ltr'>addimus</span> <span class='ocrx_word' id='word_1_266' title='bbox 782 2623 816 2658; x_wconf 47' lang='lat' dir='ltr'>iga.</span> <span class='ocrx_word' id='word_1_267' title='bbox 837 2624 885 2658; x_wconf 74' lang='grc'>1.).</span> 
     </span>
    </p>
   </div>
   <div class='ocr_carea' id='block_1_5' title="bbox 1025 958 1029 1706">
    <p class='ocr_par' dir='ltr' id='par_1_7' title="bbox 1025 958 1029 1706">
     <span class='ocr_line' id='line_1_57' title="bbox 1025 958 1029 1706; baseline 0 0"><span class='ocrx_word' id='word_1_268' title='bbox 1025 958 1029 1706; x_wconf 95' lang='lat' dir='ltr'> </span> 
     </span>
    </p>
   </div>
   <div class='ocr_carea' id='block_1_6' title="bbox 1024 1882 1027 2658">
    <p class='ocr_par' dir='ltr' id='par_1_8' title="bbox 1024 1882 1027 2658">
     <span class='ocr_line' id='line_1_58' title="bbox 1024 1882 1027 2658; baseline 0 0"><span class='ocrx_word' id='word_1_269' title='bbox 1024 1882 1027 2658; x_wconf 95' lang='lat' dir='ltr'> </span> 
     </span>
    </p>
   </div>
   <div class='ocr_carea' id='block_1_7' title="bbox 1686 220 1750 253">
    <p class='ocr_par' dir='ltr' id='par_1_9' title="bbox 1686 220 1750 253">
     <span class='ocr_line' id='line_1_59' title="bbox 1686 220 1750 253; baseline -0.016 0"><span class='ocrx_word' id='word_1_270' title='bbox 1686 220 1750 253; x_wconf 68' lang='lat'><strong>..⁶35</strong></span> 
     </span>
    </p>
   </div>
   <div class='ocr_carea' id='block_1_8' title="bbox 1046 276 1792 2073">
    <p class='ocr_par' dir='ltr' id='par_1_10' title="bbox 1046 276 1792 2073">
     <span class='ocr_line' id='line_1_60' title="bbox 1049 276 1786 321; baseline 0.005 -13"><span class='ocrx_word' id='word_1_271' title='bbox 1049 285 1177 309; x_wconf 85' lang='lat' dir='ltr'>cessore</span> <span class='ocrx_word' id='word_1_272' title='bbox 1212 276 1334 319; x_wconf 85' lang='lat' dir='ltr'>pariter</span> <span class='ocrx_word' id='word_1_273' title='bbox 1369 282 1484 310; x_wconf 87' lang='lat' dir='ltr'>nostro</span> <span class='ocrx_word' id='word_1_274' title='bbox 1521 279 1786 321; x_wconf 77' lang='lat' dir='ltr'>approbatorum,</span> 
     </span>
     <span class='ocr_line' id='line_1_61' title="bbox 1048 328 1788 374; baseline 0.005 -14"><span class='ocrx_word' id='word_1_275' title='bbox 1048 328 1291 372; x_wconf 79' lang='lat' dir='ltr'>exemptionem</span> <span class='ocrx_word' id='word_1_276' title='bbox 1320 340 1338 361; x_wconf 89' lang='lat' dir='ltr'>a</span> <span class='ocrx_word' id='word_1_277' title='bbox 1363 330 1519 372; x_wconf 78' lang='lat' dir='ltr'>parocho,</span> <span class='ocrx_word' id='word_1_278' title='bbox 1545 340 1581 362; x_wconf 85' lang='lat' dir='ltr'>ac</span> <span class='ocrx_word' id='word_1_279' title='bbox 1605 330 1654 363; x_wconf 90' lang='lat' dir='ltr'>ius</span> <span class='ocrx_word' id='word_1_280' title='bbox 1680 333 1788 374; x_wconf 86' lang='lat' dir='ltr'>sepul-</span> 
     </span>
     <span class='ocr_line' id='line_1_62' title="bbox 1048 382 1787 427; baseline 0.007 -15"><span class='ocrx_word' id='word_1_281' title='bbox 1048 386 1140 414; x_wconf 83' lang='lat' dir='ltr'>turae</span> <span class='ocrx_word' id='word_1_282' title='bbox 1177 392 1237 425; x_wconf 90' lang='lat' dir='ltr'>pro</span> <span class='ocrx_word' id='word_1_283' title='bbox 1270 382 1411 415; x_wconf 86' lang='lat' dir='ltr'>alumnis</span> <span class='ocrx_word' id='word_1_284' title='bbox 1437 388 1467 415; x_wconf 90' lang='lat' dir='ltr'>et</span> <span class='ocrx_word' id='word_1_285' title='bbox 1490 383 1649 416; x_wconf 83' lang='lat' dir='ltr'>ministris</span> <span class='ocrx_word' id='word_1_286' title='bbox 1685 384 1787 427; x_wconf 85' lang='lat' dir='ltr'>ipsius</span> 
     </span>
     <span class='ocr_line' id='line_1_63' title="bbox 1047 434 1788 479; baseline 0.005 -13"><span class='ocrx_word' id='word_1_287' title='bbox 1047 434 1177 476; x_wconf 78' lang='lat' dir='ltr'>collegii</span> <span class='ocrx_word' id='word_1_288' title='bbox 1200 435 1285 468; x_wconf 90' lang='lat' dir='ltr'>intra</span> <span class='ocrx_word' id='word_1_289' title='bbox 1310 435 1396 468; x_wconf 90' lang='lat' dir='ltr'>illius</span> <span class='ocrx_word' id='word_1_290' title='bbox 1416 441 1507 478; x_wconf 87' lang='lat' dir='ltr'>septa</span> <span class='ocrx_word' id='word_1_291' title='bbox 1529 436 1733 479; x_wconf 81' lang='lat' dir='ltr'>degentibus,</span> <span class='ocrx_word' id='word_1_292' title='bbox 1752 449 1788 470; x_wconf 89' lang='lat' dir='ltr'>ac</span> 
     </span>
     <span class='ocr_line' id='line_1_64' title="bbox 1047 486 1786 530; baseline 0.007 -12"><span class='ocrx_word' id='word_1_293' title='bbox 1047 486 1297 520; x_wconf 86' lang='lat' dir='ltr'>administrandi</span> <span class='ocrx_word' id='word_1_294' title='bbox 1335 488 1399 521; x_wconf 89' lang='lat' dir='ltr'>illis</span> <span class='ocrx_word' id='word_1_295' title='bbox 1439 488 1492 521; x_wconf 84' lang='lat' dir='ltr'>SS.</span> <span class='ocrx_word' id='word_1_296' title='bbox 1535 489 1786 530; x_wconf 82' lang='lat' dir='ltr'>Eucharistiae,</span> 
     </span>
     <span class='ocr_line' id='line_1_65' title="bbox 1047 538 1786 582; baseline 0.008 -12"><span class='ocrx_word' id='word_1_297' title='bbox 1047 538 1143 571; x_wconf 88' lang='lat' dir='ltr'>etiam</span> <span class='ocrx_word' id='word_1_298' title='bbox 1158 550 1215 582; x_wconf 88' lang='lat' dir='ltr'>pro</span> <span class='ocrx_word' id='word_1_299' title='bbox 1235 540 1365 580; x_wconf 70' lang='lat' dir='ltr'>viatico,</span> <span class='ocrx_word' id='word_1_300' title='bbox 1382 551 1418 573; x_wconf 88' lang='lat' dir='ltr'>ac</span> <span class='ocrx_word' id='word_1_301' title='bbox 1431 540 1599 574; x_wconf 86' lang='lat' dir='ltr'>Extremae</span> <span class='ocrx_word' id='word_1_302' title='bbox 1618 541 1786 576; x_wconf 87' lang='lat' dir='ltr'>Unctionis</span> 
     </span>
     <span class='ocr_line' id='line_1_66' title="bbox 1046 593 1787 637; baseline 0.005 -13"><span class='ocrx_word' id='word_1_303' title='bbox 1046 599 1257 632; x_wconf 85' lang='lat' dir='ltr'>sacramenta,</span> <span class='ocrx_word' id='word_1_304' title='bbox 1284 593 1373 626; x_wconf 74' lang='lat' dir='ltr'>iuxta</span> <span class='ocrx_word' id='word_1_305' title='bbox 1398 593 1534 627; x_wconf 87' lang='lat' dir='ltr'>aliorum</span> <span class='ocrx_word' id='word_1_306' title='bbox 1571 595 1787 637; x_wconf 84' lang='lat' dir='ltr'>collegiorum</span> 
     </span>
     <span class='ocr_line' id='line_1_67' title="bbox 1047 644 1788 690; baseline 0.008 -15"><span class='ocrx_word' id='word_1_307' title='bbox 1047 644 1298 686; x_wconf 86' lang='lat' dir='ltr'>praedictorum,</span> <span class='ocrx_word' id='word_1_308' title='bbox 1314 646 1447 690; x_wconf 79' lang='lat' dir='ltr'>pacifica</span> <span class='ocrx_word' id='word_1_309' title='bbox 1462 647 1671 690; x_wconf 85' lang='lat' dir='ltr'>possessione</span> <span class='ocrx_word' id='word_1_310' title='bbox 1687 658 1788 681; x_wconf 83' lang='lat' dir='ltr'>exem·</span> 
     </span>
     <span class='ocr_line' id='line_1_68' title="bbox 1046 697 1787 743; baseline 0.007 -14"><span class='ocrx_word' id='word_1_311' title='bbox 1046 697 1166 740; x_wconf 77' lang='lat' dir='ltr'>ptionis</span> <span class='ocrx_word' id='word_1_312' title='bbox 1192 704 1224 731; x_wconf 91' lang='lat' dir='ltr'>et</span> <span class='ocrx_word' id='word_1_313' title='bbox 1248 698 1327 731; x_wconf 89' lang='lat' dir='ltr'>iuris</span> <span class='ocrx_word' id='word_1_314' title='bbox 1353 699 1538 733; x_wconf 81' lang='lat' dir='ltr'>huiusmodi</span> <span class='ocrx_word' id='word_1_315' title='bbox 1565 701 1787 743; x_wconf 78' lang='lat' dir='ltr'>gaudentium,</span> 
     </span>
     <span class='ocr_line' id='line_1_69' title="bbox 1047 752 1786 797; baseline 0.007 -15"><span class='ocrx_word' id='word_1_316' title='bbox 1047 752 1329 792; x_wconf 84' lang='lat' dir='ltr'>consuetudinem,</span> <span class='ocrx_word' id='word_1_317' title='bbox 1348 758 1539 796; x_wconf 78' lang='lat' dir='ltr'>competere</span> <span class='ocrx_word' id='word_1_318' title='bbox 1563 754 1786 797; x_wconf 74' lang='lat' dir='ltr'>dignoscatur3</span> 
     </span>
     <span class='ocr_line' id='line_1_70' title="bbox 1047 803 1789 850; baseline 0.009 -15"><span class='ocrx_word' id='word_1_319' title='bbox 1047 803 1262 837; x_wconf 84' lang='lat' dir='ltr'>nibilominus</span> <span class='ocrx_word' id='word_1_320' title='bbox 1279 806 1456 839; x_wconf 85' lang='lat' dir='ltr'>modernus</span> <span class='ocrx_word' id='word_1_321' title='bbox 1483 808 1646 850; x_wconf 86' lang='lat' dir='ltr'>parochus</span> <span class='ocrx_word' id='word_1_322' title='bbox 1666 818 1719 841; x_wconf 88' lang='lat' dir='ltr'>seu</span> <span class='ocrx_word' id='word_1_323' title='bbox 1740 819 1789 841; x_wconf 86' lang='lat' dir='ltr'>re-</span> 
     </span>
     <span class='ocr_line' id='line_1_71' title="bbox 1047 858 1787 901; baseline 0.007 -12"><span class='ocrx_word' id='word_1_324' title='bbox 1047 863 1117 890; x_wconf 86' lang='lat' dir='ltr'>ctor</span> <span class='ocrx_word' id='word_1_325' title='bbox 1151 858 1352 901; x_wconf 86' lang='lat' dir='ltr'>parochialis</span> <span class='ocrx_word' id='word_1_326' title='bbox 1385 860 1544 893; x_wconf 87' lang='lat' dir='ltr'>ecclesiae</span> <span class='ocrx_word' id='word_1_327' title='bbox 1580 860 1611 893; x_wconf 87' lang='lat' dir='ltr'>S.</span> <span class='ocrx_word' id='word_1_328' title='bbox 1639 861 1787 894; x_wconf 81' lang='lat' dir='ltr'>Andreae</span> 
     </span>
     <span class='ocr_line' id='line_1_72' title="bbox 1048 905 1789 955; baseline 0.005 -13"><span class='ocrx_word' id='word_1_329' title='bbox 1048 910 1086 943; x_wconf 88' lang='lat' dir='ltr'>de</span> <span class='ocrx_word' id='word_1_330' title='bbox 1113 910 1235 943; x_wconf 87' lang='lat' dir='ltr'>Fractis</span> <span class='ocrx_word' id='word_1_331' title='bbox 1261 905 1466 955; x_wconf 79' lang='lat' dir='ltr'>nuncupatae</span> <span class='ocrx_word' id='word_1_332' title='bbox 1493 913 1532 946; x_wconf 87' lang='lat' dir='ltr'>de</span> <span class='ocrx_word' id='word_1_333' title='bbox 1562 913 1674 946; x_wconf 76' lang='lat' dir='ltr'>cadem</span> <span class='ocrx_word' id='word_1_334' title='bbox 1693 913 1789 953; x_wconf 87' lang='lat' dir='ltr'>Urbe,</span> 
     </span>
     <span class='ocr_line' id='line_1_73' title="bbox 1047 963 1789 1000; baseline 0.005 -5"><span class='ocrx_word' id='word_1_335' title='bbox 1047 963 1175 996; x_wconf 84' lang='lat' dir='ltr'>Ordinis</span> <span class='ocrx_word' id='word_1_336' title='bbox 1202 965 1335 997; x_wconf 80' lang='lat' dir='ltr'>fratrum</span> <span class='ocrx_word' id='word_1_337' title='bbox 1367 965 1398 998; x_wconf 89' lang='lat' dir='ltr'>S.</span> <span class='ocrx_word' id='word_1_338' title='bbox 1430 966 1590 999; x_wconf 86' lang='lat' dir='ltr'>Francisci</span> <span class='ocrx_word' id='word_1_339' title='bbox 1624 967 1662 999; x_wconf 88' lang='lat' dir='ltr'>de</span> <span class='ocrx_word' id='word_1_340' title='bbox 1691 967 1789 1000; x_wconf 85' lang='lat' dir='ltr'>Paula</span> 
     </span>
     <span class='ocr_line' id='line_1_74' title="bbox 1047 1017 1790 1064; baseline 0.007 -16"><span class='ocrx_word' id='word_1_341' title='bbox 1047 1017 1252 1050; x_wconf 85' lang='lat' dir='ltr'>Minimorum</span> <span class='ocrx_word' id='word_1_342' title='bbox 1279 1018 1376 1051; x_wconf 88' lang='lat' dir='ltr'>etiam</span> <span class='ocrx_word' id='word_1_343' title='bbox 1395 1025 1665 1063; x_wconf 84' lang='lat' dir='ltr'>nuncupatorum,</span> <span class='ocrx_word' id='word_1_344' title='bbox 1686 1031 1790 1064; x_wconf 86' lang='lat' dir='ltr'>nuper</span> 
     </span>
     <span class='ocr_line' id='line_1_75' title="bbox 1048 1070 1787 1114; baseline 0.004 -11"><span class='ocrx_word' id='word_1_345' title='bbox 1048 1075 1186 1113; x_wconf 85' lang='lat' dir='ltr'>sequuto</span> <span class='ocrx_word' id='word_1_346' title='bbox 1204 1070 1294 1104; x_wconf 85' lang='lat' dir='ltr'>obitu</span> <span class='ocrx_word' id='word_1_347' title='bbox 1325 1072 1489 1114; x_wconf 85' lang='lat' dir='ltr'>quondam</span> <span class='ocrx_word' id='word_1_348' title='bbox 1516 1073 1644 1106; x_wconf 89' lang='lat' dir='ltr'>loannis</span> <span class='ocrx_word' id='word_1_349' title='bbox 1665 1073 1787 1106; x_wconf 89' lang='lat' dir='ltr'>Patritii</span> 
     </span>
     <span class='ocr_line' id='line_1_76' title="bbox 1048 1124 1788 1168; baseline 0.005 -12"><span class='ocrx_word' id='word_1_350' title='bbox 1048 1124 1210 1167; x_wconf 78' lang='lat' dir='ltr'>praefatae</span> <span class='ocrx_word' id='word_1_351' title='bbox 1255 1124 1523 1168; x_wconf 78' lang='lat' dir='ltr'>Congregationis</span> <span class='ocrx_word' id='word_1_352' title='bbox 1574 1127 1788 1160; x_wconf 85' lang='lat' dir='ltr'>cardinalium</span> 
     </span>
     <span class='ocr_line' id='line_1_77' title="bbox 1049 1177 1789 1222; baseline 0.005 -13"><span class='ocrx_word' id='word_1_353' title='bbox 1049 1177 1201 1217; x_wconf 89' lang='lat' dir='ltr'>ministri,</span> <span class='ocrx_word' id='word_1_354' title='bbox 1221 1178 1311 1211; x_wconf 87' lang='lat' dir='ltr'>litem</span> <span class='ocrx_word' id='word_1_355' title='bbox 1337 1178 1424 1211; x_wconf 88' lang='lat' dir='ltr'>dicto</span> <span class='ocrx_word' id='word_1_356' title='bbox 1446 1180 1588 1222; x_wconf 83' lang='lat' dir='ltr'>collegio</span> <span class='ocrx_word' id='word_1_357' title='bbox 1614 1190 1721 1212; x_wconf 86' lang='lat' dir='ltr'>coram</span> <span class='ocrx_word' id='word_1_358' title='bbox 1747 1180 1789 1213; x_wconf 89' lang='lat' dir='ltr'>di·</span> 
     </span>
     <span class='ocr_line' id='line_1_78' title="bbox 1048 1230 1790 1276; baseline 0.003 -12"><span class='ocrx_word' id='word_1_359' title='bbox 1048 1233 1134 1264; x_wconf 82' lang='lat' dir='ltr'>lecto</span> <span class='ocrx_word' id='word_1_360' title='bbox 1160 1230 1227 1264; x_wconf 80' lang='lat' dir='ltr'>filio</span> <span class='ocrx_word' id='word_1_361' title='bbox 1253 1237 1364 1264; x_wconf 78' lang='lat' dir='ltr'>nostro</span> <span class='ocrx_word' id='word_1_362' title='bbox 1391 1232 1421 1264; x_wconf 89' lang='lat' dir='ltr'>in</span> <span class='ocrx_word' id='word_1_363' title='bbox 1448 1232 1533 1265; x_wconf 73' lang='lat' dir='ltr'>Urbe</span> <span class='ocrx_word' id='word_1_364' title='bbox 1558 1233 1721 1276; x_wconf 81' lang='lat' dir='ltr'>praedicta</span> <span class='ocrx_word' id='word_1_365' title='bbox 1748 1234 1790 1266; x_wconf 81' lang='lat' dir='ltr'>vi-</span> 
     </span>
     <span class='ocr_line' id='line_1_79' title="bbox 1048 1283 1790 1329; baseline 0.004 -14"><span class='ocrx_word' id='word_1_366' title='bbox 1048 1283 1137 1316; x_wconf 90' lang='lat' dir='ltr'>cario</span> <span class='ocrx_word' id='word_1_367' title='bbox 1175 1284 1206 1315; x_wconf 86' lang='lat' dir='ltr'>in</span> <span class='ocrx_word' id='word_1_368' title='bbox 1244 1283 1470 1326; x_wconf 76' lang='lat' dir='ltr'>spiritualibus</span> <span class='ocrx_word' id='word_1_369' title='bbox 1508 1286 1651 1327; x_wconf 80' lang='lat' dir='ltr'>generali</span> <span class='ocrx_word' id='word_1_370' title='bbox 1692 1296 1790 1329; x_wconf 88' lang='lat' dir='ltr'>super</span> 
     </span>
     <span class='ocr_line' id='line_1_80' title="bbox 1048 1336 1791 1378; baseline 0.003 -9"><span class='ocrx_word' id='word_1_371' title='bbox 1048 1336 1295 1378; x_wconf 73' lang='lat' dir='ltr'>consignatione</span> <span class='ocrx_word' id='word_1_372' title='bbox 1317 1337 1480 1370; x_wconf 87' lang='lat' dir='ltr'>cadaveris</span> <span class='ocrx_word' id='word_1_373' title='bbox 1506 1337 1582 1370; x_wconf 86' lang='lat' dir='ltr'>dicti</span> <span class='ocrx_word' id='word_1_374' title='bbox 1603 1338 1734 1371; x_wconf 86' lang='lat' dir='ltr'>Ioannis</span> <span class='ocrx_word' id='word_1_375' title='bbox 1760 1345 1791 1372; x_wconf 87' lang='lat' dir='ltr'>et</span> 
     </span>
     <span class='ocr_line' id='line_1_81' title="bbox 1047 1389 1789 1434; baseline 0.005 -12"><span class='ocrx_word' id='word_1_376' title='bbox 1047 1389 1345 1423; x_wconf 86' lang='lat' dir='ltr'>emolumentorum</span> <span class='ocrx_word' id='word_1_377' title='bbox 1376 1391 1614 1434; x_wconf 87' lang='lat' dir='ltr'>parochialium</span> <span class='ocrx_word' id='word_1_378' title='bbox 1640 1393 1789 1432; x_wconf 84' lang='lat' dir='ltr'>moverit,</span> 
     </span>
     <span class='ocr_line' id='line_1_82' title="bbox 1047 1443 1791 1489; baseline 0.004 -13"><span class='ocrx_word' id='word_1_379' title='bbox 1047 1448 1196 1476; x_wconf 88' lang='lat' dir='ltr'>emanato</span> <span class='ocrx_word' id='word_1_380' title='bbox 1223 1443 1368 1487; x_wconf 85' lang='lat' dir='ltr'>desuper</span> <span class='ocrx_word' id='word_1_381' title='bbox 1393 1445 1534 1487; x_wconf 84' lang='lat' dir='ltr'>quodam</span> <span class='ocrx_word' id='word_1_382' title='bbox 1561 1446 1691 1478; x_wconf 88' lang='lat' dir='ltr'>decreto</span> <span class='ocrx_word' id='word_1_383' title='bbox 1717 1457 1791 1489; x_wconf 88' lang='lat' dir='ltr'>pro-</span> 
     </span>
     <span class='ocr_line' id='line_1_83' title="bbox 1047 1497 1789 1542; baseline 0.003 -12"><span class='ocrx_word' id='word_1_384' title='bbox 1047 1497 1209 1537; x_wconf 85' lang='lat' dir='ltr'>visionali,</span> <span class='ocrx_word' id='word_1_385' title='bbox 1238 1508 1288 1537; x_wconf 86' lang='lat' dir='ltr'>ac,</span> <span class='ocrx_word' id='word_1_386' title='bbox 1314 1504 1452 1541; x_wconf 89' lang='lat' dir='ltr'>sequuto</span> <span class='ocrx_word' id='word_1_387' title='bbox 1478 1498 1601 1542; x_wconf 86' lang='lat' dir='ltr'>pariter</span> <span class='ocrx_word' id='word_1_388' title='bbox 1626 1500 1789 1542; x_wconf 82' lang='lat' dir='ltr'>quondam</span> 
     </span>
     <span class='ocr_line' id='line_1_84' title="bbox 1047 1551 1790 1594; baseline 0.004 -11"><span class='ocrx_word' id='word_1_389' title='bbox 1047 1551 1179 1594; x_wconf 85' lang='lat' dir='ltr'>loseplii</span> <span class='ocrx_word' id='word_1_390' title='bbox 1212 1551 1451 1591; x_wconf 65' lang='lat' dir='ltr'>Zambecchhfi,</span> <span class='ocrx_word' id='word_1_391' title='bbox 1476 1552 1608 1585; x_wconf 88' lang='lat' dir='ltr'>alterius</span> <span class='ocrx_word' id='word_1_392' title='bbox 1644 1552 1790 1586; x_wconf 89' lang='lat' dir='ltr'>ciusdem</span> 
     </span>
     <span class='ocr_line' id='line_1_85' title="bbox 1047 1603 1790 1648; baseline 0.003 -12"><span class='ocrx_word' id='word_1_393' title='bbox 1047 1603 1318 1647; x_wconf 71' lang='lat' dir='ltr'>Congregationis</span> <span class='ocrx_word' id='word_1_394' title='bbox 1348 1604 1505 1646; x_wconf 86' lang='lat' dir='ltr'>ministri,</span> <span class='ocrx_word' id='word_1_395' title='bbox 1533 1605 1587 1648; x_wconf 88' lang='lat' dir='ltr'>qui</span> <span class='ocrx_word' id='word_1_396' title='bbox 1616 1605 1649 1638; x_wconf 85' lang='lat' dir='ltr'>in</span> <span class='ocrx_word' id='word_1_397' title='bbox 1683 1616 1790 1638; x_wconf 86' lang='lat' dir='ltr'>saecu·</span> 
     </span>
     <span class='ocr_line' id='line_1_86' title="bbox 1048 1657 1788 1700; baseline 0.003 -10"><span class='ocrx_word' id='word_1_398' title='bbox 1048 1657 1105 1690; x_wconf 86' lang='lat' dir='ltr'>lari</span> <span class='ocrx_word' id='word_1_399' title='bbox 1132 1663 1164 1690; x_wconf 87' lang='lat' dir='ltr'>et</span> <span class='ocrx_word' id='word_1_400' title='bbox 1197 1658 1367 1700; x_wconf 76' lang='lat' dir='ltr'>collegiata</span> <span class='ocrx_word' id='word_1_401' title='bbox 1401 1658 1541 1691; x_wconf 77' lang='lat' dir='ltr'>ecclesia</span> <span class='ocrx_word' id='word_1_402' title='bbox 1565 1658 1595 1692; x_wconf 92' lang='lat' dir='ltr'>S.</span> <span class='ocrx_word' id='word_1_403' title='bbox 1624 1659 1788 1692; x_wconf 84' lang='lat' dir='ltr'>Eustachii</span> 
     </span>
     <span class='ocr_line' id='line_1_87' title="bbox 1048 1712 1791 1756; baseline 0.001 -12"><span class='ocrx_word' id='word_1_404' title='bbox 1048 1712 1087 1744; x_wconf 91' lang='lat' dir='ltr'>de</span> <span class='ocrx_word' id='word_1_405' title='bbox 1121 1712 1205 1745; x_wconf 78' lang='lat' dir='ltr'>dicta</span> <span class='ocrx_word' id='word_1_406' title='bbox 1238 1712 1331 1752; x_wconf 86' lang='lat' dir='ltr'>Urbe,</span> <span class='ocrx_word' id='word_1_407' title='bbox 1360 1713 1391 1745; x_wconf 87' lang='lat' dir='ltr'>in</span> <span class='ocrx_word' id='word_1_408' title='bbox 1417 1723 1479 1756; x_wconf 86' lang='lat' dir='ltr'>qua</span> <span class='ocrx_word' id='word_1_409' title='bbox 1505 1713 1730 1747; x_wconf 85' lang='lat' dir='ltr'>canonicatum</span> <span class='ocrx_word' id='word_1_410' title='bbox 1760 1720 1791 1747; x_wconf 86' lang='lat' dir='ltr'>et</span> 
     </span>
     <span class='ocr_line' id='line_1_88' title="bbox 1047 1765 1788 1807; baseline 0.003 -10"><span class='ocrx_word' id='word_1_411' title='bbox 1047 1765 1278 1807; x_wconf 87' lang='lat' dir='ltr'>praebendam,</span> <span class='ocrx_word' id='word_1_412' title='bbox 1317 1765 1392 1798; x_wconf 88' lang='lat' dir='ltr'>dum</span> <span class='ocrx_word' id='word_1_413' title='bbox 1428 1766 1568 1807; x_wconf 80' lang='lat' dir='ltr'>viveret,</span> <span class='ocrx_word' id='word_1_414' title='bbox 1607 1767 1788 1805; x_wconf 85' lang='lat' dir='ltr'>obtinebat,</span> 
     </span>
     <span class='ocr_line' id='line_1_89' title="bbox 1047 1818 1791 1863; baseline 0.004 -14"><span class='ocrx_word' id='word_1_415' title='bbox 1047 1818 1247 1860; x_wconf 84' lang='lat' dir='ltr'>sepulturam</span> <span class='ocrx_word' id='word_1_416' title='bbox 1270 1818 1330 1851; x_wconf 81' lang='lat' dir='ltr'>sibi</span> <span class='ocrx_word' id='word_1_417' title='bbox 1350 1820 1504 1861; x_wconf 79' lang='lat' dir='ltr'>elegerat,</span> <span class='ocrx_word' id='word_1_418' title='bbox 1523 1819 1624 1860; x_wconf 89' lang='lat' dir='ltr'>obitu,</span> <span class='ocrx_word' id='word_1_419' title='bbox 1643 1826 1791 1863; x_wconf 84' lang='lat' dir='ltr'>quartam</span> 
     </span>
     <span class='ocr_line' id='line_1_90' title="bbox 1047 1870 1792 1916; baseline 0.005 -14"><span class='ocrx_word' id='word_1_420' title='bbox 1047 1870 1243 1903; x_wconf 82' lang='lat' dir='ltr'>funeralium</span> <span class='ocrx_word' id='word_1_421' title='bbox 1265 1877 1295 1903; x_wconf 87' lang='lat' dir='ltr'>et</span> <span class='ocrx_word' id='word_1_422' title='bbox 1314 1871 1374 1904; x_wconf 89' lang='lat' dir='ltr'>alia</span> <span class='ocrx_word' id='word_1_423' title='bbox 1392 1871 1462 1904; x_wconf 90' lang='lat' dir='ltr'>iura</span> <span class='ocrx_word' id='word_1_424' title='bbox 1486 1873 1688 1915; x_wconf 86' lang='lat' dir='ltr'>parochialia</span> <span class='ocrx_word' id='word_1_425' title='bbox 1702 1884 1792 1916; x_wconf 85' lang='lat' dir='ltr'>prae·</span> 
     </span>
     <span class='ocr_line' id='line_1_91' title="bbox 1048 1924 1788 1969; baseline 0.004 -14"><span class='ocrx_word' id='word_1_426' title='bbox 1048 1924 1198 1962; x_wconf 65' lang='lat' dir='ltr'>tetidem,</span> <span class='ocrx_word' id='word_1_427' title='bbox 1237 1924 1323 1967; x_wconf 84' lang='lat' dir='ltr'>ipsos</span> <span class='ocrx_word' id='word_1_428' title='bbox 1358 1925 1511 1957; x_wconf 86' lang='lat' dir='ltr'>loannem</span> <span class='ocrx_word' id='word_1_429' title='bbox 1545 1930 1577 1957; x_wconf 93' lang='lat' dir='ltr'>et</span> <span class='ocrx_word' id='word_1_430' title='bbox 1602 1925 1788 1969; x_wconf 82' lang='lat' dir='ltr'>Ioseplium‚</span> 
     </span>
     <span class='ocr_line' id='line_1_92' title="bbox 1048 1976 1791 2016; baseline 0.004 -8"><span class='ocrx_word' id='word_1_431' title='bbox 1048 1976 1142 2016; x_wconf 88' lang='lat' dir='ltr'>licet,</span> <span class='ocrx_word' id='word_1_432' title='bbox 1169 1977 1213 2009; x_wconf 85' lang='lat' dir='ltr'>uti</span> <span class='ocrx_word' id='word_1_433' title='bbox 1252 1977 1390 2009; x_wconf 80' lang='lat' dir='ltr'>ministri</span> <span class='ocrx_word' id='word_1_434' title='bbox 1423 1977 1607 2011; x_wconf 85' lang='lat' dir='ltr'>huiusmodi</span> <span class='ocrx_word' id='word_1_435' title='bbox 1640 1988 1676 2011; x_wconf 86' lang='lat' dir='ltr'>ac</span> <span class='ocrx_word' id='word_1_436' title='bbox 1709 1979 1791 2012; x_wconf 84' lang='lat' dir='ltr'>intra</span> 
     </span>
     <span class='ocr_line' id='line_1_93' title="bbox 1048 2029 1791 2073; baseline 0.004 -12"><span class='ocrx_word' id='word_1_437' title='bbox 1048 2029 1177 2071; x_wconf 73' lang='lat' dir='ltr'>collegii</span> <span class='ocrx_word' id='word_1_438' title='bbox 1205 2029 1366 2071; x_wconf 85' lang='lat' dir='ltr'>praedicti</span> <span class='ocrx_word' id='word_1_439' title='bbox 1392 2035 1484 2073; x_wconf 85' lang='lat' dir='ltr'>septa</span> <span class='ocrx_word' id='word_1_440' title='bbox 1509 2030 1663 2072; x_wconf 78' lang='lat' dir='ltr'>defuncti,</span> <span class='ocrx_word' id='word_1_441' title='bbox 1687 2032 1791 2065; x_wconf 85' lang='lat' dir='ltr'>nulla·</span> 
     </span>
    </p>
   </div>
   <div class='ocr_carea' id='block_1_9' title="bbox 1025 2082 1790 2127">
    <p class='ocr_par' dir='ltr' id='par_1_11' title="bbox 1025 2082 1790 2127">
     <span class='ocr_line' id='line_1_94' title="bbox 1025 2082 1790 2127; baseline 0.007 -14"><span class='ocrx_word' id='word_1_442' title='bbox 1025 2113 1027 2119; x_wconf 66' lang='lat'>,</span> <span class='ocrx_word' id='word_1_443' title='bbox 1049 2085 1143 2114; x_wconf 85' lang='lat' dir='ltr'>tenus</span> <span class='ocrx_word' id='word_1_444' title='bbox 1164 2082 1191 2114; x_wconf 86' lang='lat' dir='ltr'>ei</span> <span class='ocrx_word' id='word_1_445' title='bbox 1218 2082 1401 2122; x_wconf 83' lang='lat' dir='ltr'>subessent,</span> <span class='ocrx_word' id='word_1_446' title='bbox 1433 2083 1519 2116; x_wconf 87' lang='lat' dir='ltr'>inter</span> <span class='ocrx_word' id='word_1_447' title='bbox 1544 2089 1670 2117; x_wconf 89' lang='lat' dir='ltr'>ceteros</span> <span class='ocrx_word' id='word_1_448' title='bbox 1698 2095 1790 2127; x_wconf 87' lang='lat' dir='ltr'>paro-</span> 
     </span>
    </p>
   </div>
   <div class='ocr_carea' id='block_1_10' title="bbox 1047 2134 1792 2658">
    <p class='ocr_par' dir='ltr' id='par_1_12' title="bbox 1047 2134 1792 2658">
     <span class='ocr_line' id='line_1_95' title="bbox 1047 2134 1791 2179; baseline 0.005 -12"><span class='ocrx_word' id='word_1_449' title='bbox 1047 2134 1182 2168; x_wconf 86' lang='lat' dir='ltr'>chianos</span> <span class='ocrx_word' id='word_1_450' title='bbox 1214 2145 1290 2168; x_wconf 85' lang='lat' dir='ltr'>suos</span> <span class='ocrx_word' id='word_1_451' title='bbox 1324 2136 1445 2179; x_wconf 83' lang='lat' dir='ltr'>absque</span> <span class='ocrx_word' id='word_1_452' title='bbox 1480 2137 1546 2169; x_wconf 78' lang='lat' dir='ltr'>ulla</span> <span class='ocrx_word' id='word_1_453' title='bbox 1583 2137 1791 2172; x_wconf 86' lang='lat' dir='ltr'>distinctione</span> 
     </span>
     <span class='ocr_line' id='line_1_96' title="bbox 1048 2189 1789 2233; baseline 0.005 -13"><span class='ocrx_word' id='word_1_454' title='bbox 1048 2189 1268 2221; x_wconf 87' lang='lat' dir='ltr'>recensendo:</span> <span class='ocrx_word' id='word_1_455' title='bbox 1297 2189 1373 2221; x_wconf 89' lang='lat' dir='ltr'>hinc</span> <span class='ocrx_word' id='word_1_456' title='bbox 1399 2195 1449 2222; x_wconf 86' lang='lat' dir='ltr'>est</span> <span class='ocrx_word' id='word_1_457' title='bbox 1477 2190 1564 2233; x_wconf 89' lang='lat' dir='ltr'>quod</span> <span class='ocrx_word' id='word_1_458' title='bbox 1598 2201 1667 2231; x_wconf 86' lang='lat' dir='ltr'>nos,</span> <span class='ocrx_word' id='word_1_459' title='bbox 1700 2191 1789 2224; x_wconf 85' lang='lat' dir='ltr'>litem</span> 
     </span>
     <span class='ocr_line' id='line_1_97' title="bbox 1048 2241 1791 2284; baseline 0.005 -10"><span class='ocrx_word' id='word_1_460' title='bbox 1048 2248 1078 2275; x_wconf 90' lang='lat' dir='ltr'>et</span> <span class='ocrx_word' id='word_1_461' title='bbox 1103 2251 1231 2275; x_wconf 87' lang='lat' dir='ltr'>causam</span> <span class='ocrx_word' id='word_1_462' title='bbox 1258 2242 1444 2276; x_wconf 84' lang='lat' dir='ltr'>huiusmodi</span> <span class='ocrx_word' id='word_1_463' title='bbox 1471 2241 1639 2284; x_wconf 82' lang='lat' dir='ltr'>dirimere,</span> <span class='ocrx_word' id='word_1_464' title='bbox 1666 2255 1725 2284; x_wconf 89' lang='lat' dir='ltr'>ac,</span> <span class='ocrx_word' id='word_1_465' title='bbox 1750 2255 1791 2278; x_wconf 90' lang='lat' dir='ltr'>ne</span> 
     </span>
     <span class='ocr_line' id='line_1_98' title="bbox 1048 2296 1790 2331; baseline 0.005 -4"><span class='ocrx_word' id='word_1_466' title='bbox 1048 2296 1133 2328; x_wconf 87' lang='lat' dir='ltr'>ullae</span> <span class='ocrx_word' id='word_1_467' title='bbox 1165 2296 1246 2329; x_wconf 83' lang='lat' dir='ltr'>aliae</span> <span class='ocrx_word' id='word_1_468' title='bbox 1278 2296 1400 2328; x_wconf 80' lang='lat' dir='ltr'>similes</span> <span class='ocrx_word' id='word_1_469' title='bbox 1434 2297 1678 2330; x_wconf 90' lang='lat' dir='ltr'>controversiae</span> <span class='ocrx_word' id='word_1_470' title='bbox 1705 2298 1790 2331; x_wconf 88' lang='lat' dir='ltr'>dicto</span> 
     </span>
     <span class='ocr_line' id='line_1_99' title="bbox 1047 2349 1791 2394; baseline 0.003 -13"><span class='ocrx_word' id='word_1_471' title='bbox 1047 2349 1190 2391; x_wconf 78' lang='lat' dir='ltr'>collegio</span> <span class='ocrx_word' id='word_1_472' title='bbox 1217 2349 1247 2382; x_wconf 89' lang='lat' dir='ltr'>in</span> <span class='ocrx_word' id='word_1_473' title='bbox 1273 2354 1443 2392; x_wconf 83' lang='lat' dir='ltr'>posterum</span> <span class='ocrx_word' id='word_1_474' title='bbox 1468 2350 1661 2390; x_wconf 82' lang='lat' dir='ltr'>inserantur,</span> <span class='ocrx_word' id='word_1_475' title='bbox 1688 2351 1791 2394; x_wconf 88' lang='lat' dir='ltr'>provi-</span> 
     </span>
     <span class='ocr_line' id='line_1_100' title="bbox 1047 2401 1792 2446; baseline 0.001 -11"><span class='ocrx_word' id='word_1_476' title='bbox 1047 2402 1138 2442; x_wconf 87' lang='lat' dir='ltr'>dere,</span> <span class='ocrx_word' id='word_1_477' title='bbox 1159 2401 1331 2446; x_wconf 86' lang='lat' dir='ltr'>eidemque</span> <span class='ocrx_word' id='word_1_478' title='bbox 1357 2402 1500 2446; x_wconf 75' lang='lat' dir='ltr'>collegio</span> <span class='ocrx_word' id='word_1_479' title='bbox 1526 2403 1702 2446; x_wconf 88' lang='lat' dir='ltr'>specialem</span> <span class='ocrx_word' id='word_1_480' title='bbox 1720 2414 1792 2446; x_wconf 83' lang='lat' dir='ltr'>gra-</span> 
     </span>
     <span class='ocr_line' id='line_1_101' title="bbox 1048 2455 1792 2497; baseline 0.003 -9"><span class='ocrx_word' id='word_1_481' title='bbox 1048 2455 1124 2488; x_wconf 89' lang='lat' dir='ltr'>tiam</span> <span class='ocrx_word' id='word_1_482' title='bbox 1160 2456 1265 2489; x_wconf 85' lang='lat' dir='ltr'>sacere</span> <span class='ocrx_word' id='word_1_483' title='bbox 1305 2456 1462 2497; x_wconf 87' lang='lat' dir='ltr'>volentes,</span> <span class='ocrx_word' id='word_1_484' title='bbox 1494 2466 1624 2490; x_wconf 84' lang='lat' dir='ltr'>necnon</span> <span class='ocrx_word' id='word_1_485' title='bbox 1660 2456 1724 2490; x_wconf 84' lang='lat' dir='ltr'>litis</span> <span class='ocrx_word' id='word_1_486' title='bbox 1761 2462 1792 2490; x_wconf 84' lang='lat' dir='ltr'>et</span> 
     </span>
     <span class='ocr_line' id='line_1_102' title="bbox 1047 2508 1791 2548; baseline 0.001 -8"><span class='ocrx_word' id='word_1_487' title='bbox 1047 2518 1164 2541; x_wconf 86' lang='lat' dir='ltr'>causae</span> <span class='ocrx_word' id='word_1_488' title='bbox 1191 2508 1379 2542; x_wconf 87' lang='lat' dir='ltr'>earumdem</span> <span class='ocrx_word' id='word_1_489' title='bbox 1405 2513 1521 2542; x_wconf 84' lang='lat' dir='ltr'>statum</span> <span class='ocrx_word' id='word_1_490' title='bbox 1546 2514 1578 2542; x_wconf 89' lang='lat' dir='ltr'>et</span> <span class='ocrx_word' id='word_1_491' title='bbox 1602 2509 1727 2548; x_wconf 86' lang='lat' dir='ltr'>merita,</span> <span class='ocrx_word' id='word_1_492' title='bbox 1755 2519 1791 2542; x_wconf 84' lang='lat' dir='ltr'>ac</span> 
     </span>
     <span class='ocr_line' id='line_1_103' title="bbox 1047 2560 1790 2605; baseline 0 -11"><span class='ocrx_word' id='word_1_493' title='bbox 1047 2560 1167 2594; x_wconf 90' lang='lat' dir='ltr'>dictum</span> <span class='ocrx_word' id='word_1_494' title='bbox 1194 2561 1361 2594; x_wconf 87' lang='lat' dir='ltr'>decretum</span> <span class='ocrx_word' id='word_1_495' title='bbox 1387 2561 1621 2605; x_wconf 87' lang='lat' dir='ltr'>provisionale‚</span> <span class='ocrx_word' id='word_1_496' title='bbox 1648 2562 1790 2595; x_wconf 87' lang='lat' dir='ltr'>nomina-</span> 
     </span>
     <span class='ocr_line' id='line_1_104' title="bbox 1047 2614 1788 2658; baseline 0.001 -12"><span class='ocrx_word' id='word_1_497' title='bbox 1047 2624 1108 2658; x_wconf 88' lang='lat' dir='ltr'>que</span> <span class='ocrx_word' id='word_1_498' title='bbox 1128 2618 1157 2646; x_wconf 85' lang='lat' dir='ltr'>et</span> <span class='ocrx_word' id='word_1_499' title='bbox 1177 2614 1386 2656; x_wconf 70' lang='lat' dir='ltr'>cognomina,</span> <span class='ocrx_word' id='word_1_500' title='bbox 1401 2624 1436 2647; x_wconf 87' lang='lat' dir='ltr'>ac</span> <span class='ocrx_word' id='word_1_501' title='bbox 1454 2614 1627 2658; x_wconf 81' lang='lat' dir='ltr'>qualitates</span> <span class='ocrx_word' id='word_1_502' title='bbox 1647 2614 1788 2648; x_wconf 84' lang='lat' dir='ltr'>iudicum</span> 
     </span>
    </p>
   </div>
   <div class='ocr_carea' id='block_1_11' title="bbox 1798 230 1980 258">
    <p class='ocr_par' dir='ltr' id='par_1_13' title="bbox 1798 230 1980 258">
     <span class='ocr_line' id='line_1_105' title="bbox 1798 230 1980 258; baseline 0 -1"><span class='ocrx_word' id='word_1_503' title='bbox 1798 232 1847 257; x_wconf 71' lang='lat' dir='ltr'>An.</span> <span class='ocrx_word' id='word_1_504' title='bbox 1865 231 1893 258; x_wconf 87' lang='lat' dir='ltr'>C.</span> <span class='ocrx_word' id='word_1_505' title='bbox 1915 230 1980 258; x_wconf 75' lang='lat'>1708</span> 
     </span>
    </p>
   </div>
  </div>
 </body>
</html>
