2269 3203
111 196 163 224 An.
185 198 212 223 C.
233 197 299 225 1706

928 197 1067 221 tlt-ERJENS
1093 198 1123 220 XI
1149 198 1195 222 Pr.

305 246 424 279 stitutis
451 256 566 280 omnes
589 252 621 279 et
641 244 785 289 singulos
811 246 967 285 honores,
996 256 1044 278 sa-

306 300 385 332 laria
410 307 440 333 et
458 302 677 334 emolumenta
695 299 801 339 solita,
820 305 850 332 ct
868 310 951 343 quae
970 299 1043 332 liac-

306 359 399 387 tcnus
436 354 596 387 dictorum
638 352 819 386 officiorum
852 353 1042 385 detentores

305 407 390 439 licite
418 412 523 440 ttunen
549 412 776 450 perceperunt,
795 416 855 448 pro
881 406 936 438 illa
963 405 1043 438 obti-

304 460 450 492 uentium
476 459 737 493 substentatione
759 459 855 491 etiam
882 465 1042 502 perpetuo

302 513 503 556 implicamus
529 518 561 546 et
578 513 839 556 approprianms.
861 513 1043 545 Decernen-

303 571 368 606 tes,
406 567 531 599 nullum
557 571 771 610 praeteritos
809 572 841 599 et
876 565 1040 598 Romanos

303 619 476 652 Pontifices
512 630 571 662 pro
612 625 759 662 tempore
796 619 972 651 existentes
1003 619 1040 651 de

301 672 416 704 officiis
430 672 607 715 praedictis
620 672 795 715 disponere
810 672 957 715 potuisse
975 670 1040 703 sive

299 736 404 768 posse,
429 726 548 769 illaque
564 732 626 758 tam
643 726 747 769 prima
761 727 828 758 vice
842 737 859 758 a
876 725 1040 768 primaeva

299 778 463 812 erectione
489 789 543 811 seu
562 779 768 811 institutione
791 778 988 818 huiusmodi,
1006 784 1041 811 ut

297 831 500 873 praefertur,
525 832 690 872 vacantia,
719 842 815 875 quam
843 831 940 864 etiam
966 841 1038 863 cum

296 883 438 927 primum
465 895 525 928 per
549 895 678 918 cessum
703 885 753 918 vel
780 885 958 925 decessum,
986 890 1039 917 aut

297 936 568 980 resignationem,
587 938 804 982 privationem
823 939 873 971 vel
890 938 1038 982 quamvis

296 989 391 1023 aliam
418 990 628 1025 amissionem
644 992 700 1024 illa
722 991 954 1032 obtinentium,
978 1002 1035 1025 seu

296 1043 375 1076 alias
413 1045 661 1087 quomodolibet
696 1056 809 1078 vacare
851 1045 1036 1088 eontigerit,

295 1107 356 1140 per
397 1108 457 1130 nos
494 1103 526 1130 et
561 1098 724 1131 Romanos
759 1097 933 1131 Pontifices
974 1108 1034 1141 pro

296 1155 444 1193 tempore
469 1150 646 1184 existentes
672 1151 837 1183 dumtaxat
866 1162 926 1194 per
950 1151 1032 1184 viam

294 1203 546 1246 supplicationis
573 1204 604 1236 in
632 1204 760 1237 Dataria
786 1207 897 1238 nostra
921 1205 960 1238 ad
986 1206 1034 1238 in-

291 1261 357 1288 star
381 1256 517 1289 aliorum
543 1258 726 1291 officiorum
759 1259 951 1292 vacabilium
987 1260 1033 1293 di-

291 1316 359 1343 ctae
377 1310 490 1344 Curiae
509 1311 642 1344 concedi
663 1315 691 1345 et
710 1313 871 1355 resignari
892 1314 1029 1355 debere;

290 1370 322 1397 ct
346 1364 371 1397 si
397 1364 471 1408 quis
496 1375 533 1398 ex
569 1376 681 1398 eorum
713 1366 894 1400 officiorum
921 1368 1032 1401 deten-

291 1418 429 1459 toribus,
457 1418 637 1452 idoneitate
663 1418 723 1452 sibi
757 1419 965 1464 suffragante,
993 1422 1031 1455 il-

289 1471 344 1505 lud
371 1471 421 1505 vel
447 1471 513 1514 illa,
540 1482 622 1516 quae
649 1472 783 1514 detinet,
817 1480 871 1507 aut
896 1475 1028 1518 aliquod

289 1525 427 1558 aliorum
453 1525 585 1569 assequi
617 1526 775 1567 intendat,
814 1528 1029 1571 supplicatio-

288 1589 363 1612 nem
389 1589 489 1622 super
525 1579 613 1612 illius
643 1581 694 1613 vel
731 1580 864 1614 illorum
896 1592 1028 1615 conces-

287 1631 380 1665 sione
404 1631 438 1664 in
471 1632 556 1665 dicta
592 1633 719 1666 Dataria
750 1633 835 1668 infra
867 1642 1026 1669 semestre

287 1685 470 1728 proximum
503 1685 637 1718 omnino
671 1687 828 1729 expedire
855 1694 1024 1729 teneatur;

286 1739 434 1782 alioquin
459 1739 497 1771 ab
524 1749 636 1772 eorum
663 1740 817 1773 exercitio
844 1748 968 1775 amotus
996 1748 1027 1775 et

286 1791 350 1824 illis
365 1797 526 1835 perpetuo
540 1792 684 1835 privatus
699 1799 871 1826 censeatur
885 1806 924 1828 eo
943 1796 1025 1839 ipso,

285 1851 317 1878 et
330 1846 370 1879 al)
386 1846 441 1878 illo
453 1846 501 1878 vel
517 1845 581 1878 illis
596 1846 726 1889 penitus
742 1847 917 1889 abstineat,
932 1859 1026 1892 prae.-

283 1903 475 1942 sentemque
515 1903 664 1931 nostrum
704 1902 1023 1944 motumproprium,

284 1959 315 1986 et
338 1953 463 1986 litteras
489 1952 599 1985 forsan
626 1952 766 1996 desuper
791 1953 1021 1997 conficiendas,

283 2017 320 2040 ex
358 2016 564 2050 quacumque
602 2008 716 2047 causa,
755 2008 847 2040 nullo
881 2019 1022 2052 unquam

282 2065 441 2104 tempore,
463 2060 502 2092 de
528 2059 752 2102 subreptionis
779 2060 827 2093 vel
854 2061 1023 2106 obreptio-

281 2113 331 2147 nis
355 2123 412 2147 seu
438 2113 598 2146 nullitatis
631 2112 714 2153 vitio,
750 2119 805 2146 aut
829 2114 1021 2150 intentionis

280 2172 410 2202 nostrae
428 2168 476 2201 vel
498 2166 653 2211 quopiam
672 2167 734 2200 alio
755 2167 884 2200 defectu
904 2170 1019 2212 notari,

279 2220 475 2265 impugnari,
487 2221 655 2254 retraetari
668 2221 717 2254 vel
736 2222 897 2255 annullari
909 2233 1018 2266 posse,

279 2275 336 2309 sed
359 2274 466 2308 valida
491 2280 523 2308 et
547 2273 691 2308 efficacia
710 2275 848 2309 existere
876 2287 1019 2321 suosque

281 2328 413 2362 effectus
437 2328 545 2362 sortiri
572 2328 706 2370 debere,
731 2340 838 2373 neque
864 2330 923 2363 sub
949 2331 1019 2375 qui-

278 2382 388 2414 busvis
412 2381 564 2414 similium
594 2382 644 2415 vel
670 2382 876 2416 dissimilium
901 2385 1019 2427 gratia-

279 2444 350 2467 rum
367 2435 646 2475 revocationibus,
662 2436 950 2479 suspensionibus,
967 2438 1018 2471 de·

279 2486 520 2529 rogationibus,
545 2494 599 2520 aut
624 2489 694 2521 aliis
713 2490 884 2523 contrariis
910 2491 1018 2535 dispo-

1087 246 1188 279 lariae
1225 247 1423 289 apostolicae
1462 248 1606 290 regulas,
1635 249 1733 282 etiam
1769 261 1828 293 per

1088 310 1146 332 nos
1185 304 1216 332 et
1253 310 1458 333 successores
1497 307 1626 334 nostros
1667 302 1828 336 Romanos

1088 352 1271 392 Pontifices,
1309 354 1404 386 etiam
1441 360 1528 387 motu
1562 355 1711 398 proprio,
1750 362 1826 394 etc.,

1087 405 1183 438 ctiam
1226 407 1516 447 consistorialiter,
1554 419 1590 441 ac
1627 419 1697 441 cum
1735 411 1826 443 datae

1086 459 1307 502 praesentium
1334 464 1488 503 expressa
1507 462 1685 502 mentione,
1712 473 1748 495 ac
1765 465 1826 496 sul)

1086 512 1347 557 quibuscumque
1373 514 1542 547 tenoribus
1561 520 1592 548 ct
1610 515 1731 555 formis,
1750 527 1827 549 nec-

1085 577 1150 599 non
1176 578 1249 599 cum
1275 568 1441 610 quibusvis
1467 569 1622 601 clausulis
1654 580 1713 612 pro
1748 575 1826 602 tem-

1085 629 1164 661 pore
1190 620 1283 653 sactis
1310 626 1342 654 et
1367 621 1544 660 concessis,
1573 623 1822 665 comprehendi,

1085 673 1140 704 sed
1166 683 1297 717 semper
1322 674 1362 706 ab
1389 675 1452 707 illis
1478 673 1643 718 excepta¹,
1677 686 1824 715 necnon,

1084 725 1214 768 quoties
1249 726 1498 760 illas‘revocari
1525 729 1572 760 vel
1606 728 1737 761 limitari
1772 734 1825 761 aut

1083 778 1241 820 suspendi
1277 789 1332 811 seu
1367 779 1412 811 eis
1444 779 1594 823 derogari
1630 781 1823 823 contigerit,

1083 831 1180 864 toties
1217 831 1248 863 in
1274 832 1447 875 pristinum
1479 838 1596 866 statum
1631 834 1726 867 etiam
1763 835 1822 867 sub

1082 883 1182 926 priori
1209 884 1282 918 data
1306 886 1484 926 restitutas,
1510 887 1670 930 repositas
1697 893 1727 920 et
1752 889 1822 930 ple-

1082 937 1170 971 narie
1196 938 1412 981 reintegratus
1438 945 1469 972 et
1503 941 1542 973 de
1575 951 1660 974 novo
1686 951 1822 974 conces-

1081 1000 1132 1023 sas
1159 1001 1231 1024 esse
1263 997 1291 1024 et
1319 993 1465 1033 censeri,
1503 993 1613 1036 sicque
1638 1004 1698 1036 per
1723 1005 1821 1037 quos-

1080 1053 1217 1087 cumque
1250 1045 1395 1086 iudiees,
1423 1052 1496 1086 etc.,
1525 1047 1621 1080 etiam
1650 1047 1682 1080 S.
1714 1047 1751 1080 R.
1782 1047 1816 1080 E.

1079 1097 1273 1140 cardinales,
1299 1098 1393 1132 ctiam
1412 1099 1450 1132 de
1469 1100 1570 1133 latere
1588 1101 1722 1142 legatos,
1742 1101 1819 1133 sub-

1078 1150 1161 1190 tata,
1189 1157 1264 1191 etc.,
1289 1152 1445 1193 iudicari,
1474 1159 1550 1194 etc.,
1577 1154 1717 1194 debere,
1745 1154 1817 1187 irri-

1078 1209 1219 1247 tumque,
1237 1211 1298 1238 etc.
1317 1205 1385 1238 Non
1410 1207 1559 1240 obstante
1577 1209 1692 1250 regula
1710 1211 1819 1241 nostra

1077 1257 1115 1289 tle
1141 1268 1207 1290 non
1234 1259 1381 1292 tollendo
1414 1259 1485 1292 iure
1519 1262 1678 1303 quaesito,
1705 1268 1818 1304 quate-

1076 1320 1136 1342 nus
1162 1321 1245 1353 opus
1275 1312 1327 1352 sit,
1366 1323 1493 1345 necnon
1528 1314 1817 1349 constitutionibus

1075 1369 1106 1397 et.
1131 1364 1393 1398 ordinationibus
1420 1367 1621 1409 apostolicis,
1644 1379 1681 1401 ac
1707 1369 1818 1402 colle-

1075 1417 1201 1460 giorum
1217 1423 1248 1450 et
1266 1418 1450 1452 officiorum
1466 1420 1653 1454 huiusmodi
1669 1432 1705 1455 ac
1721 1433 1816 1457 mon-

1075 1471 1154 1503 tium
1181 1472 1404 1505 erectionibus
1431 1478 1462 1506 et
1487 1473 1761 1517 institutionibus,
1788 1477 1814 1509 si

1073 1525 1104 1557 in
1134 1525 1246 1568 aliquo
1278 1526 1421 1567 obstent,
1456 1537 1635 1571 eorumque
1671 1530 1813 1571 statutis,

1071 1577 1266 1621 privilegiis,
1293 1578 1428 1612 indultis
1455 1585 1487 1613 et
1511 1580 1630 1614 litteris
1657 1583 1814 1626 apostoli-

1071 1631 1126 1671 cis,
1143 1631 1201 1664 sub
1228 1632 1489 1676 quilmscumque
1516 1634 1683 1667 tenoribus
1702 1642 1734 1669 et
1750 1636 1815 1669 sor-

1070 1685 1141 1726 mis,
1168 1696 1204 1719 ac
1229 1696 1301 1718 cum
1328 1686 1497 1730 quibusvis
1531 1688 1812 1732 derogatoriarum

1070 1738 1298 1781 derogatoriis,
1335 1740 1473 1784 aliisque
1506 1740 1744 1776 efficacioribus
1781 1748 1812 1776 et

1069 1792 1210 1825 insolitis
1236 1793 1400 1834 clausulis,
1428 1794 1525 1826 etiam
1549 1800 1638 1828 motu
1676 1796 1810 1839 proprio

1069 1851 1122 1878 aut
1143 1846 1416 1879 consistorialiter
1434 1847 1613 1888 concessis,
1634 1849 1749 1892 quibus
1776 1860 1810 1882 o-

1068 1898 1211 1938 mnibus,
1229 1904 1305 1940 etc.,
1320 1909 1435 1932 eorum
1450 1905 1589 1941 tenores,
1606 1906 1681 1942 etc.,
1700 1902 1811 1935 etiam-

1067 1951 1093 1983 si
1120 1952 1160 1984 de
1187 1952 1260 1993 iltis,
1287 1957 1364 1993 etc.,
1391 1952 1453 1985 hac
1477 1953 1546 1986 vice
1571 1954 1758 1997 specialiter
1778 1961 1809 1988 et

1067 2016 1218 2049 expresse
1238 2006 1454 2049 derogamus;
1475 2007 1659 2051 ceterisque
1679 2013 1809 2042 eontra-

1067 2059 1122 2091 riis
1141 2060 1413 2104 quibuscumque,
1429 2070 1501 2093 cum
1515 2061 1670 2094 clausulis
1687 2072 1808 2106 oppor-

1066 2114 1166 2147 tunis.
1195 2113 1265 2147 Fiat
1289 2120 1378 2147 motu
1404 2115 1539 2158 proprio
1565 2114 1597 2148 C.
1625 2115 1662 2148 Et
1677 2116 1715 2149 de
1735 2127 1806 2150 ere-

1064 2167 1184 2207 ctione,
1213 2168 1430 2208 institutionc,
1449 2169 1678 2212 applicatione,
1698 2170 1806 2213 singu-

1064 2221 1102 2253 lis
1128 2221 1281 2262 decretis,
1309 2221 1523 2264 derogatione
1549 2222 1686 2266 aliisque
1710 2235 1805 2267 prae-

1064 2275 1178 2314 missis,
1204 2280 1364 2318 utsupra,
1388 2274 1545 2308 latissime
1572 2277 1801 2318 extendendis;

1063 2334 1094 2362 et
1126 2329 1211 2372 quod
1245 2327 1429 2372 praesentis
1462 2330 1699 2373 motusproprii
1733 2331 1804 2364 sola

1061 2384 1227 2426 signatura
1252 2381 1394 2415 sufficiat
1420 2387 1451 2415 et
1477 2382 1601 2426 ubique
1633 2382 1731 2416 fidem
1761 2385 1803 2417 fa-

1061 2437 1125 2469 ciat
1157 2437 1187 2468 in
1222 2434 1342 2468 iudicio
1375 2441 1407 2468 et
1439 2440 1529 2468 extra
1565 2435 1659 2476 illud,
1687 2437 1801 2479 regula

1061 2489 1223 2522 contraria
1241 2498 1448 2532 quacumque
1469 2498 1534 2521 non
1556 2488 1716 2522 obstante.
1741 2489 1802 2521 Per

278 2540 452 2573 sitionibus
484 2550 542 2583 per
566 2551 785 2586 quascumque
817 2543 941 2578 litteras
967 2546 1016 2578 vel
1060 2547 1247 2587 praesentes
1268 2547 1376 2575 autem
1397 2552 1464 2575 non
1479 2541 1681 2575 intendimus
1701 2541 1799 2575 alicui

279 2591 531 2628 constitutiones
562 2595 759 2636 apostolicas
792 2606 851 2630 seu
887 2596 1015 2633 Cancel-

348 2655 428 2686 Buce.
448 2656 532 2687 Rom.
554 2673 585 2678 -
610 2656 670 2687 Vol.
690 2657 765 2686 XXI.
909 2659 943 2688 33

1095 2606 1108 2634 1
1129 2603 1200 2633 Edit.
1221 2603 1301 2634 Maia.
1323 2603 1390 2641 tegit
1409 2604 1535 2640 exceptis
1554 2603 1595 2639 (a.
1611 2602 1660 2637 T.).

1731 193 1793 225 C257
1841 203 1887 227 An.
1910 202 1936 226 c.
1958 201 2023 228 ¹706
