2269 3203
92 222 142 250 An.
164 222 194 249 C.
214 221 280 249 1708
908 218 1051 243 CLEuENs
1077 218 1107 241 xi
1132 219 1181 242 rr.

287 269 397 300 Decretum
419 269 508 310 capituli
528 269 634 310 generalis
655 273 739 308 patrum
760 267 876 297 Doctrinae
893 266 1029 296 Christianae
1072 267 1156 300 serie
1178 266 1386 300 absolventes
1405 271 1436 299 ct
1452 266 1638 299 ahsolutum
1653 266 1720 299 sore
1742 277 1815 299 cen-

453 318 541 348 Parisiis
561 317 664 348 celebrati
683 327 738 346 anno
760 326 868 346 nocer.

1072 325 1196 361 sentes,
1210 318 1506 364 supplicationibus
1526 319 1594 352 eius
1610 319 1741 352 nomine
1760 330 1816 352 no-

326 383 421 412 Sessio
444 392 526 411 xvrn.
551 396 560 407 a
589 382 665 416 Quia
687 381 762 410 alter
783 381 955 419 procurator
977 388 1027 416 ge·
1071 372 1121 405 bis
1143 383 1241 416 super
1267 373 1331 405 hoe
1352 371 1520 405 humiliter
1541 371 1701 414 porrectis
1723 372 1816 404 incli-

287 431 395 460 neralis
418 431 465 460 vel
488 434 611 467 uterque
633 430 720 458 simul
743 430 865 467 possunt
887 428 990 456 abesse
1013 437 1030 454 a

287 481 360 517 loeo,
390 480 439 508 ubi
465 479 666 508 definitorium
700 479 784 513 desit,
817 478 916 514 sieque
946 485 1028 504 suam

285 529 404 567 privare
438 529 620 567 provinciam
652 527 794 565 suffragio
825 527 880 564 ipsi
914 526 1029 561 dcbito3

285 580 429 606 statutum
452 580 505 613 est,
528 577 616 615 quod,
639 579 672 605 ut
693 577 770 604 iusta
791 575 958 604 stabiliatur
979 583 1028 602 ae-

286 627 415 663 qualitas
437 627 521 655 iuxta
542 627 572 654 id
589 625 666 663 quod
685 625 834 653 decretum
853 624 908 652 fuit
932 623 962 651 in
978 632 1030 650 no-

286 675 405 704 vissimo
428 674 562 712 generali
584 674 723 712 capitulo,
741 673 870 701 sessione
887 681 982 707 xxxn,
999 671 1028 699 in

286 733 386 752 eorum
410 724 474 752 loco
501 723 650 761 eligentur
684 722 858 751 definitores
887 720 1029 757 adiuncti,

285 773 335 810 qui
359 782 429 801 voce
450 773 587 800 fruantur
615 771 793 807 consultivft,
821 770 879 798 illis
901 770 1028 798 absenti-

285 822 348 857 bus,
367 824 395 850 et
414 830 473 850 non
489 821 585 855 aliter,
601 820 696 848 donec
712 829 729 847 a
744 819 853 848 Sancta
869 818 944 846 Sede
959 818 1029 855 ipsis

285 873 315 899 et
335 869 531 898 deliberativa
552 869 735 905 obtineatur,
759 870 821 896 tum
840 868 869 895 iu
891 867 1027 895 definito-

286 919 338 955 rio,
361 921 424 947 tum
453 918 484 946 in
516 917 646 955 capitulo
679 916 824 955 generali,
859 925 926 944 cum
958 915 1029 944 dicti

285 969 491 1004 procuratores
512 965 667 1003 generales
689 965 760 1003 ipsis
781 964 884 993 adesse
901 973 961 992 non
976 972 1027 1001 po-

286 1018 404 1044 terunt:
427 1015 465 1044 ad
488 1024 589 1044 eorum
611 1017 710 1043 autem
733 1013 908 1042 electionem
931 1012 1028 1049 requi-

286 1067 367 1093 retur
388 1064 492 1092 eadem
514 1066 544 1092 et
565 1063 670 1092 aetatis
700 1065 728 1091 et
756 1061 944 1099 professionis
976 1070 1027 1089 an-

286 1113 407 1150 tiquitas
429 1122 504 1150 quae
525 1112 563 1140 ad
585 1112 710 1140 aliorum
733 1111 904 1140 officialium
936 1109 1027 1138 maio-

287 1171 372 1198 rum3
407 1163 487 1190 loeus
523 1170 624 1190 eorum
646 1161 703 1189 erit
737 1162 803 1198 post
836 1159 1028 1188 secretarium

287 1211 475 1248 generalemj,
498 1210 576 1247 quod
598 1210 620 1238 si
652 1210 698 1238 vel
729 1211 825 1237 morte
857 1209 1028 1246 praeventi,

288 1260 332 1287 vel
354 1260 413 1287 alia
445 1268 628 1296 quacumque
650 1259 765 1287 ratione
796 1257 946 1293 deficiant,
979 1266 1028 1285 eo-

286 1317 351 1336 rum
373 1308 471 1336 officio
503 1307 707 1345 providebitur
728 1316 762 1335 eo
786 1306 873 1334 modo
907 1315 963 1342 quo
986 1305 1028 1333 of-

286 1356 355 1385 ficia
375 1357 502 1384 aliorum
524 1356 694 1384 officialium
716 1355 861 1383 maiorum
888 1365 915 1382 n:

168 1426 278 1446 nent-ium
329 1414 419 1443 Sacra
445 1414 646 1452 Oongregatio
675 1413 974 1442 eminentissimorum
1001 1414 1031 1440 et

94 1452 602 1499 ffif⁰¹¹⁸f⁹³²¹¹¹⁰¹reverendissimorum
620 1463 648 1491 S.
664 1462 698 1496 R,
714 1462 747 1490 E.
764 1461 959 1490 cardinalium
978 1470 1028 1489 ne-

288 1512 378 1549 gotiis
396 1515 424 1540 et
441 1511 704 1540 consultationibus
719 1510 922 1548 episcoporum
938 1511 967 1537 et
985 1518 1029 1537 re-

288 1561 435 1598 gularium
451 1560 628 1598 praeposita,
644 1559 776 1597 partibus
787 1559 857 1596 ipsis
869 1558 1030 1587 informan-

288 1611 374 1647 tibus,
396 1610 542 1639 referente
564 1609 795 1638 eminentissimo
815 1609 843 1637 S.
862 1608 1031 1644 Clementis,

288 1659 441 1697 respondit
462 1659 640 1687 affirmative
662 1659 700 1687 ad
722 1661 886 1695 utrumque.
919 1658 1031 1686 Romae

289 1717 365 1737 xxm
377 1707 550 1746 septembris
561 1717 679 1736 »rnecvn
689 1724 722 1727 —
734 1707 767 1735 G.
783 1706 939 1735 cardinalis
955 1706 1032 1735 CAR-

290 1766 392 1786 rrxsus
407 1772 446 1777 —
461 1757 494 1785 F.
510 1756 747 1794 archiepiscopus
763 1755 912 1784 Nieaenus
928 1758 1031 1783 secret.

145 1832 280 1854 &mammio
335 1815 350 1858 ἓ,
374 1814 405 1847 ⁶2.
433 1814 510 1848 Cum
535 1819 654 1854 autem,
681 1813 764 1846 sicut
788 1812 927 1845 dilectus
948 1811 1032 1845 filius

97 1861 263 1883 '‘¹²¹¹d”“⁵'⁵·
290 1868 466 1902 modernus
491 1873 685 1912 procurator
711 1865 872 1909 generalis
907 1865 1033 1909 praesa-

293 1929 341 1956 tae
357 1921 625 1965 Congregationis
640 1920 812 1954 Doctrinae
830 1919 1032 1953 Christianae

291 1975 386 2009 nobis
410 1975 548 2008 subinde
572 1973 690 2018 exponi
714 1974 799 2012 feeit,
828 1973 896 2016 ipse
923 1972 1034 2005 decre-

293 2035 358 2062 tum
390 2029 597 2069 huiusmodi,
625 2039 690 2073 quo
716 2027 837 2060 firmius
871 2027 1032 2066 subsistat,

291 2083 487 2126 apostolieae
507 2081 761 2115 confirmationis
780 2086 907 2114 nostrae
928 2084 1035 2124 patro-

292 2136 377 2170 cinio
414 2135 606 2170 communiri
648 2135 820 2180 plurimum
861 2134 1034 2167 desideret:

293 2199 363 2229 nos,
380 2189 485 2233 ipsum
499 2192 744 2233 procuratorem
763 2187 947 2230 generalem
963 2197 1035 2230 spe-

294 2242 429 2276 cialibus
451 2243 614 2276 favoribus
632 2248 663 2276 et
680 2242 791 2285 gratiis
812 2241 969 2285 prosequi
988 2251 1035 2273 vo-

293 2296 408 2337 lentes,
422 2302 453 2329 et
467 2307 484 2329 a
498 2296 665 2339 quibusvis
680 2294 1035 2334 excommunicationis,

295 2349 519 2393 suspensionis
544 2355 575 2383 et
607 2349 795 2388 interdicti,
823 2348 958 2391 aliisque
985 2358 1036 2380 ec-

295 2403 486 2436 clesiasticis
505 2402 683 2443 sententiis,
702 2402 848 2435 censuris
861 2407 893 2434 et
909 2402 1035 2445 poenis,

296 2465 313 2487 a
333 2455 403 2488 iure
425 2457 475 2489 vel
502 2457 541 2489 ab
560 2455 702 2495 homine,
727 2455 840 2499 quavis
863 2454 1035 2488 occasione

295 2509 344 2540 vel
370 2510 465 2540 causa
490 2509 573 2549 latis,
599 2509 759 2553 siquibus
785 2509 1037 2551 quomodolibet

297 2561 472 2594 innodatus
497 2561 628 2602 existit,
653 2563 692 2595 ad
711 2562 861 2595 effectum
887 2571 1036 2605 praesen-

298 2615 378 2649 tium
408 2615 572 2648 dumtaxat
609 2616 895 2659 consecpienduin,
922 2615 1036 2647 barum

1073 426 1149 467 nati,
1166 427 1336 459 decretum
1354 425 1606 468 praeinsertum,
1622 425 1815 458 auctoritate

1072 479 1262 522 apostoliea,
1275 484 1389 512 tenore
1404 479 1638 522 praesentium,
1649 477 1817 510 confirma-

1072 543 1142 565 mus
1167 538 1200 566 et
1224 533 1456 576 approbamus,
1481 532 1595 575 illique
1620 531 1817 565 inviolabilis

1073 586 1273 629 apostolicae
1304 585 1467 618 firmitatis
1493 585 1595 618 robur
1620 585 1815 624 adiicimus;

1073 640 1160 672 salva
1188 644 1293 671 tamen
1328 648 1461 682 semper
1485 637 1516 670 in
1549 637 1737 681 praemissis
1763 648 1817 670 au-

1073 692 1224 724 ctoritate
1243 691 1408 734 praefatae
1427 691 1695 734 Congregationis
1717 691 1817 724 cardi-

1073 746 1206 778 nalium.
1226 745 1458 785 Decernentcs,
1480 745 1609 778 casdem
1628 750 1818 788 praesentes

1073 798 1197 831 litteras
1223 809 1355 841 semper
1376 797 1495 837 lirinus,
1513 797 1634 830 validas
1660 802 1691 830 ct
1716 797 1817 830 estlea-

1073 862 1127 885 ces
1154 852 1294 885 existere
1321 857 1354 884 et
1377 851 1460 893 sore,
1480 862 1622 894 suosque
1648 851 1815 894 plenarios

1073 912 1105 938 et
1130 905 1275 948 integros
1302 905 1434 939 etl'cctus
1464 905 1571 938 sortiri
1594 910 1626 938 et
1651 905 1814 945 obtinere,

1073 970 1110 993 ac
1141 959 1227 999 illis,
1258 960 1297 992 ad
1331 969 1413 1002 quos
1440 964 1566 1002 spectat
1592 964 1624 991 et
1659 957 1818 1001 spectabit

1073 1013 1106 1045 in
1132 1012 1289 1053 futurum,
1315 1011 1505 1055 plenissime
1531 1010 1699 1053 suflragari
1721 1016 1752 1043 et
1778 1011 1816 1043 ab

1074 1065 1120 1098 eis
1146 1065 1328 1109 respective
1369 1064 1602 1097 inviolabiliter
1626 1064 1816 1104 observari,

1073 1119 1184 1162 sicque
1221 1119 1254 1151 in
1284 1119 1472 1162 praemissis
1508 1128 1567 1161 per
1594 1128 1817 1161 quoscumque

1074 1172 1199 1205 iudices
1225 1172 1409 1205 ordinarios
1441 1177 1473 1204 et
1504 1172 1688 1214 delegatOS,
1721 1170 1817 1203 etiam

1074 1236 1243 1258 causarum
1278 1225 1390 1269 palatii
1416 1224 1587 1268 apostolici
1624 1224 1787 1256 auditores
1808 1251 1815 1263 ,

1075 1278 1209 1311 iudicari
1240 1283 1270 1311 et
1296 1278 1426 1311 definiri
1463 1278 1598 1317 debere,
1626 1287 1661 1309 ac
1690 1277 1818 1309 irritum

1076 1337 1107 1365 et
1125 1332 1220 1365 inane
1247 1331 1271 1364 si
1290 1342 1383 1365 secus
1402 1342 1502 1375 super
1527 1331 1578 1363 his
1598 1342 1615 1363 a
1640 1341 1816 1374 quoquam,

1074 1387 1185 1429 quavis
1221 1386 1428 1425 auctoritate,
1464 1385 1607 1418 scienter
1638 1385 1687 1418 vel
1724 1384 1818 1427 igno-

1075 1444 1197 1479 ranter,
1219 1439 1397 1481 contigerit
1417 1438 1582 1471 attentari.

1118 1492 1132 1536 ἓ
1158 1491 1189 1526 3.
1216 1492 1286 1525 Non
1313 1492 1519 1525 obstantibus
1544 1491 1733 1535 praemissis
1749 1518 1756 1532 ‚
1782 1501 1818 1523 ac

1073 1545 1365 1578 constitutionibus
1392 1551 1422 1578 et
1447 1545 1711 1578 ordinationibus
1743 1554 1819 1588 apo-

1074 1599 1206 1639 stolicis,
1226 1610 1363 1640 necnon,
1382 1603 1543 1642 quatenus
1569 1610 1649 1642 opus
1672 1599 1722 1638 sit,
1741 1598 1820 1632 Con-

1075 1653 1276 1695 gregationis
1294 1653 1466 1686 Doctrinae
1485 1652 1690 1685 Christianae
1711 1651 1820 1684 liuius-

1075 1706 1175 1747 modi,
1210 1706 1350 1749 aliisque
1385 1706 1573 1749 quibusvis,
1605 1705 1702 1738 etiam
1735 1705 1821 1738 iura-

1075 1765 1197 1799 mento,
1240 1759 1487 1792 confirmatione
1529 1758 1725 1802 apostolica,
1770 1759 1819 1791 vel

1076 1813 1187 1857 quavis
1213 1812 1365 1845 firmitate
1392 1812 1454 1845 alia
1485 1812 1656 1852 roboratis,
1692 1811 1819 1844 statutis

1077 1871 1108 1899 et
1133 1865 1442 1905 consuetudinibus,
1470 1864 1651 1908 privilegiis
1677 1875 1820 1908 quoque,

1077 1919 1210 1952 indultis
1236 1924 1268 1952 et
1292 1918 1413 1952 litteris
1439 1918 1623 1962 apostolicis
1642 1918 1673 1950 in
1695 1923 1822 1950 contra-

1078 1973 1160 2006 rium
1187 1972 1443 2016 praemissorum
1469 1971 1717 2014 quomodolibet
1746 1982 1821 2004 con-

1078 2027 1193 2066 cessis,
1224 2025 1424 2058 confirmatis
1443 2030 1475 2057 et
1495 2024 1675 2065 innovatis,
1704 2024 1821 2068 quibus

1079 2079 1230 2112 omnibus
1267 2084 1299 2111 et
1335 2077 1488 2120 singulis,
1522 2078 1653 2110 illorum
1691 2083 1821 2110 tenores

1079 2131 1307 2175 praesentibus
1340 2141 1400 2175 pro
1426 2132 1523 2174 plene
1558 2136 1590 2163 et
1619 2130 1822 2163 sufficienter

1080 2185 1240 2229 expressis
1257 2196 1293 2218 ae
1316 2185 1353 2217 ad
1372 2185 1507 2217 verbum
1532 2184 1666 2217 insertis
1694 2184 1821 2216 haben-

1081 2246 1139 2279 tes,
1157 2239 1221 2272 illis
1235 2239 1314 2272 alias
1331 2239 1363 2270 in
1377 2249 1435 2270 suo
1450 2238 1568 2270 robore
1585 2237 1819 2280 permansuris,

1079 2293 1118 2325 ad
1134 2291 1389 2336 praemissorum
1404 2290 1563 2331 etl'ectum,
1579 2291 1638 2323 liae
1653 2291 1720 2324 vice
1735 2291 1822 2323 dum-

1081 2351 1177 2387 taxat,
1193 2345 1379 2389 specialiter
1393 2350 1424 2378 et
1438 2355 1589 2388 expresse
1605 2345 1799 2387 derogamus
1812 2354 1818 2383 ;

1080 2399 1261 2442 ceterisque
1277 2398 1448 2432 contrariis
1463 2398 1738 2442 quibuscumque.

1123 2452 1238 2485 Datum
1264 2452 1396 2490 Romae,
1425 2452 1511 2494 apud
1539 2450 1570 2484 S.
1595 2451 1735 2491 Petrum,
1762 2450 1821 2482 sub

1080 2507 1200 2539 annulo
1212 2506 1397 2545 piscatoris,
1409 2504 1652 2538 diexxwmartii
1664 2513 1822 2542 MDCCVHI,

1080 2558 1289 2603 pontificatus
1310 2558 1413 2591 nostri
1432 2568 1518 2590 anno
1538 2568 1604 2590 viii.

1118 2621 1175 2649 Dat.
1200 2621 1244 2649 die
1266 2622 1298 2648 024
1321 2621 1408 2648 martii
1432 2620 1510 2652 1708,
1534 2619 1630 2654 pontif.
1655 2626 1726 2646 anuo
1748 2624 1801 2645 vm.

1716 209 1780 242 53117
1828 218 1879 244 An.
1896 217 1923 244 c.
1942 217 2009 244 ¹708

1898 1497 2014 1523 Derogatio

1829 1526 1992 1545 conti-amium.
