2269 3203
93 228 145 256 An.
167 227 195 255 C.
214 227 281 255 1704

120 1424 217 1444 aufertur
231 1424 278 1444 Ale·

92 1451 166 1472 xaudri
189 1451 224 1472 vn
242 1451 278 1471 de-

93 1480 172 1498 cretum
181 1478 207 1497 dn
217 1484 278 1503 prae-

92 1504 277 1528 dictarejdustda

92 1531 177 1551 novitiis
196 1534 216 1552 et
231 1537 277 1557 pro-

93 1558 161 1580 souis.
176 1557 210 1578 die
226 1564 231 1578 1
248 1559 276 1579 ia—

93 1584 161 1604 nuarii
185 1590 277 1606 uncum

94 1611 180 1632 editum.

921 226 1063 253 CLEMENS
1087 226 1122 253 xl
1145 228 1195 253 PP.

291 278 423 309 conversi
441 278 494 308 0110
520 287 590 308 5000
612 276 763 308 nell'anno
786 276 860 308 della
885 277 1032 317 probazio-

291 336 342 364 ne;
367 336 382 357 e
408 328 515 367 perche
534 331 613 358 tanto
630 327 637 356 i
654 327 787 357 conversi
806 327 902 357 novizi
925 331 1034 366 quanto

291 375 298 405 i
322 377 457 406 conversi
481 376 614 416 professi,
635 376 687 406 che
709 376 737 405 in
753 376 890 405 avvcnire
913 376 936 405 si
960 376 1031 405 rice·

291 434 432 461 veranno,
448 426 553 463 meglio
572 425 595 455 si
612 425 801 463 distinguano
824 425 1031 462 da'sacerdoti,

290 474 327 502 00
349 473 387 512 gli
411 474 461 504 1101
485 475 521 503 ne
543 474 581 512 gli
615 474 681 503 altri
716 483 840 513 possano
875 477 991 512 portare
1014 473 1033 502 il

290 523 399 553 collare
423 524 497 553 fuori
522 523 597 553 della
620 523 738 562 goletta,
760 533 806 553 ma
822 523 937 560 dentro,
954 523 990 553 ne
1007 523 1032 552 la

291 576 394 602 tonaca
418 573 520 609 talare,
555 582 600 602 ma
634 577 713 603 corta
736 583 775 603 un
800 573 907 613 palmO,
931 573 994 603 cioe
1017 582 1032 602 a

291 630 384 651 mezza
407 622 523 660 gamba,
540 632 555 652 e
578 621 655 651 dallo
678 626 753 652 stato
776 632 791 652 0
814 622 891 652 abito
913 622 942 652 di
965 632 1033 651 con-

290 680 373 700 verso
396 680 453 701 non
477 680 601 710 possano
625 680 742 710 passure
765 682 779 701 a
803 671 900 710 quello
927 670 955 700 di
986 680 1034 700 co-

289 720 372 758 rista,
398 729 455 749 non
489 720 550 750 solo
582 720 699 759 quando
732 730 803 750 sono
828 719 962 759 professi,
987 729 1031 749 ma

289 769 326 798 ne
348 768 441 798 anche
463 769 580 808 quando
602 778 674 799 50110
696 769 813 805 novizi·⁷
849 778 863 798 e
896 778 927 798 se
950 777 1034 798 acca-

289 818 357 848 dera
380 818 433 849 che
456 819 541 849 alcun
564 819 677 849 novizio
693 819 740 849 nel
759 822 854 858 tempo
877 818 1032 857 (101101110-

289 866 415 897 fessione
438 867 513 897 fosse
536 867 667 897 ritiutato
690 868 723 898 da
747 867 870 907 qualche
887 872 1033 897 monaste-

288 926 332 955 ro,
356 926 414 947 non
438 927 520 957 possa
545 926 625 948 esser
656 927 800 948 ammesso
834 917 889 947 alla
923 917 1032 956 profes-

288 966 369 997 sione
392 966 421 997 in
445 967 531 997 alcun
555 968 629 997 altro
652 968 681 998 di
704 972 801 997 nostra
825 966 1032 1006 Congrcgazio-

288 1024 336 1054 nc,
360 1026 390 1046 se
413 1017 460 1055 gia
492 1017 536 1046 col
571 1022 669 1056 tempo
702 1027 759 1047 non
794 1016 949 1047 deveniSse
983 1016 1032 1055 piii

288 1064 365 1095 abile
386 1065 421 1095 ad
445 1075 526 1096 esser
548 1066 692 1096 ricevuto.

328 1113 350 1143 E
372 1123 424 1154 per
446 1114 577 1154 maggior
592 1115 768 1145 documento
784 1115 811 1145 di
829 1119 939 1154 quanto
956 1114 1030 1144 nella

289 1167 423 1201 presente
447 1163 568 1193 materia
595 1163 749 1193 de’novizt
777 1163 811 1193 da
835 1163 882 1193 noi
907 1163 1033 1202 praticar

288 1212 313 1241 si
336 1212 418 1249 deve,
442 1212 579 1242 abbiamo
602 1213 719 1242 stimato
742 1213 832 1242 molto
865 1217 1031 1252 opportuno

287 1260 307 1290 il
332 1265 437 1291 metter
459 1262 508 1301 (101
530 1271 581 1301 per
603 1266 745 1291 eni-tensum
775 1261 794 1292 il
819 1262 960 1301 precitato
983 1261 1031 1291 de-

287 1315 367 1341 creto
389 1311 416 1340 di
440 1310 517 1351 Papa
541 1310 718 1341 Alessandro
735 1310 794 1347 VII,
820 1312 889 1341 t'atto
913 1311 941 1340 in
967 1320 1032 1350 par-

288 1359 409 1390 ticulare
429 1369 481 1399 per
504 1360 528 1389 la
552 1364 651 1390 nostra
671 1360 925 1399 Congregazione:

331 1418 345 1437 «
368 1409 410 1439 Ad
434 1409 651 1449 propagandam
674 1409 703 1439 in
720 1409 950 1448 Congregatione
965 1408 1031 1438 Yal-

288 1457 482 1488 lisuinbrosae
512 1459 722 1489 monachorum
754 1458 783 1489 S.
808 1458 924 1489 Ioannis
947 1458 1033 1489 Gual-

289 1506 363 1538 berti
396 1506 515 1538 Ordinis
548 1508 641 1538 sancti
677 1508 828 1538 Benedicti
866 1507 1031 1546 regularem

289 1556 516 1595 observantiam,
541 1566 615 1596 quae
645 1557 821 1587 novitiorum
852 1557 1031 1587 institutioni

288 1610 317 1637 et
331 1606 498 1637 educationi
516 1607 672 1646 praecipue
688 1607 838 1644 innititur,
862 1615 945 1636 sacra
961 1606 1032 1637 Con-

288 1655 418 1694 gregatio
439 1655 578 1695 deputata
611 1665 699 1695 super
733 1660 810 1686 statu
838 1655 1030 1693 regularium,

288 1704 325 1734 de
349 1704 484 1734 mandato
506 1704 685 1734 sanctissimi
708 1704 818 1734 domini
841 1704 933 1734 nostri
966 1704 1033 1734 Ale-

288 1753 390 1783 xandri
412 1753 507 1793 Papae
530 1753 590 1790 Vll,
615 1754 776 1793 praesentis
799 1753 909 1784 decreti
933 1754 1032 1792 vigore

287 1802 422 1841 designat
444 1807 471 1833 et
494 1803 615 1842 deputat
637 1803 666 1833 in
690 1802 836 1842 praedicta
866 1802 1032 1841 Congrega-

288 1852 366 1882 tione
381 1851 628 1882 Vallisumbrosae
652 1862 703 1892 pro
726 1852 868 1883 novitiatu
886 1857 1031 1883 monaste-

287 1901 365 1932 rium
396 1901 426 1932 S.
451 1900 557 1931 Mariae
585 1901 833 1932 vallisumbrosae
868 1902 1030 1932 Fesulanae

288 1950 450 1989 dioecesis,
480 1960 595 1981 necnon
629 1951 838 1981 monasterium
861 1950 911 1981 SS.
935 1951 1032 1981 Trini-

288 1999 356 2029 tatis
386 1999 574 2036 Florentiae,
608 2004 635 2030 et
658 2009 710 2039 pro
743 2000 921 2039 professorio
954 1999 1029 2030 idem

288 2049 499 2079 monasterium
525 2048 554 2079 S.
586 2048 692 2078 Mariae
715 2047 974 2078 Vallisumbrosae.
999 2047 1029 2078 ln

288 2096 420 2136 quolibet
442 2102 538 2127 autem
557 2106 589 2127 ex
613 2097 699 2127 dictis
716 2097 913 2134 monasteriis,
930 2096 1030 2127 eadem

287 2155 370 2176 sacra
392 2145 583 2185 Congregatio
606 2146 775 2185 impertitur
797 2145 958 2182 licentiam,
978 2146 1031 2175 hac

288 2194 351 2224 vice
373 2198 498 2231 tantum,
523 2194 684 2234 recipiendi
707 2194 807 2224 decem
831 2194 954 2224 clericos
980 2204 1030 2225 seu

288 2242 443 2281 choristas,
466 2243 535 2273 dum
555 2248 652 2274 tamen
675 2243 745 2274 haec
769 2253 843 2283 quae
866 2248 1032 2282 sequuntur

289 2291 427 2322 inviolate
459 2291 675 2323 observentur:
706 2292 836 2322 Primum
871 2292 1029 2329 iudicatur,

290 2344 322 2370 ut
349 2340 380 2370 in
403 2341 526 2380 singulis
548 2341 643 2371 dictae
664 2341 904 2380 Congregationis
927 2341 1032 2372 Vallis-

290 2387 444 2420 umbrosae
477 2391 664 2420 monasteriis
702 2389 868 2430 publicetur
900 2389 1030 2420 futurum

292 2445 411 2468 examen
435 2448 535 2469 eorum
562 2439 612 2479 qui
635 2439 670 2469 ad
694 2439 826 2470 habitum
850 2437 1030 2478 probationis

292 2486 384 2525 recipi
414 2488 649 2526 postulaverint,
673 2497 832 2528 omnesque
862 2488 898 2518 ab
927 2487 1030 2518 abbate

292 2534 434 2571 generali,
467 2536 580 2567 duobus
602 2537 815 2574 visitatoribus,
850 2546 965 2568 necnon
995 2537 1030 2567 ab

292 2581 445 2613 abbatibus
466 2584 589 2625 Ripolis,
612 2585 661 2616 SS.
678 2586 832 2617 Trinitatis
854 2591 882 2617 et
905 2586 935 2617 S.
955 2586 1031 2616 Pan-

292 2632 375 2662 cratii
397 2631 552 2672 diligenter
574 2635 778 2667 examinentur
801 2646 837 2666 an
856 2640 958 2676 sponte
982 2636 1030 2666 tir-

1079 287 1183 318 1001100
1207 278 1357 318 proposito
1380 281 1408 308 et
1431 278 1506 308 bono
1529 278 1590 309 zelo
1613 278 1743 310 melioris
1763 279 1823 310 sru-

1078 328 1122 365 gis
1138 331 1166 357 ct
1183 327 1368 366 perfectioris
1384 327 1460 358 vitae
1482 337 1512 357 se
1529 327 1586 357 Deo
1601 327 1701 357 dicare
1718 329 1820 367 velint,

1078 386 1113 405 an
1140 377 1237 416 potius
1260 377 1377 406 levitate
1402 377 1445 406 vel
1470 377 1646 407 necessitate
1673 381 1722 407 aut
1745 377 1823 407 inor-

1077 426 1176 456 dinato
1199 426 1256 456 alio
1280 426 1336 456 sine
1359 426 1415 455 acti
1439 426 1587 465 postulent
1610 426 1742 462 admitti;
1767 435 1821 457 nec

1078 474 1205 514 cuipiam
1229 475 1323 504 facilis
1347 475 1493 505 tribuatur
1509 475 1672 513 ingressus,
1690 475 1739 505 sed
1755 483 1822 514 pro-

1078 524 1185 553 bentur
1207 524 1338 563 spiritus,
1363 524 1386 553 si
1409 534 1444 554 ex
1466 524 1523 554 Deo
1546 529 1626 560 sunt,
1650 528 1678 554 01
1706 524 1740 554 ad
1770 534 1822 554 un-

1077 583 1162 612 guem
1186 578 1344 604 serventur
1366 583 1397 603 ea
1421 583 1494 613 quae
1524 578 1641 604 sanctus
1664 579 1747 613 pater
1769 573 1822 604 Be-

1078 620 1211 650 nedictus
1245 620 1422 659 praescribit
1455 620 1485 650 in
1519 620 1633 659 regula,
1665 630 1728 661 cap.
1753 629 1821 650 Lvnr

1077 670 1116 699 De
1138 670 1288 709 disciplina
1310 670 1546 709 snscipt'etnlormn
1568 672 1700 709 fratrum,
1734 669 1822 699 sedu-

1078 716 1162 756 loque
1193 717 1356 756 inquirant,
1380 726 1415 746 an
1439 716 1498 746 sint
1521 721 1617 746 mente
1645 721 1674 747 et
1696 725 1821 756 corpore

1077 763 1152 800 sani,
1187 773 1221 793 ex
1255 763 1385 802 legitimo
1419 764 1609 794 matrimonio
1638 768 1667 794 et
1690 763 1821 793 honestis

1078 813 1248 853 parentibus
1271 814 1342 851 nati,
1367 813 1535 843 conditione
1558 812 1655 851 liberi,
1673 817 1703 847 et¹
1722 812 1752 842 in
1775 821 1822 842 ae-

1077 867 1133 893 tate
1156 863 1289 901 legitima
1311 862 1475 897 constituti,
1493 867 1525 893 ut
1547 862 1649 892 saltem
1673 861 1820 892 decimum

1076 909 1213 949 quintum
1236 919 1345 939 annum
1368 909 1561 949 expleverint,
1592 909 1821 948 grammaticali-

1076 958 1130 989 bus
1152 959 1327 989 rudimentis
1351 959 1501 997 instructi,
1536 968 1593 989 non
1617 959 1821 989 excommuni-

1076 1009 1145 1047 cati,
1179 1018 1236 1039 non
1270 1008 1392 1039 alterius
1414 1008 1656 1048 Congregationis
1684 1008 1818 1048 professi,

1077 1058 1157 1088 nulla
1190 1059 1302 1097 vulgari
1332 1059 1451 1088 infamia
1486 1058 1646 1096 maculati,
1671 1059 1706 1088 de
1739 1058 1820 1088 nullo

1077 1118 1176 1138 errore
1208 1109 1348 1147 suspecti,
1383 1118 1439 1138 non
1474 1108 1637 1144 criminosi,
1662 1118 1720 1138 non
1752 1117 1819 1138 aere
1857 1116 1861 1121 ·

1076 1157 1171 1188 alieno
1194 1157 1318 1196 gravati,
1336 1157 1379 1187 vel
1397 1157 1563 1188 reddendae
1579 1157 1704 1187 alicuius
1727 1156 1819 1187 admi-

1077 1207 1261 1238 nistrationis
1291 1207 1398 1237 rationi
1421 1207 1563 1243 obnoxii,
1588 1211 1615 1237 et
1637 1207 1816 1244 summatim,

1077 1257 1239 1296 recipiendi
1263 1266 1364 1287 omnes
1393 1266 1442 1286 eas
1472 1256 1656 1286 conditiones
1679 1255 1817 1294 habeant,

1077 1315 1150 1344 quae
1174 1306 1203 1335 in
1226 1306 1318 1335 sacris
1340 1305 1514 1342 canonibus,
1531 1306 1719 1335 Snmmorum
1746 1305 1820 1335 Pon-

1077 1354 1187 1385 tificum
1202 1354 1460 1384 constitutionibus
1477 1359 1505 1384 et
1527 1354 1665 1392 decretis,
1685 1362 1818 1393 praeser-

1077 1404 1127 1433 tim
1151 1409 1267 1433 sanctae
1285 1404 1444 1433 memoriae
1459 1403 1617 1434 Clementis
1632 1403 1726 1443 Papae
1742 1402 1816 1440 vni,

1076 1457 1104 1482 et
1125 1454 1154 1483 in
1179 1453 1278 1492 regula
1296 1452 1550 1493 praescribuntur.
1568 1452 1817 1492 Recipiendorum

1076 1506 1171 1533 autem
1205 1502 1360 1542 qualitates
1393 1511 1444 1542 per
1480 1501 1696 1540 fidedignorum
1724 1500 1819 1531 homi-

1076 1562 1146 1582 num
1174 1552 1373 1582 testimonium
1405 1551 1575 1592 probentur,
1599 1556 1754 1591 antequam
1782 1550 1818 1580 ad

1076 1601 1208 1632 habitum
1225 1601 1430 1638 admittantur3
1449 1605 1477 1631 et
1493 1601 1590 1631 idonei
1606 1600 1726 1640 reperti,
1743 1601 1817 1631 infra

1076 1659 1231 1680 numerum
1262 1655 1293 1680 ut
1322 1659 1410 1690 supra
1441 1659 1625 1687 concessum,
1655 1650 1691 1680 ab
1713 1649 1817 1680 iisdem

1075 1700 1178 1730 abbate
1201 1700 1343 1739 generali,
1363 1698 1477 1729 duobus
1493 1698 1695 1729 visitatoribus
1717 1703 1746 1729 et
1769 1699 1818 1729 tri-

1075 1749 1130 1779 bus
1152 1749 1381 1789 praenominatis
1403 1748 1558 1779 abbatibus
1587 1748 1816 1788 praeeligentur,

1075 1804 1103 1829 et
1133 1808 1184 1838 per
1217 1803 1281 1828 vota
1313 1802 1425 1828 secreta
1460 1797 1682 1838 approbentur3
1716 1798 1817 1838 sicque

1074 1847 1239 1888 approbati,
1263 1849 1319 1877 una
1344 1857 1410 1877 cum
1443 1847 1549 1877 litteris
1571 1846 1818 1877 testimonialibus

1074 1896 1294 1937 approbationis
1317 1906 1405 1926 manu
1421 1896 1541 1936 propria
1559 1895 1728 1926 eorumdem
1752 1905 1817 1926 exa-

1075 1947 1251 1976 minatorum
1277 1945 1451 1984 subscriptis
1473 1955 1506 1975 ac
1529 1945 1693 1975 iuramento
1716 1945 1817 1976 firma-

1075 1996 1111 2025 tis
1127 1995 1358 2035 obsignatisque,
1377 1995 1612 2025 transmittantur
1630 1995 1665 2024 ad
1681 1994 1816 2025 abbatem

1075 2044 1246 2075 monasterii
1272 2053 1323 2074 seu
1347 2043 1518 2082 novitiatus,
1536 2043 1663 2083 quitum
1685 2044 1815 2082 demum,

1074 2099 1102 2124 et
1124 2103 1181 2124 non
1205 2094 1298 2133 prius,
1323 2093 1439 2123 eosdem
1460 2093 1639 2132 praeelectos
1661 2098 1689 2123 et
1710 2102 1816 2134 appro-

1073 2142 1156 2173 batos
1178 2143 1213 2172 ad
1240 2141 1372 2172 habitum
1397 2141 1578 2181 probationis
1607 2142 1764 2182 suscipiat;
1787 2147 1817 2173 et

1074 2192 1157 2222 finito
1174 2196 1304 2232 tempore
1321 2191 1490 2227 novitiatus,
1508 2196 1667 2230 congreget
1684 2191 1719 2222 de
1734 2200 1816 2222 more

1074 2241 1234 2282 capitulum
1259 2244 1388 2281 patrum,
1412 2250 1520 2280 eosque
1542 2241 1578 2270 de
1600 2241 1742 2281 cuiusque
1765 2250 1816 2271 no-

1074 2291 1136 2322 vitii
1158 2289 1348 2331 qualitatibus
1370 2289 1500 2320 edoceat.
1524 2289 1558 2320 Et
1581 2289 1671 2320 abbas
1696 2290 1814 2329 quidem

1074 2340 1245 2370 monasterii
1276 2339 1324 2370 SS.
1353 2338 1506 2369 Trinitatis
1539 2339 1665 2369 novitios
1699 2339 1728 2368 in
1762 2348 1815 2369 suo

1074 2389 1250 2420 monasterio
1281 2392 1443 2427 susceptOS,
1468 2397 1534 2418 cum
1557 2388 1664 2418 litteris
1687 2389 1816 2418 testimo-

1073 2437 1200 2468 nialibus
1222 2438 1267 2468 sui
1290 2437 1410 2477 capituli
1433 2437 1510 2477 quod
1532 2446 1642 2467 annum
1666 2437 1815 2477 probatio-

1073 2488 1118 2517 nis
1140 2487 1308 2527 peregerint
1330 2491 1358 2516 et
1380 2485 1567 2516 laudabiliter
1599 2495 1630 2516 se
1657 2486 1812 2524 gesserint,

1073 2536 1254 2567 transmittat
1269 2536 1303 2566 ad
1320 2535 1575 2575 praenominatum
1592 2534 1727 2565 abbatem
1752 2543 1813 2564 mo-

1072 2586 1194 2616 nasterii
1212 2585 1242 2616 S.
1265 2585 1371 2615 Mariae
1394 2583 1653 2622 Vallisumhrosae,
1679 2584 1729 2624 qui
1754 2587 1813 2613 tam

1072 2635 1113 2666 sic
1130 2634 1329 2673 transmissos,
1347 2643 1434 2674 quam
1456 2633 1528 2663 allos
1545 2634 1574 2663 10
1598 2642 1650 2663 500
1667 2638 1811 2664 monaste-

1717 221 1782 256 '133
1828 229 1880 259 An.
1900 229 1931 258 C.
1949 230 2018 260 170⁴
