2269 3203
103 251 140 278 An
171 251 199 277 C.
225 251 290 278 1722

888 249 1097 274 Ixsocsswttts
1124 249 1176 273 xttt
1204 249 1249 273 FP.

298 309 410 333 manae
430 300 578 344 (excepta
603 299 769 344 praedicta
790 299 916 332 civitate
939 299 1040 332 Bene-

298 355 436 386 ventana
462 364 534 386 cum
562 353 629 387 eius
656 353 818 386 territorio
837 357 869 385 et
886 351 1036 385 restrictu

298 411 329 439 ct
353 406 562 450 pertinentiis
598 417 657 450 per
688 416 747 439 nos
777 416 834 438 seu
871 405 1037 438 Romanos

298 459 472 493 Pontifices
499 460 669 500 distinctis,
697 470 731 492 ac
765 469 877 492 eorum
905 457 1034 497 incolis,

297 524 392 558 quam
425 514 541 553 nobis,
569 519 665 557 prout
691 513 778 546 illam
817 512 876 545 sibi
917 512 1038 544 dudum

296 568 462 612 praedicta
487 566 664 606 Ecclesia¹,
688 567 874 610 specialiter
890 576 1039 599 reserva-

296 622 381 665 mus)
399 622 506 655 eidem
533 621 647 654 Carolo
674 621 903 664 Hispaniarum
929 620 1038 652 catho-

296 675 359 708 lieo
382 681 413 708 et
431 675 649 708 Romanorum
665 675 732 716 regi
752 675 784 706 in
804 675 1036 717 imperatorem

296 729 402 761 electo
429 728 492 770 (cui
512 738 570 771 per
588 726 738 760 nostras*
757 727 787 759 in
808 728 910 759 forma
930 726 1038 770 Breris

296 781 402 825 pridie
421 781 589 824 expeditas
608 781 733 813 litteras
755 780 979 813 concessimus
1006 785 1039 812 ut

295 836 416 868 dictum
433 844 568 877 regnum
587 834 715 867 Siciliae
735 839 765 867 et
782 834 983 866 Hierusalem
1003 844 1038 866 ac
1058 857 1059 863 t

296 893 396 921 totam
435 894 554 921 terram
588 888 668 920 citra
702 887 841 920 Pharum
877 889 939 919 una
965 897 1036 919 eum

294 942 430 986 imperio
457 946 489 974 et
513 941 733 974 Romanorum
752 951 810 973 seu
832 940 1036 973 Thentoniae

294 1005 407 1038 regno,
429 994 536 1038 quoad
563 994 685 1033 vixerit,
712 994 854 1026 retinere
876 993 978 1026 libere
1006 999 1037 1026 et

294 1048 380 1081 licite
406 1048 509 1091 possit
527 1053 557 1080 et
575 1048 690 1087 valeat,
715 1046 839 1079 tametsi
859 1046 890 1078 in
917 1046 1035 1078 utrius-

294 1111 355 1145 que
381 1100 466 1141 Iulii,
504 1100 630 1141 Leonis,
663 1099 847 1139 Clementis,
886 1098 1059 1147 Gregorih

295 1160 327 1187 et
352 1154 527 1187 Alexandri
554 1153 796 1198 praedictorum
822 1158 853 1185 et
878 1158 953 1185 ante
980 1163 1035 1186 eos

295 1208 495 1241 diversorum
522 1207 658 1240 :iliorum
685 1207 903 1239 Romanorum
929 1205 1037 1238 Ponti-

294 1260 389 1293 ficum
417 1261 705 1304 praedecessorum
739 1265 925 1291 nostrorum
951 1259 1037 1291 litte-

293 1315 336 1348 ris
355 1315 385 1348 id
405 1325 556 1358 expresse
576 1320 604 1347 et
625 1314 772 1347 distincte
788 1313 1035 1357 prohiberetur)
1057 1348 1059 1356 ,

293 1379 353 1412 pro
379 1379 411 1400 se
438 1368 572 1411 suisque
600 1367 795 1400 haeredibus
822 1372 850 1398 et
877 1367 1059 1402 successo-t*

293 1421 402 1463 ribus,
430 1427 493 1454 tam
519 1420 668 1453 masculis
698 1431 794 1463 quam
825 1419 971 1459 seminis,
999 1429 1034 1452 ex

293 1485 331 1508 eo
357 1478 444 1508 recta
476 1474 561 1508 linea
586 1473 876 1513 descendentibus,
902 1472 983 1505 natis
1006 1477 1058 1505 et¹

293 1528 466 1561 nascituris
493 1528 632 1570 (servata
669 1527 755 1560 inter
788 1527 878 1570 ipsos
904 1527 1036 1560 descen-

294 1581 409 1614 dentes
448 1581 676 1625 praerogativa
716 1591 826 1621 sexus,
864 1581 907 1613 ita
949 1581 1035 1624 quod

294 1635 427 1668 masculi
460 1645 496 1668 ex
522 1635 687 1675 masculis,
715 1635 866 1667 omnibus
894 1634 1033 1674 seminis,
1056 1659 1057 1665 ,

294 1699 472 1732 earumque
509 1688 786 1721 descendentibus
823 1688 965 1720 maribus
1006 1693 1033 1720 et

295 1741 446 1781 seminis,
481 1741 714 1785 cuiuscumque
748 1740 854 1773 lineae
893 1740 957 1772 sint
983 1746 1036 1773 aut

293 1795 411 1838 gradus
428 1822 436 1835 ‚
463 1805 592 1838 semper
617 1795 867 1838 praeferantur,
896 1799 927 1827 et
951 1793 1036 1827 inter

293 1849 380 1891 ipsos
405 1849 567 1881 masculos
594 1847 872 1891 primogeniturae
898 1847 980 1881 ratio
1006 1853 1036 1881 et

294 1903 400 1936 lineae
422 1902 648 1946 praerogativa
666 1903 853 1944 praevaleat
873 1907 904 1934 et
923 1901 1036 1934 ohser-

292 1961 392 1995 retur,
419 1966 502 1999 quae
527 1955 751 1998 praerogativa
777 1956 881 1988 locum
906 1966 1034 1999 quoque
1055 1976 1057 1984 ‚

293 2009 412 2042 habeat.
444 2015 476 2041 et
516 2009 704 2052 praevaleat
735 2008 821 2042 inter
857 2009 957 2041 dictas
991 2009 1036 2041 se-

293 2063 398 2096 minas
431 2072 609 2106 earumque
636 2062 876 2095 descendentes
902 2062 933 2094 in
960 2073 1034 2094 casu

293 2115 496 2149 deficientiae
518 2115 664 2148 omnium
684 2115 954 2148 descendentium
970 2126 1036 2148 ina-

292 2169 494 2202 sculinorum
520 2180 555 2201 ex
575 2169 738 2211 masculis)
757 2169 787 2200 in
812 2169 941 2201 seudum
964 2179 1034 2212 per-

292 2228 425 2265 petuum
451 2232 510 2265 pro
537 2222 633 2254 solito
660 2232 766 2253 annuo
789 2232 887 2254 censu
908 2228 1034 2264 septem
1054 2260 1056 2275 Ι

293 2275 381 2307 mille
407 2275 595 2307 ducatorum
623 2273 778 2306 similium
805 2279 836 2306 et
861 2274 957 2306 unius
978 2284 1056 2318 pa-‚

293 2327 411 2360 rat'reni
438 2327 503 2361 albi
534 2332 567 2361 ut
598 2328 780 2370 praefertur
814 2328 980 2367 solvendo,
1003 2333 1034 2360 et

293 2381 484 2424 ceteroquin
521 2381 552 2414 in
590 2381 741 2414 omnibus
774 2386 805 2414 et
836 2391 893 2424 per
926 2381 1034 2414 omnia

292 2435 351 2466 sub
377 2434 629 2473 conditionibus,
656 2434 773 2473 modis,
800 2434 922 2473 formis,
948 2427 1054 2467 adio-1

291 2487 465 2527 ctionibus‚
483 2487 768 2530 promissionibus,
783 2488 947 2528 clausulis,
962 2498 1033 2521 cau-
1052 2490 1054 2524 ,¹

292 2540 375 2580 telis,
401 2540 621 2573 voluntatibus
653 2546 683 2573 et
707 2540 969 2574 ordinationibus
1001 2540 1031 2572 in

328 2613 337 2638 1
361 2610 460 2637 Deesse
476 2610 583 2638 videtur
598 2611 710 2638 verbum
726 2612 885 2640 reservavit
901 2614 940 2647 (n.
958 2612 1006 2647 T.).

325 2655 340 2684 2
361 2655 432 2683 Edit.
453 2655 536 2682 Main.
557 2654 623 2690 legit
642 2659 752 2685 nostros
772 2662 809 2692 (n.
826 2658 876 2687 τ.).

1057 1003 1058 1011 ’
1080 992 1127 1025 fra
1153 1002 1271 1024 anuum
1298 990 1333 1024 a‘
1359 991 1431 1024 data
1450 990 1670 1034 praesentium
1690 1001 1880 1034 compti-„mu
1916 1003 2018 1022 :nnuma

1725 241 1782 274 911

1081 298 1197 331 litteris
1223 298 1394 342 utriusque
1419 298 1503 337 Iulii,
1529 298 1717 337 Clementis,
1744 299 1822 332 Gre-

1081 352 1165 395 gorii
1184 357 1212 384 et
1233 351 1408 385 Alexandri
1425 356 1455 384 et
1470 351 1685 384 concessione
1705 352 1822 384 Leonis

1081 405 1374 448 praedecessorum
1410 403 1599 437 huiusmodi
1638 404 1820 445 contentis,

1082 470 1218 502 quarum
1245 458 1475 491 remissionem
1498 468 1556 501 per
1578 467 1636 490 nos
1658 462 1687 489 ct
1707 457 1823 490 Sedem

1082 512 1281 555 praedictam
1305 512 1419 544 factam
1438 511 1537 543 fuisse
1556 521 1620 543 non
1642 511 1823 553 apparebit,

1082 565 1167 598 omni
1196 565 1324 598 meliori
1351 575 1413 608 quo
1431 574 1605 608 possumus
1632 564 1728 596 modo
1750 574 1825 596 con-

1081 619 1225 651 cedimus
1250 624 1281 651 et
1306 618 1494 660 elargimur,
1513 628 1547 649 ac
1566 627 1700 658 regnum
1719 616 1823 660 ipsum

1081 672 1251 714 praedicto
1278 672 1394 705 Carolo
1421 671 1502 714 regi,
1531 671 1629 703 modo
1663 675 1694 703 et
1721 670 1823 703 forma

1081 725 1277 768 praemissis,
1299 725 1515 765 intendamus,
1536 735 1673 768 eumque
1701 724 1740 757 de
1766 724 1823 757 illo

1080 790 1140 823 per
1166 779 1265 823 ipsius
1283 779 1448 813 Michaelis
1470 778 1626 811 Friderici
1649 778 1824 811 cardinalis

1080 832 1304 877 procuratoris
1330 833 1367 865 ad
1387 834 1530 866 osculum
1550 832 1669 876 pedum
1695 836 1823 864 nostro-

1081 897 1150 919 rum
1177 886 1407 918 admissionem
1435 885 1638 918 investimus.

1124 940 1138 983 ἓ
1164 938 1216 972 to.
1243 938 1396 972 Volentes
1415 943 1445 971 et
1463 938 1689 978 intendentes,
1709 942 1759 978 ut,
1779 938 1822 971 in-
1854 948 2019 969 Abmutemtta-

1834 977 1877 996 rat..
1904 976 1955 995 iusta
1984 982 2019 995 ,ιιι-

1836 250 1883 276 Αη,
1902 250 1928 276 C.
1950 249 2015 277 1722

1834 1033 1862 1049 est
1880 1029 1936 1049 holla
1952 1035 2018 1049 aurea

1848 1060 1998 1080 ivr-tgtittivnt-

1080 1045 1224 1086 tandum,
1251 1045 1336 1078 idem
1362 1044 1495 1078 Carolus
1521 1044 1585 1077 Rex-
1612 1044 1821 1087 privilegium

1080 1111 1173 1139 suum
1212 1099 1300 1132 bulla
1338 1101 1435 1132 aurea
1471 1098 1629 1131 bullatum
1664 1098 1719 1142 (in
1758 1083 2018 1142 quo{.i'1'''.‘<{¹''st·.⁴ill'.'''‘

1080 1153 1216 1197 proprio
1243 1154 1423 1186 iuramento
1450 1152 1586 1184 fateatur
1611 1157 1640 1184 et
1666 1162 1823 1193 recogno·

1079 1213 1145 1239 scat
1162 1217 1315 1250 expresse
1337 1216 1471 1248 regnum
1498 1205 1625 1238 Siciliae
1652 1211 1684 1237 et
1708 1204 1823 1237 llieru-

1080 1261 1190 1299 salem,
1226 1271 1261 1292 ae
1292 1266 1391 1292 totam
1428 1265 1544 1292 terram
1583 1269 1710 1299 eorum,
1739 1269 1822 1302 quae

1080 1318 1127 1346 est
1152 1313 1232 1345 eitra
1258 1313 1400 1345 Pharum
1422 1322 1525 1355 usque
1547 1312 1585 1344 ad
1608 1311 1749 1344 confinia
1765 1317 1823 1344 ter-

1080 1377 1189 1399 rarum
1215 1366 1318 1409 ipsius
1343 1365 1506 1398 Ecclesiae
1535 1365 1709 1405 Romanae,
1735 1376 1824 1398 exee-

1079 1420 1143 1465 ptis
1170 1420 1299 1452 civitate
1325 1420 1554 1452 Beneventana
1580 1425 1609 1452 et
1645 1420 1715 1452 loco
1740 1419 1823 1452 Pon-

1081 1473 1224 1513 tiscurvi,
1239 1483 1309 1506 cum
1321 1473 1407 1506 illius
1424 1472 1607 1512 territoriis,
1622 1472 1822 1505 districtibus

1080 1534 1110 1561 et
1135 1526 1354 1571 pertinentiis,
1393 1536 1474 1570 quae
1512 1526 1618 1559 eidem
1656 1526 1821 1560 Ecclesiae.

1080 1587 1282 1621 remaneant,
1302 1581 1447 1624 praefato
1466 1579 1582 1613 Carolo
1601 1580 1668 1622 regi
1691 1580 1822 1623 suisque

1080 1635 1280 1668 haeredibus
1305 1639 1337 1667 et
1362 1633 1608 1667 successoribus
1634 1632 1708 1665 dicti
1732 1634 1821 1676 regni

1079 1689 1207 1722 Siciliae
1235 1688 1365 1731 regibus
1388 1698 1422 1721 ex
1452 1689 1519 1720 sola
1546 1686 1645 1729 gratia
1674 1692 1705 1719 et
1735 1689 1823 1720 mera

1080 1742 1276 1775 liberalitate
1302 1742 1394 1774 Sedis
1420 1740 1628 1784 Apostolicae
1655 1745 1686 1772 et
1711 1743 1823 1773 nostra

1079 1795 1178 1828 fuisse
1216 1805 1389 1833 concessa,
1429 1804 1551 1837 eosque
1588 1793 1754 1836 recepisse
1792 1798 1824 1825 et

1080 1854 1191 1882 tenere
1217 1858 1353 1889 regnum
1381 1846 1510 1880 Siciliae
1544 1851 1576 1878 et
1606 1851 1725 1878 terram
1764 1846 1823 1878 hu-

1079 1901 1218 1934 iusmodi
1246 1912 1262 1933 a
1291 1900 1386 1933 nobis
1421 1905 1452 1933 et
1488 1899 1571 1932 dicta
1596 1899 1741 1931 Romana
1767 1899 1823 1932 Ee-

1079 1956 1177 1989 clesia
1197 1956 1256 1987 sub
1272 1955 1385 1998 pactis,
1406 1953 1511 1986 modis
1528 1958 1560 1986 et
1574 1952 1822 1985 conditionibus

1079 2008 1285 2052 supradictis)
1312 2007 1407 2041 nobis
1433 2017 1490 2040 seu
1512 2007 1657 2039 Romano
1676 2005 1821 2039 Pontifici

1055 2069 1057 2080 ³
1079 2073 1138 2107 pro
1174 2068 1319 2105 tempore
1354 2060 1502 2094 existenti
1530 2061 1606 2093 dare
1633 2065 1665 2092 et
1692 2060 1820 2093 tradere

1079 2122 1241 2149 teneatur.
1272 2115 1331 2148 Per
1352 2114 1531 2158 praemissa
1550 2120 1656 2147 autem
1682 2124 1748 2146 non
1774 2113 1822 2146 in-

1080 2170 1242 2203 tendimus
1268 2169 1391 2201 iuribus
1418 2168 1676 2211 quibuscumque
1702 2167 1733 2199 in
1764 2167 1822 2200 ali-

1078 2234 1141 2267 quo
1169 2222 1409 2266 praeiudicare.

1122 2276 1136 2319 ξ
1162 2275 1215 2308 11.
1244 2276 1394 2315 Demmn,
1421 2280 1455 2306 ut
1481 2275 1565 2308 idem
1596 2274 1726 2307 Carolus
1763 2284 1817 2307 rex·
1855 2282 2014 2303 tt·—=nc.1r01·1s

1830 2309 1931 2329 litteratus
1951 2315 1963 2328 a
1980 2315 2014 2328 so-

1077 2329 1109 2361 iu
1143 2328 1372 2371 imperatorem
1410 2329 1531 2361 electus
1569 2338 1606 2360 eo
1644 2328 1745 2371 magis
1779 2329 1817 2360 ad
1831 2336 2014 2381 ¹¹u¹t=1nwu<1=u=u

1077 2382 1222 2414 sincerae
1261 2382 1348 2414 illius
1384 2392 1478 2425 quam
1513 2382 1543 2414 iu
1578 2393 1635 2414 nos
1667 2388 1698 2414 et
1736 2368 1974 2414 hanc‘u'm‘wm

1075 2435 1224 2468 Sanctam
1243 2435 1359 2468 Sedem
1385 2434 1560 2478 profitetur
1585 2435 1767 2468 devotionis
1789 2440 1819 2467 et

1076 2489 1304 2521 observantiae
1331 2488 1440 2521 debita
1466 2494 1655 2531 argumenta
1683 2488 1774 2521 nobis
1790 2495 1819 2520 et

1054 2542 1181 2574 ,eidem
1219 2541 1292 2574 Sedi
1329 2542 1514 2574 exhibenda
1550 2543 1717 2580 excitetur,
1754 2552 1818 2584 quo

1114 2655 1122 2681 t
1147 2654 1297 2692 praeposit.
1321 2665 1338 2683 a
1359 2663 1407 2683 nos
1430 2655 1555 2683 addimus
1576 2655 1612 2692 (a.
1635 2656 1684 2691 τ.).
