2269 3203
265 213 313 239 An.
330 210 357 238 C.
381 210 448 238 1712

293 1118 433 1139 Pro-mmmm.

494 200 558 235 518

458 262 474 297 ῒ
498 260 524 290 C.
548 259 576 290 S.
600 259 706 290 Mariae
729 259 762 290 de
785 258 865 290 Scala
889 259 1026 290 diaconus
1043 258 1197 288 cardinalis

537 308 687 339 Columna.
920 302 924 307 “

458 359 475 392 ,2

458 408 476 443 †
499 405 625 436 Annibal
646 405 675 436 S.
699 404 846 435 Eustachii
872 404 1013 434 diaconus
1042 402 1197 433 cardinalis

537 453 676 484 Albanus.

770 609 885 642 CLXX.

457 698 698 741 Promvutqatur
737 699 943 731 canonizatio
978 697 1012 730 S.
1046 696 1198 730 Andreae

500 751 650 785 Avellini
669 751 938 794 Conqreqatiom's
961 751 1197 783 Theatinorum

500 815 572 837 cum
598 804 809 848 indulqentid
835 805 870 837 in
896 805 965 837 eius
990 805 1068 846 festo
1104 808 1132 836 et
1167 814 1198 835 0-

502 857 624 891 claust

662 942 798 969 Clemens
819 940 992 974 episcopus,

644 993 751 1013 servus
772 992 928 1012 servorum
949 984 1012 1017 Dei,

578 1031 614 1057 ad
636 1032 813 1063 perpetuam
833 1029 877 1057 rei
897 1028 1079 1056 memoriam.

504 1107 673 1151 Nunquam
691 1107 846 1151 profecto,
862 1106 969 1139 divina
993 1107 1119 1139 favente
1144 1105 1200 1138 bo-

461 1161 571 1201 nitate,
590 1159 736 1202 contigit,
762 1159 908 1192 excitatis
938 1159 977 1192 ab
1003 1157 1199 1201 implacabili

462 1213 596 1246 humani
622 1213 752 1256 generis
770 1213 864 1246 hoste
882 1212 1037 1256 procellis
1056 1212 1200 1254 dirisque

463 1266 721 1310 tempestatibus,
754 1265 797 1298 ita
828 1276 915 1298 marc
954 1271 1132 1298 tumescere
1166 1275 1201 1297 ac

463 1319 647 1359 infremere,
671 1325 705 1352 ut
723 1318 897 1363 apostolici
924 1318 1097 1351 piscatoris
1120 1327 1202 1361 cym-

462 1372 512 1412 ba,
532 1372 565 1404 in
591 1372 838 1411 altumffiactata,
857 1372 905 1404 vel
924 1371 1066 1414 scopulis
1083 1371 1200 1403 misere

463 1425 585 1466 allidat,
613 1426 661 1458 vel
686 1425 718 1457 in
743 1424 944 1468 profundum
970 1423 1128 1466 naufragii
1147 1424 1202 1456 de-

463 1483 645 1521 mergatur,
665 1478 824 1521 quinimo,
841 1477 944 1520 magis
957 1477 1124 1519 magisque
1137 1486 1201 1509 sae-

463 1530 629 1563 vientibus
653 1529 815 1570 fluctibus,
841 1540 876 1562 ac
900 1529 1076 1572 ingruente
1112 1528 1202 1571 aqui-

464 1583 549 1616 lonis
583 1583 723 1624 turbine,
762 1582 879 1615 exoriri
906 1592 971 1615 non
1009 1592 1080 1614 raro
1117 1582 1201 1614 solet

465 1636 603 1668 amicum
638 1634 731 1676 sidus,
767 1645 893 1678 suoque
929 1635 1051 1668 lumine
1089 1633 1200 1667 offusis

464 1689 685 1732 undequaque
720 1688 866 1721 tenebris
897 1688 1073 1731 dissipatis,
1099 1693 1201 1720 tutum

465 1741 527 1775 iter
562 1741 793 1785 placidumque
829 1752 926 1785 super
959 1741 1102 1774 instabili
1133 1741 1200 1773 ele-

465 1800 584 1836 mento,
612 1796 826 1839 despumante
857 1796 982 1828 furores
1014 1805 1099 1834 suos,
1126 1805 1202 1837 ape-

466 1848 530 1882 rire
555 1859 590 1881 ac
615 1854 776 1881 sternere.
804 1849 869 1881 llac
901 1859 978 1881 sane
1011 1848 1098 1881 ducti
1124 1847 1202 1880 [idu-

465 1901 521 1941 cia,
538 1911 633 1944 quam
651 1900 744 1934 nobis
765 1900 872 1933 divina
892 1901 1023 1934 oracula
1043 1901 1199 1940 fecerunt,

467 1960 513 1987 tot
537 1955 736 1988 calamitates
762 1959 794 1987 et
819 1955 936 1988 acerba
955 1956 1102 1994 vulnera,
1121 1954 1203 1986 chri-

467 2007 589 2040 stianae
628 2007 831 2051 reipublicae
871 2008 1071 2041 difficillimis
1112 2007 1201 2040 hisce

468 2060 666 2103 temporibus
691 2061 790 2100 illata,
817 2061 914 2094 alacri
937 2065 1110 2103 erectoque
1136 2060 1203 2092 ani-

467 2122 519 2146 mo
556 2113 750 2154 serebamus,
777 2119 949 2157 sperantes
977 2123 993 2145 a
1018 2113 1084 2146 Deo
1107 2113 1204 2145 mise-

467 2166 681 2199 ricordiarum
716 2167 879 2210 totiusque
906 2166 1140 2200 consolationis
1169 2170 1205 2198 ut

467 2212 643 2250 Ecclesiam
676 2227 767 2250 suam
796 2228 949 2260 sponsam
983 2217 1137 2250 intactam
1173 2222 1205 2249 et

468 2265 707 2304 immaculatam
738 2271 904 2314 praesenti
941 2270 1059 2304 anxilio
1091 2271 1203 2303 fovere

503 2373 514 2403 1
538 2375 577 2403 Ab
596 2375 751 2402 Innocentio
767 2375 825 2409 Xll,
847 2378 931 2402 const.
954 2374 997 2402 ed.
1019 2381 1130 2409 MDCXCt,
1152 2374 1203 2401 idi-

467 2419 519 2447 bus
536 2420 606 2453 iulii,
627 2420 722 2455 pontif.
742 2426 760 2453 ι,
781 2420 952 2454 promulgata
971 2419 1020 2446 suit
1040 2419 1204 2446 canonizatio

467 2465 494 2492 S.
505 2465 623 2492 Caietani
641 2464 784 2498 Thienaei3
801 2464 827 2490 in
848 2464 926 2490 huius
946 2463 1084 2490 Pontificis
1095 2463 1203 2490 constit.

468 2509 592 2545 praeced.
613 2513 685 2537 extat
704 2508 869 2536 canonizatio
896 2507 923 2534 S.
944 2508 987 2534 Pii
1009 2508 1044 2541 V;
1071 2511 1097 2535 et
1116 2511 1203 2535 const.

468 2554 509 2581 ed.
529 2559 655 2588 noccxvt,
675 2553 719 2580 die
733 2553 751 2579 8
765 2552 838 2585 maii,
854 2552 947 2587 pontif.
964 2558 1019 2586 xvi,
1041 2551 1205 2580 beatificatio

468 2597 604 2627 Francisci
619 2597 698 2634 Regis
718 2596 860 2626 Societaas
879 2596 949 2625 lesu.

1041 209 1219 234 BUL-LARIUM
1245 208 1400 234 ROMANUM

1241 267 1276 290 ac
1301 258 1428 301 erigere
1455 258 1652 300 dignaretur,
1679 255 1759 290 illud
1785 255 1904 298 iugiter
1930 253 1977 288 di-

1239 310 1348 344 vinum
1393 312 1545 354 interque
1593 320 1721 343 amaros
1766 310 1975 352 lacrymarum

1240 364 1360 398 imbres
1381 364 1549 397 nobiscum
1564 364 1748 396 recolentes
1785 360 1976 405 promissum

1239 416 1358 450 Portae
1382 417 1483 459 inferi
1506 426 1570 449 non
1585 414 1831 459 praevalebunt.
1853 412 1979 446 Affulsit

1240 469 1372 502 tandem
1398 474 1601 512 expectatum
1624 472 1837 511 optatumque
1855 475 1872 498 e
1887 465 1977 498 caelo

1240 521 1353 561 iubar,
1390 521 1573 564 nobisque,
1602 521 1679 554 licet
1705 518 1952 552 immerentibus
1969 544 1976 557 ,

1240 576 1382 618 superna
1401 580 1507 608 tamen
1521 573 1777 618 dispensatione,
1793 571 1978 606 Catholicae

1240 627 1406 661 Ecclesiae
1433 627 1657 670 gubernaculo
1683 625 1887 671 praepositis,
1911 634 1980 658 cer-

1243 686 1306 713 tam
1342 680 1627 724 firmissimamque
1661 680 1690 713 in
1726 679 1862 712 Domino
1888 687 1979 721 spem

1241 734 1398 774 excitavit,
1418 744 1531 767 omncs
1554 733 1675 766 saeculi
1698 734 1813 766 fluetus
1839 735 1871 764 et
1896 736 1981 763 tene-

1240 787 1372 819 brarum
1399 791 1576 830 potestates
1601 790 1748 829 aspectus
1775 784 1822 817 sui
1842 782 1981 826 tanquil-

1241 840 1330 873 litate
1358 839 1451 872 facile
1477 839 1678 872 sedaturum.
1698 838 1826 871 Etenim
1852 848 1890 871 ex
1917 836 1981 869 alta

1242 892 1411 925 militantis
1435 891 1599 924 Ecclesiae
1619 892 1750 934 specula
1780 889 1980 933 sublimique

1243 944 1318 978 fidei
1343 950 1374 977 et
1399 943 1567 987 religionis
1594 953 1667 976 arce
1693 944 1730 977 ad
1757 948 1924 976 aeternam
1943 942 1980 974 il-

1219 1003 1221 1026 i
1243 998 1305 1029 lam
1330 997 1524 1039 beatamque
1545 996 1682 1040 patriam
1701 995 1850 1029 caelestis
1866 995 1981 1028 Ilieru-

1243 1050 1352 1090 salem,
1367 1060 1431 1093 quo
1446 1059 1624 1092 corporeus
1639 1059 1703 1082 non
1722 1049 1823 1082 fertur
1836 1047 1979 1087 intuitus,

1244 1101 1342 1134 eil‘uso
1362 1102 1508 1134 translati
1527 1101 1701 1141 desiderio,
1721 1100 1882 1140 amictum,
1902 1109 1980 1143 prae

1243 1155 1373 1195 ceteris,
1400 1155 1644 1198 splendoribus,
1672 1160 1705 1188 et
1730 1153 1981 1197 triumphalibus

1244 1208 1385 1241 laetitiae
1401 1208 1528 1242 coronis
1546 1208 1796 1249 circumdatum,
1811 1206 1981 1250 egregium

1244 1261 1470 1304 insignemque
1489 1261 1655 1294 miraculis
1678 1261 1789 1300 virum,
1809 1270 1844 1294 ex
1863 1260 1983 1303 inclyta

1244 1316 1435 1349 clericorum
1452 1316 1648 1358 regularium
1658 1316 1890 1349 Theatinorum
1903 1325 1982 1347 nun-

1244 1372 1356 1413 cupata
1381 1370 1638 1413 congregatione
1664 1369 1828 1402 Andream
1863 1367 1982 1401 Avelli-

1244 1433 1320 1455 num
1345 1428 1478 1466 stupore
1505 1422 1603 1455 afflati
1629 1422 1872 1465 conspeximus,
1887 1430 1983 1464 quem

1243 1475 1347 1516 sicuti,
1374 1475 1449 1508 dum
1476 1475 1508 1507 in
1535 1475 1686 1508 humanis
1723 1479 1845 1518 ageret,
1872 1474 1983 1507 sancta

1244 1529 1361 1572 piaque
1397 1527 1643 1562 conversatione
1681 1528 1861 1560 animarum
1887 1525 1982 1560 saluti

1245 1587 1276 1614 et
1300 1581 1465 1623 religionis
1492 1581 1697 1613 incremento
1716 1579 1809 1613 enixe
1830 1579 1983 1613 feliciter-

1244 1645 1306 1677 que
1331 1633 1506 1674 consuluit‚
1534 1633 1577 1666 ita
1601 1634 1640 1666 ab
1666 1633 1721 1666 ilta
1738 1631 1912 1666 immortali
1933 1642 1984 1665 se-

1244 1687 1387 1720 curitatis
1415 1687 1547 1730 regione
1574 1687 1668 1720 nobis
1693 1685 1909 1719 militantibus
1928 1684 1983 1718 ad-

1246 1741 1388 1774 futurum
1414 1740 1511 1774 hilari
1538 1741 1644 1774 animo
1669 1739 1835 1774 confidere
1859 1737 1984 1782 incepi-

1244 1805 1329 1827 mus.

1289 1848 1303 1890 ἓ
1335 1847 1366 1880 1.
1400 1847 1492 1880 Hunc
1529 1847 1637 1890 itaque
1672 1846 1833 1888 insignem
1863 1845 1982 1880 Christi

1246 1900 1462 1933 consessorem
1488 1910 1553 1933 non
1578 1899 1769 1933 mortalibus
1800 1898 1982 1932 honoribus
1994 1906 2120 1926 Sanctorum
2139 1904 2179 1925 ad·

1246 1953 1398 1986 universo
1413 1953 1675 1986 christifidelium
1690 1952 1795 1985 coetui
1810 1951 1980 1985 colendum

1961 2004 1967 2010 ,
1993 1986 2054 2006 rcrs'a
2083 1983 2179 2004 Ecclesia

1247 2016 1421 2049 exponere,
1448 2016 1583 2049 arasque
1609 2011 1641 2039 et
1665 2005 1919 2049 supplicationes
1939 2016 1983 2038 el-

1246 2059 1320 2092 dem
1357 2059 1535 2092 decernere
1568 2058 1747 2102 cupientes,
1774 2057 1853 2091 susis
1884 2062 1983 2090 noctu

1247 2112 1363 2155 dieque
1388 2111 1541 2156 precibus
1567 2111 1599 2144 in
1625 2111 1754 2145 ieiuniis
1775 2117 1808 2145 et
1834 2110 1983 2154 lacrymis

1247 2170 1388 2205 orantes,
1416 2157 1611 2208 intens‘oque
1645 2164 1753 2198 cordis
1785 2163 1903 2196 affectu
1927 2162 1984 2196 Pa-

1249 2224 1329 2251 trem
1362 2218 1521 2251 luminum
1548 2218 1782 2260 deprecantes,
1810 2222 1865 2256 ut,
1890 2216 1923 2248 in
1949 2226 1984 2249 re

1249 2276 1311 2304 tam
1338 2271 1469 2315 grandis
1494 2270 1649 2304 momenti
1682 2275 1713 2302 et
1744 2279 1841 2313 supra
1873 2264 1985 2302 huma-

1248 2335 1323 2357 nam
1356 2324 1580 2357 conditionem
1613 2322 1729 2366 posita,
1755 2327 1894 2355 mentem
1926 2332 1986 2355 no-

1248 2382 1344 2409 stram
1378 2376 1511 2410 caelesti
1544 2377 1601 2408 sua
1627 2376 1698 2408 luce
1724 2375 1922 2418 perfundere
1948 2384 1985 2407 ac

1249 2430 1421 2462 instituere
1448 2429 1650 2471 dignaretur,
1679 2428 1824 2469 tandem,
1850 2427 1984 2461 infirmi-

1250 2482 1305 2515 tati
1331 2487 1460 2515 nostrae
1474 2480 1721 2523 suffragantibus
1739 2481 1910 2514 universae
1926 2479 1985 2513 Ec-

1249 2535 1366 2569 clesiae
1392 2534 1609 2575 orationibus,
1627 2534 1754 2578 piisque
1772 2533 1926 2577 operibus
1945 2532 1985 2566 ad

1227 2623 1228 2627 ,
1249 2588 1280 2622 id
1306 2588 1419 2624 sedulo
1444 2586 1607 2631 adhibitis,
1633 2587 1737 2622 visum
1774 2592 1821 2622 est
1853 2585 1984 2631 Spiritu-i

1984 204 2035 233 An.
2055 204 2169 233 &17¹2

2015 1852 2044 1873 Ad
2056 1852 2112 1873 illum
2123 1852 2177 1872 rese·

1993 1878 2081 1900 rendum
2096 1879 2117 1899 in
2127 1878 2177 1899 albo

1993 1932 2060 1952 hibita
2074 1931 2131 1952 suere
2141 1931 2176 1957 pia

1993 1964 2058 1984 opera
2080 1958 2106 1978 ab
2129 1957 2178 1977 uni-

1993 2016 2048 2037 quae
2083 2010 2177 2035 gaudere

1993 2038 2057 2058 debet
2083 2037 2108 2056 tle
2136 2036 2178 2056 hac

1995 2062 2160 2085 canonizatione*
