2269 3203
213 220 265 247 An.
286 218 316 247 C.
331 219 400 246 flia

447 209 510 244 573

406 268 547 301 sionibus,
572 276 665 307 neque
688 266 791 297 adduci
821 275 871 306 per
893 266 1066 296 instinctum
1095 274 1144 294 na-

407 316 530 346 turalem
566 320 615 346 aut
642 325 693 355 per
725 315 870 353 timorem,
900 314 985 344 sicuti
1016 313 1143 351 bestiae,

407 365 457 394 sed
481 373 532 403 per
554 364 638 393 {idem
663 367 690 393 et
707 373 757 404 per
779 372 920 399 amorem,
944 362 1029 392 sicuti
1053 362 1116 391 filii.

449 421 534 443 van.
558 413 655 442 Timor
678 412 792 442 servilis
815 421 871 441 non
897 411 951 441 sibi
975 419 1145 449 repraesen-

408 465 449 491 tat
482 461 571 490 Deum
602 461 659 490 nisi
692 465 721 490 ut
753 460 901 489 dominum
941 459 1070 495 durum,
1093 458 1147 487 im-

410 510 568 548 periosum,
592 510 745 544 iniustum,
770 507 996 537 intractabilem.

449 566 545 587 vani.
570 557 620 586 Dei
643 557 758 586 bonitas
780 555 963 585 abbreviavit
977 555 1053 584 viam
1070 554 1147 584 salu-

412 606 448 636 tis
471 605 632 635 claudendo
655 609 746 634 tolum
770 604 800 633 in
822 603 878 633 fide
908 607 936 633 et
960 602 1106 642 precibus,

450 663 526 684 cxix.
550 654 646 691 Fides,
680 663 768 689 usus,
792 656 981 691 augmentum
1011 656 1038 681 et
1066 660 1150 690 prae-

411 703 501 733 mium
524 702 604 740 fidei,
628 706 721 732 totum
744 706 787 731 est
809 701 917 731 donum
935 710 1024 740 purae
1045 699 1150 730 libera-

411 751 502 782 litatis
524 751 584 781 Dei.

451 808 518 828 Lxx.
536 799 686 839 Nunquam
704 798 777 828 Deus
796 797 899 836 affligit
918 797 1102 834 innocenteS,
1122 800 1150 826 et

412 847 587 878 afflictiones
609 856 724 886 semper
746 846 879 876 serviunt
904 846 946 875 vel
977 845 1011 875 ad
1028 844 1150 884 punien-

412 895 480 926 dum
507 899 657 936 peccatum
682 896 726 926 vel
749 895 783 925 ad
807 894 1020 934 purificandum
1052 902 1151 933 pecca-

413 947 517 974 torem.

453 1001 529 1022 cxxi.
554 992 645 1022 Homo
668 991 703 1021 ob
719 992 764 1021 sui
781 991 1034 1021 conservationem
1058 993 1152 1029 potest

413 1049 444 1070 se
461 1050 491 1070 se
507 1040 676 1080 dispensare
698 1039 734 1069 ab
750 1041 782 1069 ea
799 1039 862 1077 lege
878 1048 964 1078 quam
988 1038 1064 1068 Deus
1085 1047 1152 1068 con-

414 1088 487 1118 didit
511 1092 629 1127 propter
651 1088 714 1117 eius
737 1087 905 1117 utilitatem.

455 1145 543 1166 Lxxu.
563 1135 635 1166 Nota
650 1135 796 1165 Ecclesiae
812 1135 989 1166 christianae
1012 1139 1056 1165 est
1077 1134 1152 1174 quod

414 1185 451 1214 sit
473 1185 626 1221 catholica,
650 1184 901 1224 comprehendens
923 1188 951 1214 et
979 1192 1080 1214 omnes
1103 1192 1154 1212 an-

415 1233 494 1271 gelos
516 1233 589 1263 caeli
611 1238 638 1263 et
653 1242 754 1263 omnes
776 1233 883 1263 electos
899 1236 927 1262 et
950 1233 1041 1263 iustos
1059 1236 1153 1262 terrae

415 1286 443 1311 et
464 1282 595 1312 omnium
617 1281 810 1312 saeculorum.

456 1339 552 1360 Lxxm.
577 1330 651 1366 Quid
674 1334 717 1360 est
738 1330 880 1367 Ecclesia,
912 1329 968 1360 nisi
996 1333 1096 1360 coetus
1124 1328 1156 1358 fi-

416 1379 523 1410 liorum
546 1379 595 1410 Dei
619 1379 800 1409 manentium
817 1379 845 1409 in
862 1379 924 1410 eius
941 1378 1019 1417 sinu,
1037 1378 1155 1417 adopta·

417 1433 511 1458 torum
534 1429 563 1458 in
580 1428 705 1466 Christo,
725 1427 947 1458 subsistentium
964 1427 994 1457 in
1011 1427 1074 1456 eius
1092 1435 1157 1466 per-

417 1479 500 1515 sona,
513 1477 730 1516 redemptorum
744 1477 806 1506 eius
822 1477 975 1515 sanguine,
996 1475 1154 1505 viventium

418 1525 480 1556 eius
502 1525 619 1565 spiritu,
643 1525 790 1563 agentium
815 1534 866 1564 per
884 1525 946 1554 eius
969 1524 1106 1562 gratiam,
1129 1527 1157 1553 et

419 1574 636 1614 expectantium
659 1574 782 1612 gratiam
806 1573 899 1603 futuri
921 1573 1042 1603 saeculi.

459 1631 555 1653 cxxiv.
579 1622 717 1660 Ecclesia,
741 1622 801 1652 sive
816 1623 929 1660 integer
951 1621 1094 1657 Christus,
1112 1620 1157 1650 ln-

419 1676 570 1702 carnatum
593 1671 719 1701 Verbum
757 1670 843 1700 habet
873 1674 903 1700 ut
926 1674 1027 1709 caput,
1056 1678 1158 1699 omnes

419 1728 488 1749 vero
509 1723 626 1749 sanctos
648 1723 679 1749 ut
702 1718 845 1749 membra.

460 1776 545 1798 cxxv.
569 1767 698 1798 Ecclesia
720 1771 764 1797 est
781 1776 856 1797 unus
872 1767 951 1797 solus
967 1767 1065 1803 hoino,
1082 1775 1159 1796 com-

422 1817 532 1857 positus
554 1825 589 1847 ex
612 1815 744 1856 pluribus
768 1815 918 1853 membris,
935 1824 1060 1855 quorum
1078 1814 1159 1845 Chri-

421 1870 482 1896 stus
505 1870 549 1896 est
563 1869 662 1905 caput,
680 1864 748 1901 vita,
765 1863 955 1895 subsistentia
972 1867 1000 1893 et
1016 1872 1158 1903 persona,

422 1923 498 1944 unus
520 1914 598 1944 solus
621 1912 764 1952 Chi-istus,
782 1912 960 1952 compositus
976 1921 1009 1941 ex
1027 1910 1160 1951 pluribus
1181 1929 1182 1932 =

423 1962 541 2000 sanetis,
565 1970 690 2002 quorum
713 1965 756 1991 est
778 1960 985 1991 sanctificator.

463 2019 558 2041 cxxvi.
580 2010 657 2041 Nihil
680 2010 835 2049 spatiosius
857 2009 987 2039 Ecclesia
1008 2007 1069 2045 Dei,
1094 2007 1159 2047 quia

423 2067 523 2088 omnes
546 2058 630 2088 electi
661 2062 688 2087 et
711 2058 781 2088 insti
813 2057 943 2087 omnium
976 2056 1159 2086 saeculorum

423 2107 503 2137 illam
525 2110 714 2146 componunt.

463 2164 571 2186 cxxvii.
594 2155 648 2191 Qui
670 2165 726 2186 non
750 2156 829 2186 ducit
851 2156 938 2185 vitam
960 2155 1077 2193 dignam
1102 2153 1161 2183 silio

426 2301 495 2340 pite.

466 2357 583 2379 Lxxvni.
617 2349 773 2388 Separatur
800 2349 865 2388 quis
888 2358 903 2378 a
926 2347 1030 2387 populo
1057 2347 1160 2383 electo,

427 2398 510 2428 cuius
532 2396 624 2435 figura
645 2396 700 2426 suit
723 2396 847 2435 populus
869 2395 1002 2426 iudaicus
1025 2400 1052 2424 et
1076 2396 1163 2432 caput

427 2450 471 2477 est
490 2445 571 2476 Iesus
592 2444 736 2483 Christus,
760 2449 818 2474 tam
842 2452 898 2474 non
916 2442 1038 2473 vivendo
1060 2451 1163 2472 secun-

428 2495 496 2526 dum
518 2493 719 2531 Evangelium,
750 2501 837 2532 quam
867 2501 924 2522 non
952 2491 1096 2522 credendo
1131 2490 1164 2520 E-

428 2543 571 2583 vangelio.

468 2600 564 2623 Lxxxx,
588 2590 665 2623 Utile
683 2595 710 2620 et
725 2589 922 2621 necessarium
939 2592 981 2619 est
998 2589 1076 2620 omni
1093 2593 1164 2619 tem-

992 217 1171 242 nUmeUM
1195 215 1345 240 ROMANUM

1188 273 1267 303 pore,
1282 263 1360 294 omni
1381 263 1455 301 loco,
1475 266 1503 293 et
1519 261 1597 292 omni
1614 268 1805 302 personarum
1824 259 1924 298 generi

1188 311 1305 342 studere
1327 315 1355 342 et
1376 319 1551 350 cognoscere
1573 310 1719 350 spiritum,
1743 309 1879 349 pietatem
1898 311 1926 339 et

1189 361 1327 398 mysteria
1350 369 1447 390 sacrae
1463 359 1643 398 Scripturae.

1228 418 1315 440 cxxx.
1345 409 1441 439 Lectio
1479 416 1578 438 sacrae
1605 407 1774 447 Scripturae
1801 409 1844 436 cst
1873 414 1926 445 pro

1189 460 1338 491 omnibus.

1230 516 1327 538 cxxxi.
1352 506 1520 536 Obscuritas
1549 508 1648 535 sancta
1679 503 1760 534 verbi
1781 503 1838 542 [Dei
1869 511 1927 532 non

1190 562 1233 587 est
1255 556 1337 586 laicis
1360 556 1434 586 ratio
1456 553 1644 594 dispensandi
1662 562 1692 583 se
1714 553 1792 592 ipsos
1815 551 1850 582 ab
1866 552 1929 582 eius

1191 605 1328 635 lectione.

1232 661 1339 682 cxxxii.
1363 651 1428 681 Dies
1456 651 1620 680 dominicus
1642 659 1658 679 a
1681 648 1851 679 christianis
1881 647 1930 677 de-

1192 701 1240 731 bet
1262 699 1439 730 sanctificari
1462 698 1638 729 lectionibus
1662 697 1776 738 pietatis
1798 701 1826 727 et
1843 704 1932 735 super

1193 749 1288 780 omnia
1312 752 1479 778 sanctarum
1501 747 1728 786 Scripturarum.
1754 745 1930 776 Damnosum

1193 802 1236 828 est
1258 797 1330 828 velle
1351 796 1544 827 christianum
1568 795 1603 826 ab
1625 796 1678 826 hac
1693 795 1818 825 lectione
1840 797 1932 823 retra-

1193 845 1275 876 bere.

1234 902 1354 924 cxxxiii.
1378 893 1426 923 Est
1448 892 1545 922 illusio
1567 892 1623 922 sibi
1653 891 1827 932 persuadere
1856 889 1931 929 quod

1195 942 1296 972 notitia
1326 940 1528 980 mysteriorum
1558 940 1710 978 religionis
1743 948 1799 969 non
1831 937 1933 968 debeat

1195 989 1405 1020 communicari
1428 988 1544 1018 seminis
1572 987 1696 1018 lectione
1728 994 1878 1017 sacrorum
1901 985 1934 1014 li-

1195 1039 1325 1069 brorum.
1357 1037 1418 1067 Non
1451 1046 1485 1066 ex
1517 1036 1691 1067 seminarum
1724 1034 1932 1074 simplicitate,

1195 1087 1247 1117 sed
1271 1096 1305 1116 ex
1328 1085 1456 1125 superba
1478 1086 1607 1115 virorum
1630 1084 1754 1114 scientia
1789 1087 1868 1113 ortus
1891 1086 1935 1112 est

1196 1136 1408 1175 scripturarum
1430 1134 1538 1164 abusus
1556 1138 1584 1164 et
1600 1138 1685 1163 natae
1701 1136 1769 1162 sunt
1788 1126 1933 1161 haereses.

1237 1191 1354 1214 Lxxxw.
1371 1182 1513 1222 Abripere
1529 1191 1544 1212 e
1559 1181 1786 1212 christianarum
1804 1179 1936 1210 manibus

1196 1232 1307 1263 Novum
1330 1231 1559 1267 Testamentum,
1579 1239 1630 1260 seu
1650 1229 1695 1269 gis
1717 1229 1787 1260 illud
1804 1228 1937 1259 clausum

1197 1287 1308 1318 tenere,
1332 1279 1489 1310 auferendo
1518 1279 1560 1309 eis
1582 1278 1701 1308 modum
1728 1277 1800 1308 illud
1830 1276 1937 1307 intelli-

1197 1328 1296 1368 gendi,
1321 1332 1364 1358 est
1386 1328 1444 1357 illis
1466 1327 1574 1358 Christi
1597 1336 1628 1356 os
1651 1325 1799 1357 obturare.

1237 1385 1340 1407 cxxxv.
1373 1375 1553 1406 interdicere
1581 1374 1749 1405 christianis
1781 1373 1935 1404 lectionem

1197 1435 1297 1456 sacrae
1319 1425 1501 1464 Scripturae,
1519 1423 1695 1463 praesertim
1711 1422 1876 1461 Evangelii,
1894 1425 1938 1452 est

1198 1473 1372 1504 interdicere
1394 1481 1479 1502 usum
1502 1471 1623 1501 luminis
1645 1470 1714 1500 filiis
1736 1470 1820 1504 lucis.
1843 1473 1871 1500 et
1896 1469 1938 1499 fa-

1198 1531 1263 1553 cere
1287 1526 1318 1552 ut
1341 1522 1491 1561 patiantur
1507 1521 1633 1560 speciem
1650 1519 1805 1559 quamdam
1824 1526 1939 1549 excom-

1199 1571 1421 1602 municationis.

1238 1628 1356 1650 cxxxvi.
1381 1618 1502 1658 Eripere
1525 1617 1653 1657 simplici
1682 1616 1789 1656 populo
1817 1615 1871 1645 hoc
1894 1623 1940 1645 so-

1200 1669 1315 1706 latium,
1339 1666 1480 1706 iungendi
1510 1674 1612 1697 vocem
1643 1673 1726 1694 suam
1756 1664 1820 1694 voci
1851 1662 1940 1694 totius

1200 1717 1357 1754 Ecclesiae,
1382 1720 1426 1746 est
1450 1724 1519 1745 usus
1541 1713 1708 1744 contrarius
1723 1712 1804 1752 praxi
1827 1714 1940 1752 aposto-

1200 1766 1274 1796 licae
1297 1769 1324 1795 et
1346 1763 1504 1795 intentioni
1525 1762 1588 1793 Dei.

1242 1822 1369 1844 Lxxxvu.
1393 1812 1494 1843 Modus
1518 1811 1621 1851 plenus
1643 1810 1799 1850 sapientia,
1829 1807 1940 1839 lumine

1202 1867 1229 1894 et
1252 1863 1408 1899 charitate,
1426 1865 1469 1891 est
1487 1860 1557 1890 dare
1573 1858 1727 1890 animabus
1744 1862 1859 1897 tempus
1875 1865 1940 1896 por-

1203 1911 1283 1942 tandi
1316 1919 1381 1941 cum
1412 1909 1578 1939 humilitate
1601 1911 1630 1938 et
1656 1905 1804 1937 sentiendi
1833 1908 1940 1936 statum

1203 1960 1325 2000 peccati,
1361 1958 1477 2000 petendi
1511 1957 1647 1996 spiritum
1681 1953 1879 1995 poenitentiae
1911 1956 1940 1984 et

1202 2008 1399 2043 contritionis,
1423 2010 1451 2037 et
1473 2004 1632 2045 incipiendi
1655 2004 1688 2034 ad
1712 2004 1809 2034 minus
1830 2002 1942 2033 satissa-

1203 2067 1269 2088 cere
1291 2056 1420 2087 iustitiae
1443 2055 1492 2085 Dei
1523 2058 1678 2094 antequam
1702 2051 1940 2083 reconcilientur.

1243 2114 1380 2137 cxxxviii.
1405 2105 1576 2142 ignoramus
1598 2102 1667 2142 quid
1690 2102 1727 2131 sit
1749 2104 1898 2140 peccatum
1914 2102 1943 2129 et

1183 2164 1269 2186 ,vera
1303 2152 1492 2193 poenitentia,
1527 2151 1643 2190 quando
1678 2150 1813 2179 volumus
1844 2147 1941 2178 statim

425 2204 475 2235 Dei
496 2208 525 2233 et
546 2204 676 2234 membro
704 2203 822 2240 Christi,
851 2207 945 2233 cessat
967 2202 1090 2232 interius
1113 2202 1162 2231 ha·
1182 2211 1184 2220 ¹

425 2253 494 2283 bere
516 2252 606 2283 Deum
630 2261 681 2291 pro
704 2257 787 2291 patre
817 2258 845 2282 et
865 2252 1012 2283 Christum
1041 2260 1093 2289 pro
1115 2259 1162 2279 ca·
1183 2253 1184 2256 ’

1204 2203 1319 2233 restitui
1336 2201 1512 2242 possessioni
1529 2200 1674 2230 bonorum
1689 2198 1818 2233 illorum,
1835 2195 1942 2235 quibus

1204 2261 1256 2282 nos
1279 2254 1431 2290 peccatum
1443 2248 1591 2288 spoliavit,
1609 2252 1638 2277 et
1649 2247 1845 2276 detrectamus
1861 2253 1943 2284 sepa-

1204 2299 1327 2329 rationis
1349 2298 1433 2327 istius
1456 2297 1531 2326 serre
1553 2295 1764 2326 confusionem.

1244 2355 1362 2376 cxxxix.
1399 2344 1657 2380 Quartusdecimus
1682 2342 1790 2381 gradus
1822 2350 1943 2372 conver-

1205 2395 1296 2424 sionis
1319 2393 1480 2433 peccatoris
1503 2395 1557 2429 est,
1580 2391 1668 2431 quod,
1686 2400 1752 2421 cum
1770 2391 1807 2421 sit
1825 2392 1882 2421 iam
1898 2399 1944 2420 re-

1205 2442 1388 2479 conciliatus,
1423 2440 1508 2471 habel
1538 2439 1582 2469 ius
1614 2438 1769 2469 assistendi
1799 2437 1942 2469 sacrificio

1205 2490 1364 2521 Ecclesiae.

1246 2547 1292 2568 xc.
1310 2538 1438 2569 Ecclesia
1453 2538 1654 2568 auctoritatem
1671 2534 1943 2567 excommunicandi

1206 2586 1303 2624 habet,
1327 2591 1358 2617 ut
1382 2595 1444 2617 eam
1467 2590 1602 2617 exerceat
1636 2594 1687 2625 per
1709 2585 1818 2624 primos
1847 2586 1942 2623 pasto-

1936 209 1985 238 An.
2005 209 2034 239 C.
2050 209 2119 239 1713
