2269 3203
255 223 303 252 ltu.
319 222 348 251 C.
371 221 438 251 1713

295 1181 356 1201 Fiat-e
381 1183 438 1201 tran-

254 1211 345 1233 sumpto»
352 1214 393 1228 unt.

485 211 549 247 093

449 273 536 305 tione
566 272 604 305 de
625 271 689 306 illis
714 281 893 315 eorumque
920 270 993 304 totis
1021 269 1186 303 tenoribus

448 324 613 369 specialis,
640 324 810 368 specifica,
838 334 989 368 expressa
1016 329 1047 355 et
1072 321 1186 354 indivi-

448 379 518 419 dua,
540 389 577 412 ac
595 379 634 412 de
653 379 752 412 verbo
767 379 805 411 ad
832 378 976 416 verbum,
994 387 1059 410 non
1078 381 1185 408 autem

447 442 507 476 per
531 432 692 465 clausulas
712 431 882 474 generales
905 430 989 462 idem
1015 429 1187 472 importan-

448 489 515 524 tes,
546 485 668 517 mentio
693 493 750 516 sen
777 482 909 525 quaevis
935 482 996 514 alia
1021 480 1187 524 expressio

448 536 600 570 habenda
625 542 680 569 aut
704 536 812 579 aliqua
830 535 892 568 alia
911 534 1069 578 exquisita
1087 534 1188 566 forma

449 590 486 622 ad
514 590 576 622 hoc
600 589 757 622 servanda
787 588 894 627 soret,
921 592 1052 620 tenores
1078 585 1188 619 huius-

448 642 552 681 modi,
579 651 615 674 ac
640 641 663 674 si
691 641 729 674 de
755 641 853 673 verbo
880 640 918 672 ad
944 639 1086 678 verbum,
1105 638 1187 670 nibil

448 696 578 739 penitus
598 695 721 728 omisso
744 699 775 727 et
800 694 902 734 forma
928 693 957 725 in
983 692 1048 726 illis
1074 692 1188 724 tradita

449 750 631 787 observata,
664 747 924 791 exprimerentur
949 751 980 778 et.
1004 746 1188 778 insereren-

449 807 511 840 tur,
536 801 765 845 praesentibus
783 810 841 844 pro
862 801 958 843 plene
977 804 1008 831 et
1032 797 1190 830 sussicien-

449 860 498 887 ter
523 854 690 898 expressis
716 859 748 886 ct
773 845 901 886 insertis
935 852 1107 890 habentes,
1125 850 1190 883 illis

448 908 528 941 alias
560 908 592 940 in
628 918 687 941 suo
721 908 841 940 robore
874 904 1117 949 permansuris,
1150 903 1187 936 ad

449 961 702 1005 praemissorum
729 960 889 999 effectum,
917 959 977 991 hac
1004 958 1074 990 vice
1103 957 1191 990 dum·

450 1019 543 1054 taxat,
564 1014 751 1058 specialiter
764 1019 795 1046 et
809 1022 964 1056 expresse
982 1012 1188 1054 derogamus,

450 1074 482 1100 et
502 1068 691 1109 derogatum
719 1077 788 1099 esse
814 1066 981 1105 volumus,
1007 1064 1189 1107 ceterisque

449 1120 621 1154 contrariis
647 1120 916 1163 quibuscumque.

493 1173 507 1216 ᾗ
536 1173 589 1205 11.
621 1172 661 1206 Ut
693 1178 800 1205 autem
829 1171 963 1204 eaedem
998 1174 1191 1213 praesentes

450 1227 576 1260 litterae
601 1227 639 1260 ad
661 1226 804 1260 omnium
829 1224 978 1258 notitiam
999 1223 1123 1257 facilins
1142 1223 1191 1255 de-

450 1281 591 1319 veniant,
610 1282 757 1315 volumus
784 1280 856 1313 illas
875 1289 930 1312 scu
957 1288 1066 1311 earum
1086 1287 1191 1310 exem-

449 1335 504 1377 pla
522 1334 559 1367 ad
587 1334 692 1367 valvas
718 1332 875 1366 ecclesiae
901 1331 1130 1365 Lateranensis
1157 1339 1192 1362 ac

449 1386 604 1420 basilicae
625 1386 785 1429 Principis
806 1377 1038 1429 Apostolorum
1065 1392 1191 1415 necnon

449 1439 669 1473 Cancellariae
691 1438 889 1482 apostolicae
904 1437 1081 1480 Curiaeque
1098 1446 1191 1478 gene-

450 1494 526 1526 ralis
552 1493 585 1526 in
610 1493 716 1526 Monte
734 1492 887 1525 Citatorio
914 1496 943 1524 ct
970 1490 1000 1522 in
1019 1489 1086 1522 acie
1105 1489 1192 1521 Cam-

451 1545 587 1589 pissorae
614 1546 653 1578 dc
674 1545 769 1583 Urbe,
789 1550 824 1576 ut
848 1544 944 1577 moris
970 1548 1027 1581 est,
1051 1542 1133 1583 affigi
1161 1546 1188 1573 ct

451 1599 634 1642 publicari3
661 1599 770 1641 sicque
801 1597 979 1641 publicatas
1005 1601 1036 1628 et
1060 1594 1188 1633 affixas,

452 1662 564 1685 omnes
579 1658 610 1685 et
627 1652 782 1694 singulos,
800 1661 877 1694 quos
893 1650 966 1683 illae
981 1653 1190 1686 concernunt,

452 1705 586 1748 perinde
608 1710 734 1737 arctare
752 1704 890 1743 afficere,
909 1713 944 1735 ac
969 1702 993 1735 si
1016 1701 1192 1743 unicuique

452 1769 564 1792 eorum
597 1757 790 1791 nominatim
824 1762 855 1789 et
880 1755 1094 1799 personaliter
1120 1754 1193 1786 inti-

452 1817 556 1845 matae
583 1811 738 1850 fuissent3
764 1814 863 1852 utque
898 1809 1041 1851 ipsarum
1068 1807 1192 1840 littera-

452 1874 522 1897 rum
548 1863 783 1906 transumptis,
810 1873 865 1895 seu
900 1860 1068 1904 exemptis,
1095 1860 1190 1893 etiam

453 1916 632 1961 impressis,
650 1926 745 1949 manu
772 1915 909 1948 alicuius
929 1913 1048 1947 notarii
1070 1912 1191 1956 publici

453 1970 664 2014 subscriptis,
693 1975 724 2002 et
756 1969 862 2011 sigillo
897 1977 1057 2012 personae
1083 1966 1114 1998 in
1141 1976 1193 1998 etr-

453 2023 634 2057 elesiastica
666 2022 824 2065 dignitate
860 2021 1055 2054 constitutae
1089 2019 1193 2051 muni-

456 2078 508 2116 tis,
539 2077 650 2109 eadem
669 2086 801 2119 prorsus
828 2074 907 2107 tides
927 2080 988 2106 tam
1015 2074 1045 2105 in
1073 2072 1192 2105 iudicio

455 2140 549 2174 quam
586 2135 675 2162 extra
701 2129 782 2162 illud
820 2128 943 2170 ubique
976 2126 1189 2165 adhibeatur,

455 2193 537 2225 quac
564 2182 687 2215 eisdem
717 2180 943 2225 praesentibus
980 2179 1194 2212 adhiberetur

454 2236 478 2268 si
507 2235 668 2269 exhibitae
696 2235 802 2267 forent.
827 2234 876 2267 vel
903 2238 1066 2266 ostensae.

499 2288 611 2320 Datum
638 2288 775 2327 Romae,
802 2286 887 2330 apud
913 2285 943 2318 S.
976 2285 1107 2318 Mariam
1133 2284 1194 2317 Ma-

456 2342 572 2381 iorem,
599 2341 658 2373 sub
689 2341 809 2372 annulo
835 2338 1015 2377 piscatoris,
1042 2337 1093 2370 die
1119 2346 1193 2370 xxut

457 2393 641 2427 decembris
666 2402 828 2431 nnccxnt,
855 2390 1066 2433 pontificatus
1092 2389 1192 2422 nostri

458 2456 544 2480 anno
569 2456 632 2480 xiv.

494 2509 551 2536 Dat.
569 2508 614 2534 die.
630 2508 663 2534 ⁰23
678 2506 831 2534 decembris
851 2506 925 2539 t7t3,
944 2505 1036 2540 pontif.
1053 2512 1122 2531 anno
1139 2510 1193 2530 xiv⁴

1030 219 1212 245 nttLLAmUM
1236 218 1392 244 ROMANUM

1516 266 1668 301 CXCVIII.

1228 338 1438 380 Reformatw·
1461 337 1649 371 constitutio
1673 336 1777 369 Pauli
1802 335 1860 369 III
1875 344 1972 378 super

1273 391 1427 432 facultate
1473 389 1743 433 confessariorum
1799 387 1972 431 hospitatis

1272 444 1306 477 S.
1328 444 1457 476 Mariae
1473 443 1510 476 de
1529 442 1763 481 Consolatione,
1783 451 1856 473 cam
1878 440 1973 473 iltius

1273 498 1458 529 eoetensz'one
1498 496 1539 529 ad
1578 495 1788 538 confessarios
1827 493 1970 526 aliorum

1275 549 1489 593 hospitalium
1517 548 1553 581 (Ic
1581 549 1664 581 Urbe
1688 547 1707 580 ¹.

1449 630 1583 657 Clemens
1605 630 1684 663 Papa
1703 629 1750 662 xl,

1346 674 1382 701 ad
1404 677 1580 708 perpetuam
1600 674 1645 701 rei
1666 673 1849 700 memoriam.

1275 746 1289 789 ξ
1320 745 1351 777 i.
1387 746 1495 785 Alias,
1522 755 1580 788 pro
1606 749 1697 788 parte
1724 749 1799 776 tnnc
1825 742 1967 776 existen·
2009 749 2166 776 evit-‘mecan-

1982 780 2096 797 stntuttoms
2112 777 2168 798 Pau-

1232 798 1308 831 tinm
1323 798 1492 831 custodum
1511 797 1784 831 confraternitatis
1798 795 1970 840 hospitalis

1232 852 1266 884 B.
1278 851 1394 884 Mariae
1413 851 1452 884 de
1467 850 1584 891 Gratia,
1599 850 1830 883 Consolatione
1847 854 1874 882 et
1894 848 1973 882 Por-

1232 904 1294 938 ticu
1320 908 1525 947 nuncupatae
1552 903 1591 936 de
1616 902 1710 944 Urbe,
1739 902 1839 935 felicis
1865 913 1973 935 recor-

1233 958 1373 991 dationis
1398 957 1498 990 Paulo
1525 957 1628 1000 Papae
1654 956 1688 989 lll
1727 955 1971 1000 praedecessori

1233 1017 1344 1044 nostro
1376 1010 1526 1054 exposito
1563 1010 1649 1053 qnod
1680 1009 1711 1042 in
1743 1009 1831 1042 dicto
1863 1009 1973 1052 hospi-

1234 1064 1288 1097 tali
1309 1091 1315 1103 ,
1342 1064 1426 1107 quod
1446 1074 1482 1096 ex
1503 1062 1698 1105 elemosynis
1712 1061 1973 1095 christifidelium

1233 1116 1485 1158 gubernabatur,
1513 1116 1724 1159 quamplures
1749 1124 1909 1158 pauperes
1926 1114 1974 1146 in-

1234 1170 1315 1202 firmi
1341 1169 1510 1212 utriusque
1535 1179 1631 1201 sexus
1658 1168 1859 1201 diversarum
1872 1167 1975 1200 natio-

1234 1233 1309 1255 num
1323 1232 1384 1265 pro
1403 1221 1540 1254 sanitate
1558 1221 1781 1264 recuperanda
1804 1219 1973 1253 venientes

1234 1276 1266 1308 in
1294 1276 1361 1309 dies
1387 1275 1658 1319 recipiebantur,
1695 1274 1748 1318 qui
1786 1284 1822 1307 ex
1857 1278 1974 1306 statuto

1233 1330 1280 1362 vel
1307 1327 1543 1362 consuetudine
1569 1327 1672 1371 ipsius
1705 1325 1893 1369 hospitalis,
1919 1335 1974 1357 an-

1235 1387 1365 1425 tequam
1393 1381 1430 1414 ad
1458 1380 1608 1413 cubicula
1632 1379 1837 1418 accederent,
1860 1388 1974 1411 eorum

1235 1440 1369 1479 peccata
1394 1432 1637 1467 consessoribus
1663 1432 1701 1465 ad
1738 1432 1801 1464 hoc
1833 1440 1890 1474 per
1921 1441 1976 1463 cu-

1234 1488 1343 1521 stodes
1365 1486 1527 1530 deputatis
1546 1485 1695 1519 confiteri
1713 1486 1923 1525 tenebantnr3
1945 1489 1975 1528 qt

1235 1541 1266 1574 in
1294 1541 1406 1574 cadem
1433 1539 1639 1582 expositione
1664 1538 1833 1572 subiuncto
1864 1537 1948 1581 quod
1968 1564 1975 1576 ,

1236 1594 1312 1627 licet
1330 1592 1552 1627 verisimiliter
1566 1592 1767 1625 credendum
1784 1596 1870 1624 esset
1890 1590 1975 1633 quod

1236 1648 1267 1680 in
1295 1647 1462 1680 erectione
1488 1645 1563 1678 dicti
1590 1645 1782 1688 hospitalis,
1808 1649 1862 1676 aut
1887 1649 1977 1686 post-

1236 1701 1366 1734 modum
1388 1727 1394 1739 ,
1424 1700 1472 1731 rel
1510 1699 1610 1737 alias,
1637 1709 1653 1730 a
1684 1697 1767 1730 Sede
1792 1697 1977 1740 Apostotiea

1237 1763 1427 1787 concessum
1455 1751 1567 1784 suisset.
1593 1751 1680 1794 quod
1708 1749 1825 1782 infirmi
1852 1749 1891 1782 ad
1921 1749 1977 1782 ho-

1236 1807 1351 1851 spitale
1379 1805 1564 1839 huiusmodi
1591 1804 1784 1837 accedentes
1809 1803 1848 1835 ab
1874 1803 1977 1836 omni-

1237 1861 1295 1893 bus
1321 1865 1349 1891 et
1377 1859 1513 1902 singulis
1552 1854 1664 1891 eorum
1702 1857 1843 1900 peccatis
1880 1855 1976 1888 etiam

1236 1913 1309 1946 Sodi
1338 1912 1542 1956 spostolicae
1569 1910 1743 1944 reservatis
1762 1908 1885 1942 absolvi
1904 1918 1977 1952 pos-

1237 1971 1331 2006 sent,
1358 1965 1571 1998 nibilominus
1589 1991 1596 2004 ‚
1622 1964 1697 2007 quia
1724 1964 1763 1996 de
1790 1961 1976 1995 huiusmodi

1237 2019 1451 2053 concessione
1477 2028 1542 2051 non
1578 2017 1772 2057 constabat,
1800 2026 1861 2059 pro
1886 2020 1977 2059 parte

1237 2072 1478 2115 praedictorum
1508 2070 1678 2103 custodum
1716 2074 1746 2102 et
1782 2068 1977 2102 contratrum

1237 2126 1342 2159 eidem
1383 2124 1480 2157 Paulo
1521 2122 1767 2167 praedecessori
1809 2120 1977 2154 humiliter

1274 2215 1283 2240 1
1303 2213 1423 2240 Laudata
1435 2215 1522 2239 const.
1536 2210 1607 2238 edita
1618 2211 1668 2238 suit
1678 2217 1747 2237 anno
1763 2215 1873 2243 nothV,
1885 2208 1928 2235 die
1948 2207 1977 2234 13

1236 2258 1313 2285 iunii.
1333 2257 1363 2284 In
1384 2255 1530 2284 innocentii
1550 2255 1595 2282 ΧΠ
1612 2258 1698 2281 const.
1716 2254 1759 2280 ed.
1781 2259 1912 2287 MDcxcw,
1933 2252 1977 2279 die

1238 2303 1269 2329 18
1285 2301 1401 2336 augusti,
1422 2299 1515 2336 pontif.
1537 2306 1573 2331 tu,
1594 2306 1721 2325 concessa
1741 2296 1792 2324 fuit
1811 2296 1977 2330 indulgentia

1237 2346 1357 2382 plenaria
1378 2353 1425 2380 pro
1445 2342 1648 2378 archiliospitati
1668 2342 1694 2368 S.
1712 2341 1826 2376 Spiritus
1841 2341 1866 2367 in
1883 2340 1976 2373 Saxia3

1237 2390 1264 2417 in
1278 2389 1358 2416 huius
1374 2387 1510 2416 Pontificis
1525 2391 1611 2414 const.
1629 2386 1672 2413 ed.
1683 2393 1790 2418 nnccxr,
1803 2385 1847 2411 die
1864 2385 1896 2411 13
1911 2385 1977 2418 mai,

1238 2433 1332 2469 pontif.
1356 2439 1399 2464 xi,
1421 2431 1564 2458 interdieta
1584 2431 1634 2457 suit
1654 2431 1736 2458 etiam
1765 2429 1980 2465 poenitentiariis

1238 2478 1350 2505 facultas
1361 2476 1518 2504 absolvendi
1530 2483 1544 2502 a
1556 2476 1663 2502 casibus
1679 2475 1792 2501 Sanctae
1808 2473 1869 2501 Sedi
1888 2480 1979 2500 reser-

1239 2522 1323 2555 vatis;
1340 2525 1366 2548 et
1381 2521 1407 2547 in
1423 2519 1559 2547 Benedicti
1576 2518 1643 2553 Xlll,
1661 2518 1767 2546 constit.
1784 2517 1816 2544 ed
1832 2523 1978 2549 nnccxxx't,

1239 2566 1281 2593 die
1301 2567 1317 2593 6
1337 2564 1489 2592 decembris
1504 2585 1510 2596 ,
1531 2563 1626 2598 pontis.
1647 2569 1674 2590 ut
1688 2585 1694 2595 ,
1716 2562 1826 2598 erigitur
1847 2561 1979 2597 hospitale

1240 2611 1270 2637 B.
1294 2609 1440 2641 Gallicani,
1461 2608 1540 2641 eique
1561 2607 1699 2643 privilegia
1720 2606 1912 2635 conceduntur.

1977 214 2028 242 An.
2047 214 2162 244 (217st

1983 804 1996 826 ti
2011 804 2046 825 ΙΙΙ.

2263 679 2269 699 Δ,
2259 389 2269 669 ..ΑΔ--μ-...υ-Ᾰ.
