2269 3203
253 234 351 262 amc.
374 233 441 261 ¹7¹2
486 224 549 259 526

447 282 633 316 huiusmodi
665 283 833 316 intervalla
870 283 1008 316 certiora
1040 288 1071 315 et
1107 283 1177 315 illu-

446 335 565 373 striora
600 335 780 368 sanctitatis
809 340 1021 368 monumenta
1049 334 1179 377 penitus

445 388 691 422 interciderent:
703 388 823 421 idcirco
837 387 987 421 nonnulli
1001 392 1075 430 post
1092 387 1178 420 beati

444 441 592 474 Andreae
618 441 785 474 decessum
803 440 966 474 ordinaria
992 441 1130 484 primum
1149 445 1180 473 et

445 494 563 528 deinde
596 494 773 538 apostolica
806 494 998 527 auctoritate
1031 493 1178 526 instructi

445 546 536 580 suere
562 557 745 590 processus,
770 557 907 590 quorum
933 546 1096 587 examine,
1123 556 1176 579 se-

444 600 586 633 cundum
611 600 880 632 consuetudinem
901 610 939 633 eo
961 605 1107 642 tempore
1132 610 1180 633 re-

444 658 582 696 ceptam.
610 652 714 685 tribus
739 652 979 696 antiquioribus
1014 657 1090 685 tunc
1114 653 1179 685 exi-

445 705 603 737 stentibus
643 715 812 738 causarum
856 705 966 748 palatii
1008 705 1177 748 apostolici

445 757 645 790 auditoribus
670 757 878 798 demandato,
902 758 947 790 illi
965 763 1110 791 actorum
1127 769 1179 791 va-

443 811 600 843 liditatem
626 811 858 854 approbarunt,
877 817 907 844 et
924 812 1009 845 beati
1029 812 1177 845 Andreae

443 863 574 897 virtutes
600 864 769 897 heroicum
794 864 939 906 attigisse
975 864 1120 907 gradum,
1147 869 1179 897 et

443 921 516 949 octo
533 916 617 950 inter
634 917 705 956 alia,
724 916 839 960 partim
857 916 932 950 dum
950 917 1082 957 viveret,
1105 927 1178 960 par—

443 969 500 1005 tim
524 972 598 1012 post
618 974 755 1002 mortem
781 969 820 1002 ab
845 969 916 1012 ipso
941 974 1068 1012 patrata
1086 969 1179 1002 mira-

444 1021 538 1061 cula,
565 1031 771 1054 communem
807 1021 964 1064 operandi
999 1021 1130 1054 modum
1162 1032 1179 1054 a

443 1074 557 1106 natura
574 1073 756 1106 institutum
775 1074 1023 1114 transcendisse,
1050 1074 1179 1117 praevia

444 1125 647 1159 discussione
673 1126 891 1159 declararunt.

276 1190 358 1211 nanum
379 1189 432 1210 non·
487 1179 501 1222 ξ
524 1178 578 1211 25.
601 1179 720 1212 Horum
741 1178 886 1212 omnium
903 1179 1019 1212 relatio
1037 1179 1068 1211 in
1090 1189 1180 1222 prae-

249 1220 508 1264 {22332'21113221fata
532 1231 662 1264 Rittium
677 1231 936 1275 Congregatione
954 1232 1100 1275 exposita
1117 1234 1180 1264 una

249 1270 424 1295 “¹¹⁵³pf'“'¹’³¹‘
444 1294 516 1317 eum
542 1284 735 1317 eorumdem
764 1284 948 1317 auditorum
980 1284 1101 1317 iudicio
1135 1285 1180 1317 di-

445 1346 557 1370 scussa
588 1337 661 1378 suit,
695 1348 759 1380 qua
798 1336 998 1370 discussione
1034 1339 1178 1380 peracta,

445 1390 557 1423 eadem
582 1389 714 1422 Rituum
744 1390 964 1433 Congrcgatio
999 1396 1031 1423 ct
1055 1390 1179 1423 validos

444 1453 613 1487 processus
640 1448 672 1476 et
696 1443 843 1476 Andreae
874 1443 1006 1475 virtutes
1032 1443 1179 1476 heroicas

445 1507 515 1530 esse
540 1496 679 1536 censuit,
697 1496 913 1539 admissisque
939 1495 1025 1528 inter
1049 1506 1125 1529 vera
1149 1502 1179 1528 et

444 1549 580 1592 probata
615 1549 769 1582 miracula
806 1554 929 1591 septem
966 1549 1179 1582 instantaneis

445 1602 679 1642 sanationibus,
706 1602 946 1645 infrascriptum
965 1612 1095 1645 quoque
1121 1612 1179 1645 pro

446 1655 603 1688 miraculo
628 1654 774 1687 habitum
800 1654 870 1686 suit.

491 1709 506 1752 ἓ
542 1708 596 1742 26.
630 1708 754 1741 Accidit
788 1708 962 1751 aliquando
997 1713 1032 1740 ut
1067 1708 1181 1740 beatus

448 1762 594 1794 Andreas
619 1761 750 1794 domum
775 1760 897 1794 Camilli
917 1761 956 1794 de
974 1760 1085 1800 Cui-iis,
1103 1760 1181 1793 Nea-

447 1815 590 1857 pontana
613 1814 645 1847 in
671 1814 759 1847 curia
783 1814 926 1857 regentis
942 1840 949 1854 ,
973 1813 1180 1846 Catharinam

446 1866 601 1900 Carafl'am
626 1867 742 1900 morbo
768 1867 1015 1899 decumbentem
1040 1866 1182 1899 visitatu-

446 1930 501 1953 rus
535 1920 646 1959 adiret,
685 1920 779 1963 eique
817 1919 1013 1952 christianae
1050 1919 1180 1961 pietatis

445 1973 550 2006 officia
574 1983 664 2006 more
686 1983 745 2006 suo
763 1977 950 2016 praestaret,
969 1972 1086 2015 quibus
1107 1971 1180 2004 inde

446 2026 635 2069 perfunctus
660 2026 745 2059 eirca
771 2026 900 2060 tertiam
925 2025 1029 2058 noctis
1055 2025 1181 2066 horam,

445 2084 595 2112 recusato
621 2079 707 2122 quod
733 2079 764 2111 in
790 2083 940 2122 promptu
961 2083 1030 2110 erat
1061 2077 1181 2110 rhedae

446 2131 630 2171 commodo,
658 2131 758 2175 pedes
779 2131 817 2163 ad
836 2130 1013 2174 praefatam
1039 2130 1070 2163 S.
1093 2129 1182 2162 Pauli

448 2183 580 2217 domum
618 2193 809 2216 reversurus
846 2182 1012 2222 discessit,
1053 2181 1184 2215 interim

449 2236 626 2279 copiosius,
643 2236 718 2268 dum
733 2236 806 2275 iret,
822 2245 838 2268 e
857 2236 946 2268 caclo
962 2235 1185 2268 indesinenter

449 2289 585 2322 cadebat
609 2289 727 2322 imber:
752 2288 856 2322 nihilo
881 2293 989 2321 tamen
1014 2287 1120 2320 minus
1144 2297 1184 2320 ne

450 2351 513 2375 una
538 2341 668 2385 quidem
694 2351 793 2385 aquae
819 2341 944 2383 guttula
962 2340 1042 2373 servi
1061 2340 1117 2372 Dei
1136 2349 1186 2372 so-

450 2394 556 2438 ciique
580 2399 684 2427 vestes
702 2393 839 2436 aspersit
859 2392 1023 2435 tetigitve:
1051 2391 1114 2425 imo
1133 2391 1185 2424 ho·

450 2447 553 2480 mines
578 2447 665 2487 duo,
697 2446 751 2490 qui
783 2445 854 2478 viae
880 2445 1015 2478 comites
1053 2444 1117 2477 dati
1151 2449 1186 2476 ut

450 2509 616 2533 accensam
640 2498 843 2542 praeferrent
874 2497 984 2536 facem,
1018 2496 1072 2529 ubi
1104 2496 1185 2529 haec

451 2552 603 2585 imbrium
637 2556 669 2584 et
702 2556 873 2584 ventorum
897 2550 1019 2593 impetu
1045 2549 1185 2583 extincta

449 2606 519 2646 suit,
546 2605 707 2641 Andream
731 2604 902 2648 repentina
926 2603 997 2637 luce
1017 2602 1186 2637 circumfu-

276 1718 365 1741 Onornm
375 1723 436 1738 unum

253 1744 286 1764 tne
302 1744 397 1765 refertur,

1044 231 1223 258 BULLARIUM
1246 231 1400 257 Romani-t

1964 231 2014 260 An.
2035 232 2065 261 C.
2082 232 2150 262 1⁷12

1221 291 1292 313 sum
1316 281 1483 322 viderunt,
1504 291 1606 325 quare
1627 281 1776 315 homines
1802 280 1842 314 ad
1863 290 1957 324 prae-

1222 333 1316 367 fatam
1341 334 1372 368 S.
1400 334 1488 369 Pauli
1515 335 1645 368 domum
1683 334 1822 368 feliciter
1845 344 1958 378 perve-

1222 392 1351 419 nerunt.
1379 387 1424 420 Ad
1447 387 1528 420 haec
1546 386 1641 420 iidem
1660 386 1725 420 duo
1746 397 1805 430 per
1824 386 1957 429 longum

1222 439 1347 473 itineris
1372 445 1516 481 tractum,
1543 445 1575 474 et
1599 440 1671 473 dum
1704 440 1757 473 Dei
1793 450 1888 473 servo
1913 439 1957 472 sa-

1221 493 1433 533 mularentur,
1450 499 1482 526 et
1506 493 1580 526 dum
1601 493 1640 526 ad
1657 503 1731 526 suas
1749 491 1957 536 postmodum

1222 546 1320 579 aedes
1350 546 1510 586 redirent,
1546 546 1703 579 continuo
1735 546 1873 579 maxima
1897 545 1958 579 cir-

1222 609 1425 642 cumquaque
1451 598 1603 631 imbrium
1624 597 1719 642 copia
1737 598 1908 631 decidente
1925 597 1957 631 in

1223 652 1313 684 nulla
1336 657 1390 684 aut
1419 652 1565 695 corporis
1600 656 1654 684 aut
1688 651 1958 684 vestimentorum

1221 709 1313 747 parte
1342 703 1504 742 iniuriam,
1536 703 1741 747 quantumvis
1778 702 1956 743 minimam,

1222 756 1260 789 ab
1299 757 1390 800 aquis
1433 757 1577 800 undique
1612 756 1832 790 defluentibus
1867 766 1959 789 acce-

1222 814 1350 852 pertint.

1264 862 1279 905 ,ξ
1303 854 1355 894 27ss
1383 861 1483 895 Porro
1510 862 1665 906 quidquid
1691 874 1708 895 a
1732 862 1879 906 praefata
1903 862 1956 895 tti-
1994 871 2091 901 umam
2107 869 2151 892 vni

1223 919 1311 947 tuum
1336 913 1595 957 Congregatione
1628 915 1666 948 de
1691 915 1856 949 validitate
1881 898 2152 959 pro-Effssiilffl'm'

1221 976 1368 1000 cessuum
1386 972 1448 999 tam
1469 966 1508 999 de
1530 967 1665 1000 heroico
1685 968 1837 1000 virtutum
1856 968 1957 1010 gradu

1223 1030 1257 1052 ac
1283 1020 1322 1053 de
1347 1019 1511 1052 miraculis
1535 1019 1721 1060 iudicatum,
1751 1020 1837 1053 idem
1861 1020 1960 1054 Urba-

1222 1082 1280 1106 nus
1305 1072 1540 1116 praedecessor
1565 1072 1774 1114 confirmavit,
1797 1073 1960 1106 eiusdem-

1223 1135 1284 1169 que
1309 1125 1439 1158 Rituum
1464 1124 1734 1168 Congregationis
1754 1136 1826 1159 esse
1851 1126 1960 1160 locum

1222 1178 1359 1211 solemni
1385 1178 1468 1211 servi
1493 1178 1548 1211 Dei
1566 1177 1798 1212 beatificationi
1817 1188 1961 1222 pronun-

1223 1231 1337 1263 ciantis
1379 1230 1512 1264 decreto
1548 1241 1717 1272 annuens,
1747 1231 1798 1264 die
1830 1241 1848 1264 x
1881 1230 1960 1263 iunii

1210 1278 1360 1326 ‘praefati
1386 1283 1462 1315 anni
1487 1292 1627 1323 arnexxv,
1652 1284 1816 1316 Andream
1845 1283 1959 1316 beato-

1222 1346 1294 1368 rum
1321 1335 1407 1368 fastis
1432 1335 1613 1378 adscripsit,
1633 1341 1664 1368 et
1684 1336 1808 1369 clericis
1834 1337 1960 1379 regula-

1224 1388 1313 1421 ribus
1351 1387 1518 1421 Tlieatinis
1555 1387 1717 1431 praefatis,
1753 1393 1787 1420 ut
1821 1387 1853 1421 in
1891 1388 1960 1421 eius

1225 1441 1383 1473 bonorem
1409 1439 1549 1474 osticium
1582 1445 1614 1473 et
1649 1440 1778 1473 missam
1804 1440 1843 1473 de
1875 1450 1960 1473 com-

1224 1493 1310 1526 muni
1337 1493 1563 1526 consessorum
1588 1502 1654 1525 non
1687 1492 1875 1536 pontificum
1907 1502 1960 1526 ce·

1225 1546 1391 1578 lebrarent
1415 1544 1636 1577 anniversaria
1669 1544 1721 1577 die
1746 1544 1852 1578 obitus
1877 1545 1961 1578 servi

1224 1599 1279 1631 Dei
1305 1598 1490 1641 quotannis,
1515 1597 1693 1637 concessit,
1727 1608 1764 1630 ac
1788 1598 1820 1630 id
1855 1597 1962 1641 ipsum

1225 1651 1342 1685 ceteris
1366 1649 1588 1684 sacerdotibus
1611 1650 1662 1683 die
1684 1651 1831 1693 praefato
1848 1650 1880 1683 in
1907 1661 1961 1684 eo-

1225 1704 1371 1737 rumdem
1395 1703 1589 1737 clericorum
1610 1703 1809 1746 regularium
1835 1703 1962 1737 Theati-

1224 1767 1341 1790 norum
1367 1756 1503 1789 eeclesia
1528 1756 1740 1789 celebraturis
1765 1756 1913 1788 indulsit.

1268 1810 1282 1852 g
1306 1808 1357 1842 98.
1379 1809 1507 1842 Interea
1526 1808 1748 1852 Neapolitana,
1768 1808 1961 1842 nonnullae·
2011 1817 2154 1855 Neapotjiants

1225 1873 1286 1906 que
1311 1863 1438 1896 Siciliae
1463 1862 1561 1896 urbes
1586 1862 1716 1895 beatum
1741 1862 1903 1895 Andream
1927 1861 1959 1894 in
1971 1845 2154 1893 ffofigffussgssssg'd‘g

1225 1920 1394 1958 patronum
1407 1925 1443 1947 ac
1456 1919 1676 1958 protectorem
1693 1914 1754 1947 sibi
1771 1914 1960 1957 eligendum
1971 1900 2012 1919 Μ’

1225 1973 1420 2001 statuerunt:
1447 1972 1479 2000 et
1503 1967 1577 2010 quia
1601 1967 1744 2000 nondum
1763 1966 1803 1999 ab
1824 1967 1962 2010 Aposto-

1226 2021 1287 2054 lica
1311 2020 1403 2060 Sede,
1427 2030 1468 2053 ne
1493 2019 1528 2060 ii,
1555 2020 1609 2063 qui
1640 2020 1813 2052 beatorum
1837 2019 1963 2052 dumta-

1225 2079 1278 2107 xat
1301 2072 1432 2106 nomine
1457 2072 1614 2115 insigniti,
1641 2083 1700 2105 nec
1725 2073 1810 2105 inter
1833 2076 1961 2105 sanctos

1226 2127 1334 2160 adhuc
1357 2126 1548 2160 solemniter
1571 2126 1666 2159 relati
1690 2125 1828 2165 suerunt,
1853 2125 1885 2157 in
1910 2134 1963 2157 ur-

1226 2180 1316 2213 bium
1336 2180 1549 2221 locorumque
1566 2183 1722 2221 patronos
1740 2176 1961 2210 adscriberen-

1228 2238 1296 2273 tur,
1332 2236 1485 2264 statutum
1523 2231 1650 2264 fuerat:
1673 2230 1774 2269 „idem
1810 2229 1960 2262 Urbanus

1227 2284 1466 2328 praedecessor,
1501 2284 1611 2317 audita
1640 2282 1730 2326 prius
1762 2283 1823 2314 hac
1855 2282 1895 2315 de
1925 2291 1961 2314 re

1227 2338 1391 2380 praefatae
1428 2336 1558 2369 Rituum
1590 2335 1857 2378 Congregationis
1889 2345 1964 2368 sen-

1229 2390 1341 2429 tentia,
1360 2394 1395 2422 ut
1420 2389 1459 2422 de
1475 2389 1572 2422 beato
1590 2388 1719 2421 Andrea
1744 2393 1907 2432 tamquam
1923 2388 1963 2421 de

1229 2448 1366 2486 patrono
1391 2453 1426 2475 ac
1451 2446 1637 2485 protectore
1669 2442 1756 2484 apud
1784 2440 1964 2484 Neapolita-

1229 2507 1288 2529 nos
1312 2495 1546 2538 Capuanosque
1571 2495 1671 2527 missa
1695 2494 1900 2538 officiumque
1918 2504 1963 2527 re-

1229 2548 1414 2587 citarentur,
1432 2547 1574 2590 benigne
1586 2547 1732 2588 indulsit,
1749 2546 1962 2590 patribusque

1229 2601 1407 2642 Theatinis,
1432 2601 1464 2634 in
1497 2610 1634 2644 quorum
1664 2600 1872 2645 generalibus
1902 2609 1963 2642 *cof
