2269 3203
250 224 299 252 An.
316 225 346 253 c.
369 225 435 252 1712
482 216 545 251 549,

269 1079 380 1109 Decretum
400 1080 425 1100 de

244 1111 285 1131 quo
297 1112 317 1126 111
333 1107 425 1126 rubrica.

485 274 598 307 Datum
626 275 760 317 Romae,
781 276 868 319 apud
885 276 916 309 S.
936 276 1066 309 Mariam
1084 275 1178 308 Maio-

442 338 522 368 rem,
548 328 608 361 sub
633 330 755 362 annulo
780 328 965 370 Piscatoris,
988 328 1039 362 die
1062 339 1090 362 tx
1110 327 1178 362 iulii

440 389 582 420 1111061111,
608 381 817 425 pontificatus
833 382 936 415 nostri
955 392 1041 415 anno
1059 391 1115 415 xii.

475 441 534 470 Dat.
552 443 595 470 die
612 443 627 471 9
648 443 705 470 iulii
729 443 806 477 1712,
829 443 925 479 pontif.
944 451 1014 470 anno
1031 450 1078 470 xil.

727 586 879 620 CLXXIV.

441 667 658 709 Confirmatur
690 667 853 700 decretum
886 666 1068 699 cardinalis
1097 676 1179 709 pro-

484 721 609 752 rectoris
634 720 672 753 de
695 720 852 753 servanda
882 719 1079 763 aequalitate
1112 729 1178 751 coe-

482 773 654 806 nobiorum
690 778 718 806 et
754 774 935 816 officiorum
973 773 1059 805 inter
1098 771 1180 805 duas

482 826 644 859 custodias
666 827 854 870 provinciae
886 825 1081 859 Turonensis
1112 826 1177 867 sra-

483 882 569 911 1111711
596 879 852 922 Capuccinorum
877 879 898 911 ¹.

658 960 792 986 Clemens
814 959 892 993 Papa
911 959 960 991 XI,

579 1004 615 1031 ad
635 1003 769 1031 futuram
787 1003 831 1030 rei
851 1003 1035 1030 memoriam.

481 1075 496 1118 ξ
521 1074 550 1108 t.
576 1075 700 1118 Exponi
716 1075 811 1107 nohis
830 1084 935 1117 nuper
953 1074 1026 1107 secit
1042 1073 1177 1106 dilectus

437 1127 521 1161 silius
547 1127 734 1161 Timotheus
760 1127 798 1161 de
815 1128 844 1160 la
861 1127 991 1167 Fleche,
1010 1127 1109 1160 frater
1127 1137 1178 1159 ex-

438 1192 547 1224 presse
571 1181 738 1225 professus
762 1180 891 1214 Ordinis
904 1180 1061 1213 Minorum
1076 1179 1177 1213 sancti

437 1236 598 1269 Francisci
624 1235 879 1279 Capuccinorum
905 1240 1176 1278 nuncupatorum,

438 1290 537 1332 quod,
557 1289 596 1322 ad
614 1289 776 1322 tollendas
796 1289 1013 1322 dissentiones
1033 1288 1118 1321 inter
1132 1287 1178 1321 di-

437 1343 538 1375 lectos
551 1342 634 1375 filios
648 1343 763 1375 fratres
777 1342 965 1386 provinciae
980 1341 1177 1375 Turonensis

438 1394 512 1427 dicti
539 1394 666 1427 Ordinis
690 1400 832 1435 exortas,
859 1393 1055 1428 venerabilis
1080 1395 1179 1427 frater

438 1452 551 1480 noster
584 1446 736 1480 Nicolaus
774 1447 948 1491 episcopus
990 1447 1177 1480 Portuensis

438 1500 469 1533 S.
482 1500 565 1533 RE.
582 1501 754 1534 cardinalis
770 1502 949 1534 Acciaiolus
964 1507 1176 1545 nuncupatus,

439 1553 586 1586 eiusdem
620 1553 748 1589 Ordinis
783 1555 867 1598 apud
905 1565 963 1587 nos
1001 1560 1032 1587 et
1062 1555 1176 1588 Sedent

438 1607 655 1650 Apostolicam
682 1613 858 1650 protector,
884 1608 992 1650 rigore
1019 1608 1177 1640 facultatis

438 1659 499 1692 sibi
536 1671 594 1704 per
630 1661 823 1704 rescriptum
861 1666 1009 1694 nostrum
1043 1660 1093 1694 die
1126 1671 1178 1694 xiv

438 1712 517 1745 iunii
543 1722 661 1746 unceis
689 1713 871 1753 attributae,
891 1713 1058 1747 decretum
1077 1713 1179 1747 edidit

439 1766 562 1799 tenoris
588 1767 640 1809 qui
667 1761 854 1810 sequitur:¹

477 1828 533 1858 Nos
555 1828 690 1859 Nicotaus
711 1829 809 1859 divina
823 1828 1009 1860 miseratione
1024 1829 1178 1869 episcopus

439 1877 607 1908 Portuensis
634 1877 663 1908 S.
694 1878 728 1908 R.
754 1878 785 1908 E.
809 1878 966 1908 cardinalis
988 1879 1151 1908 Aceiaiolus
1169 1903 1176 1917 ‚

438 1926 512 1966 apud
534 1927 670 1957 Sanctam
693 1927 795 1957 Sedem
818 1927 936 1957 Ordinis
958 1928 1079 1957 fratrum
1112 1937 1177 1957 san-

438 1976 474 2005 cti
498 1975 644 2005 Francisci
667 1975 895 2015 Capuccinoruiu
920 1979 1076 2015 protector.

477 2028 545 2059 Cum
570 2037 621 2067 per
643 2029 853 2068 provincialem
873 2030 1047 2060 etcustodes
1059 2029 1177 2069 provin-

438 2076 498 2106 ciae
520 2077 699 2107 Turonensis
715 2077 831 2108 Ordinis
847 2077 1076 2117 Capuccinornm
1090 2078 1119 2108 in
1133 2087 1178 2107 ca-

438 2125 531 2163 pitulo
544 2126 672 2163 generali
690 2126 849 2156 existentes
862 2126 1047 2156 sanctissimo
1059 2126 1177 2156 domino

438 2178 538 2204 nostro
553 2174 692 2205 Clementi
706 2175 741 2204 xl
756 2175 844 2205 suerit
863 2176 1039 2215 expositum,
1054 2176 1130 2215 quod
1142 2176 1177 2205 ad

438 2232 537 2262 pacem
558 2224 859 2264 tranquillitatemque
881 2234 1065 2255 communem
1088 2225 1177 2255 totius

472 2308 484 2334 1
508 2308 656 2335 lnnocentii
677 2308 707 2335 Xl
729 2313 814 2336 const.
837 2310 880 2337 ed.
902 2316 1033 2336 unctxnx
1047 2332 1054 2344 ‚
1077 2309 1119 2336 die
1145 2308 1177 2336 10

437 2352 582 2386 februarii,
603 2354 698 2389 pontis.
720 2360 758 2387 111,
779 2353 853 2381 unita
873 2354 947 2381 fuere
967 2354 1096 2381 nonnulla
1116 2361 1176 2380 coe-

437 2397 519 2425 nobia
549 2398 687 2425 custodiae
717 2398 896 2434 Campaniae;
927 2398 1007 2425 huius
1037 2397 1175 2425 Pontificis

437 2446 523 2469 const.
544 2441 586 2469 ed.
607 2448 720 2475 uocem,
742 2443 786 2470 die
808 2444 835 2469 11
860 2442 991 2475 ianuarii,
1013 2441 1107 2477 pontit.
1130 2448 1174 2475 xi,

437 2486 574 2522 provincia
594 2485 740 2513 lnsuleusis
759 2486 888 2513 dividitur
907 2486 933 2512 in
945 2485 1011 2512 duas
1022 2485 1174 2517 custodias;

437 2534 464 2557 et
483 2530 619 2558 Benedicti
643 2530 699 2557 xllt
727 2533 812 2557 const.
840 2530 883 2556 ed.
905 2536 1038 2556 Muccxxix
1052 2551 1058 2562 ‚
1079 2530 1122 2557 die
1141 2530 1170 2556 21

437 2574 577 2609 februarii,
598 2574 692 2610 pontif.
710 2581 734 2609 V,
752 2575 878 2602 statuitur
895 2574 1053 2601 alternatim
1071 2574 1096 2601 in
1113 2582 1175 2608 pro·

437 2619 523 2647 vincia
543 2618 680 2647 Brixiensi.

1020 226 1201 251 BULLARIUM
1225 225 1381 251 ROMANUM

1222 274 1315 305 dictae
1338 275 1504 315 provinciae
1533 274 1692 314 plurimum
1715 274 1847 304 conferre
1869 273 1960 313 possit

1222 323 1464 361 conservandam,
1478 323 1501 353 si
1517 323 1547 352 in
1559 325 1568 340 ¹
1583 323 1647 362 ipsa
1662 322 1811 362 provincio.
1825 322 1912 362 (quae
1924 331 1959 352 ex

1222 370 1334 402 duabus
1348 377 1390 402 est
1407 371 1565 412 composita
1587 371 1738 408 custodiis,
1752 380 1856 410 nempe
1870 371 1961 401 Aure-

1222 420 1345 450 lianensi
1361 425 1388 450 et
1401 420 1602 459 Pictaviensi)‚
1620 420 1765 458 assignato
1780 420 1896 459 utrique
1911 429 1961 449 cu-

1222 469 1331 499 stodiae
1357 469 1469 509 aequali
1499 473 1693 499 conventuum
1726 478 1759 498 ac
1781 468 1868 498 etiam
1898 468 1961 507 pari

1222 518 1408 556 superiorum
1431 522 1459 548 et
1487 518 1716 556 guardianorum
1746 526 1880 554 numero,
1904 516 1960 546 duo

1222 566 1390 596 definitores
1412 576 1446 596 ex
1468 569 1539 605 una,
1567 571 1595 597 et
1617 567 1673 597 duo
1695 576 1730 597 ex
1752 566 1855 604 altera,
1875 566 1960 596 mini-

1221 619 1280 644 ster
1303 623 1371 645 vero
1393 615 1581 654 provincialis
1608 615 1793 651 alternatim,
1818 613 1902 644 modo
1924 623 1958 644 ex

1223 665 1278 693 111111
1296 688 1303 702 ,
1325 663 1411 694 1110ἀο
1440 673 1474 694 ex
1497 664 1589 694 altera
1612 663 1753 700 custodia,
1777 663 1936 702 eligeretur
1950 685 1958 700 ,

1223 711 1273 750 qui
1304 715 1394 741 totam
1419 712 1599 750 provinciam
1629 711 1827 750 gubernaret;
1854 714 1883 741 et
1904 710 1960 750 ipsi

1222 764 1318 798 patres
1352 760 1538 790 Turonenses
1561 760 1589 789 in
1613 760 1741 799 capitulo
1764 768 1865 790 eorum
1894 768 1960 798 pro-

1222 808 1339 839 vinciali
1362 808 1510 839 celebrato
1532 809 1578 839 die
1603 818 1669 839 xviu
1692 809 1760 839 maii
1783 817 1911 839 1111061111
1929 808 1960 838 111

1220 862 1364 887 conventu
1386 857 1574 897 Rupellensi,
1603 859 1657 888 hoc
1685 858 1800 897 negotio
1823 867 1873 898 per
1896 862 1960 888 vota

1220 910 1330 936 secreta
1353 906 1557 945 capitularium
1576 906 1656 945 prius
1672 908 1848 945 examinato,
1864 906 1961 936 sortiti

1221 955 1329 986 suerint
1355 955 1485 985 eiusdem
1508 955 1627 994 capituli
1659 955 1899 995 approbationem
1933 960 1960 986 et

1220 1003 1477 1042 ratihabitionem,
1502 1004 1560 1033 imo
1588 1004 1622 1033 ad
1656 1004 1812 1043 aliqualem
1846 1005 1959 1043 praxim

1220 1053 1401 1082 reduxerint:
1417 1062 1543 1092 cumque
1559 1053 1762 1083 sanctissimus
1779 1053 1960 1092 praedictum

1220 1102 1369 1140 negotium
1392 1101 1619 1131 examinandum
1648 1101 1866 1131 demandaverit
1890 1101 1961 1131 dest-

1220 1151 1327 1180 nitorio
1350 1151 1479 1189 generali
1501 1151 1530 1180 in
1549 1150 1675 1190 capitulo
1696 1150 1825 1189 generali
1840 1159 1961 1188 congre-

1219 1204 1297 1238 gato,
1321 1199 1409 1238 quod,
1434 1209 1463 1229 re
1487 1199 1628 1237 discussa,
1653 1199 1779 1237 censuit,
1796 1200 1820 1228 si
1835 1199 1873 1228 ita
1888 1198 1959 1229 San-

1219 1249 1308 1278 ctitatt'
1329 1248 1401 1278 Suae
1421 1248 1570 1287 placuerit,
1594 1249 1629 1277 nd
1651 1257 1747 1286 pacem
1770 1247 1960 1286 tranquillita-

1220 1302 1324 1336 temque
1339 1298 1470 1327 intcntam
1487 1307 1566 1336 posse
1590 1297 1678 1326 relide
1700 1298 1838 1335 conferre,
1853 1295 1959 1335 quibus

1220 1346 1356 1376 omnihus
1380 1355 1429 1385 per
1462 1349 1681 1385 procuratorem
1715 1344 1831 1375 Ordinis
1864 1344 1958 1375 eidem

1219 1395 1405 1426 sanctissimo
1426 1394 1652 1434 repraesentatis
1677 1417 1683 1430 ‚
1718 1393 1826 1433 placuit
1847 1393 1960 1424 Sancti-

1221 1444 1271 1474 tati
1293 1443 1368 1473 Suae
1391 1443 1443 1473 sub
1466 1443 1512 1473 die
1535 1452 1581 1472 Xiv
1604 1443 1677 1473 iunii
1700 1442 1783 1472 nobis
1799 1451 1887 1482 super
1902 1442 1959 1472 tale

1220 1493 1369 1532 negotium
1393 1502 1493 1532 preces
1515 1492 1661 1531 expositas
1683 1492 1834 1522 remittere
1851 1514 1859 1529 ,
1882 1495 1914 1521 ut
1929 1491 1959 1521 id

1220 1546 1414 1572 statueremus
1437 1550 1488 1580 pro
1511 1545 1610 1571 nostro
1632 1540 1754 1570 arbitrio
1776 1544 1805 1570 et
1832 1540 1960 1579 pruden-

1221 1591 1259 1619 tia
1275 1615 1282 1627 ,
1306 1590 1382 1629 quod
1407 1590 1498 1627 magis
1520 1589 1550 1619 in
1573 1589 1696 1619 Domino
1720 1589 1859 1628 expedire
1893 1598 1960 1619 cen-

1220 1648 1366 1669 seremus:
1391 1639 1499 1668 idcirco
1527 1648 1599 1676 nos,
1624 1638 1732 1667 virtute
1764 1637 1908 1668 facultatis
1931 1641 1959 1667 et

1221 1688 1403 1718 auctoritatis
1426 1697 1440 1716 a
1463 1688 1622 1717 Sanctitate
1648 1687 1706 1717 Sua
1739 1687 1823 1717 nohis
1846 1686 1875 1716 in
1905 1687 1957 1716 hac

1222 1741 1302 1776 parte
1325 1735 1492 1775 specialiter
1514 1735 1689 1773 attributae,
1713 1734 1839 1765 dicimus
1862 1738 1889 1765 et
1910 1734 1959 1765 de-

1221 1786 1364 1816 claramus
1381 1808 1388 1822 ‚
1415 1785 1508 1824 primo
1531 1794 1588 1814 non
1611 1784 1727 1814 licuisse
1749 1783 1959 1823 capitularibus

1221 1835 1249 1864 in
1272 1838 1417 1864 conventu
1440 1833 1609 1873 [tupellensi
1632 1833 1815 1871 congregatis
1837 1832 1872 1863 ad
1895 1842 1960 1872 pra-

1222 1883 1280 1913 xim
1297 1884 1436 1913 reducere
1454 1882 1630 1922 propositam
1648 1881 1678 1911 in
1695 1881 1744 1911 tali
1759 1881 1886 1921 capitulo
1900 1885 1958 1911 tam

1220 1935 1418 1962 conventuum
1428 1940 1515 1970 quam
1531 1931 1714 1970 superiorum
1731 1929 1957 1969 guardianorum

1221 1980 1450 2019 designationem
1474 1980 1598 2010 duorum
1621 1979 1808 2009 definitorum
1841 1988 1875 2009 ex
1899 1980 1958 2008 unz’t

1221 2034 1248 2060 et
1270 2030 1393 2060 duorum
1417 2039 1450 2060 ex
1473 2030 1577 2066 altera,
1601 2033 1628 2059 et
1652 2028 1777 2059 ministri
1794 2028 1958 2068 provincia-

1221 2079 1256 2108 lis
1280 2079 1364 2109 modo
1388 2088 1422 2109 ex
1445 2080 1514 2114 una,
1539 2078 1623 2108 modo
1649 2088 1682 2108 ex
1710 2078 1801 2108 altera
1823 2077 1956 2107 custodia

1219 2128 1383 2158 restrictam
1407 2127 1577 2157 electionem
1596 2151 1602 2165 ,
1628 2132 1655 2157 et
1676 2127 1732 2156 alia
1765 2125 1930 2156 huiusmodi
1949 2136 1955 2154 ι

1220 2186 1292 2215 quae
1315 2177 1369 2206 etsi
1391 2176 1468 2206 bona
1491 2176 1545 2206 tide
1568 2177 1621 2214 (ut
1644 2175 1762 2205 credere
1783 2174 1885 2213 iuvat)
1908 2183 1957 2213 po-

1220 2228 1339 2255 tuerunt
1360 2224 1532 2264 irrepsisse,
1556 2233 1592 2254 ne
1616 2229 1711 2254 tamen
1735 2233 1769 2252 ex
1791 2222 1898 2252 insecta
1913 2231 1958 2252 ra-

1219 2273 1282 2303 dice
1305 2282 1433 2312 unquam
1456 2273 1568 2312 possint
1597 2272 1625 2301 in
1656 2271 1854 2310 suspicionem
1885 2270 1957 2301 inse-

1219 2322 1323 2351 ctionis
1347 2321 1445 2351 venire
1468 2325 1496 2350 et
1517 2321 1574 2350 dici
1597 2325 1710 2350 ceterae
1733 2319 1892 2350 electiones
1929 2323 1956 2349 et

1219 2370 1400 2410 provisiones
1417 2370 1446 2399 in
1463 2369 1540 2400 dicto
1556 2369 1686 2408 capitulo
1702 2369 1804 2406 factae,
1824 2378 1888 2403 nos,
1908 2370 1958 2399 ea-

1218 2419 1283 2449 dem
1306 2418 1479 2449 auctoritate
1502 2427 1590 2457 supra
1614 2417 1696 2448 nobis
1719 2418 1870 2453 attributa,
1885 2427 1955 2457 qua-

1218 2472 1302 2497 tenus
1325 2476 1397 2507 opus
1420 2468 1478 2505 sit,
1503 2467 1598 2496 onmia
1630 2476 1767 2497 sanamus
1800 2471 1827 2497 et
1856 2470 1955 2496 sanata

1217 2515 1422 2549 declaramus,
1447 2514 1554 2545 abolito
1578 2520 1673 2546 tamen
1697 2515 1777 2555 prius
1799 2514 1878 2545 omni
1908 2515 1957 2545 de-

1217 2568 1297 2594 creto
1319 2563 1533 2603 quomodolibet
1559 2573 1609 2603 per
1642 2568 1740 2603 patres
1771 2564 1955 2595 Turonenses

1254 2620 1262 2645 1
1289 2618 1439 2653 Praeposit.
1463 2618 1489 2645 in
1512 2626 1560 2646 nos
1580 2617 1705 2647 addimus
1725 2619 1759 2654 [n.
1777 2618 1823 2654 r.).

1967 224 2015 252 An.
2036 224 2065 252 C.
2088 225 2154 253 ¹712
