2269 3203
257 211 306 239 An.
323 210 351 238 C.
371 210 442 238 1713

328 484 440 504 Coum-ssia

255 517 305 537 prae
314 511 378 531 lictae
407 517 441 530 tu-

255 538 386 563 dulae-ntiae.

290 1645 354 1669 tides
379 1648 436 1668 tran-

251 1677 388 1702 sumptorum.

487 199 551 236 580
1034 211 1211 237 nvttamru
1236 209 1389 236 Romami

666 260 800 288 clemens
821 261 901 294 Papa
920 261 957 288 xt
969 281 975 294 ,

450 308 605 337 universis
628 309 890 341 christifidelibus,
907 313 1088 344 praesentes
1103 310 1189 337 litte-

502 361 552 381 ras
573 354 769 388 inspecturis,
791 355 921 381 salutem
940 356 971 381 et
990 354 1190 387 apostolicam

503 398 753 426 benedictionem.

495 468 556 511 gi.
574 469 620 502 Ad
636 469 816 511 augendam
832 468 975 501 fidelium
991 469 1188 510 religionem

452 526 484 554 et
504 522 683 555 animarum
706 522 841 554 salutem
864 522 1060 554 caelestibus
1081 522 1189 554 Eccle-

451 574 515 607 siae
534 573 693 607 thesauris
708 573 761 616 pia
774 574 930 606 charitate
948 574 1076 614 intenti,
1091 575 1189 607 omni-

448 618 508 658 bus
528 626 697 669 utriusque
717 636 811 658 sexus
831 626 1096 659 christifidelibus
1115 636 1188 659 vere

448 679 691 722 poenitentibus
714 683 746 711 et
763 679 920 712 confessis
940 690 975 712 ac
998 681 1086 712 sacra
1101 691 1188 713 com-

448 731 603 764 munione
628 731 779 771 resectis,
813 732 865 775 qui
900 733 1040 776 aliquam
1077 743 1113 765 ex
1141 743 1189 765 ec-

448 785 555 818 clesiis
583 785 716 818 fratrum
741 785 870 819 Ordinis
900 785 1059 819 Minorum
1085 787 1187 819 sancti

447 838 607 873 Francisci
643 839 898 882 Capuccinorum
927 844 1186 883 nuncupatorum

446 891 568 935 ubique
585 892 791 925 existentium
806 892 839 925 in
853 899 1036 926 sanctorum
1055 892 1188 925 Pascha-

447 946 486 980 lis
509 947 629 990 Baylon
651 952 683 980 et
699 947 828 980 loannis
847 958 863 980 a
888 946 1075 991 Capistrano
1101 946 1188 980 sestis

449 999 584 1033 diebus¹
611 1012 627 1033 a
652 1001 765 1043 primis
792 1000 933 1044 vesperis
951 1012 1051 1044 usque
1074 1001 1111 1034 ad
1139 1011 1188 1034 oc-

447 1063 556 1085 casum
577 1053 653 1086 solis
686 1053 809 1086 dierum
842 1053 1024 1086 huiusmodi
1051 1053 1187 1096 singulis

447 1105 541 1137 annis
579 1105 693 1138 devote
734 1105 959 1147 visitaverint,
992 1112 1024 1139 et
1052 1106 1097 1139 ibi
1127 1117 1187 1150 pro

448 1157 700 1192 christianorum
715 1159 899 1202 principum
914 1159 1100 1199 concordia,
1117 1160 1188 1192 hae-

447 1221 557 1244 resum
583 1212 824 1256 extirpatione,
851 1224 887 1246 ac
917 1218 1047 1246 sanctae
1077 1213 1188 1246 matris

447 1263 612 1297 Ecclesiae
632 1265 825 1298 exaltatione
846 1264 915 1309 pias
943 1267 980 1299 ad
999 1266 1098 1300 Deum
1116 1276 1188 1310 pre-

447 1326 499 1349 ces
519 1316 703 1358 effuderint‚
725 1329 790 1361 quo
815 1318 866 1352 die
891 1319 1130 1362 praedictorum
1156 1319 1187 1352 id

448 1370 583 1412 egerint,
601 1372 782 1414 plenariam
808 1372 953 1405 omnium
978 1378 1186 1416 peccatorum

447 1433 577 1456 suorum
614 1423 853 1467 indulgentiam
890 1431 921 1458 et
957 1425 1185 1459 remissionem

446 1477 707 1511 misericorditer
731 1479 762 1511 in
787 1478 923 1512 Domino
949 1479 1183 1520 concedimus3

445 1531 673 1573 praesentibus
699 1533 866 1576 perpetuis
894 1532 1007 1565 futuris
1035 1534 1186 1577 tempori-

446 1584 507 1616 bus
534 1585 691 1618 valituris.

490 1637 559 1680 §2
596 1638 749 1672 Volumus
783 1644 890 1672 autem
922 1646 958 1672 ut
1000 1641 1184 1674 earumdem

445 1692 667 1734 praesentium
683 1692 864 1725 litterarum
884 1693 1105 1737 transumptis,
1128 1705 1184 1727 seu

445 1745 615 1788 exemplis,
631 1745 726 1778 etiam
742 1746 916 1789 impressis,
934 1757 1029 1779 manu
1045 1747 1183 1779 alicuius

444 1798 562 1830 notarii
576 1798 699 1841 publici
719 1799 918 1842 subscriptis,
938 1806 969 1832 et
987 1800 1095 1842 sigillo
1113 1810 1185 1844 per-

444 1861 543 1884 sonae
561 1851 593 1883 in
615 1852 837 1885 ecclesiastica
855 1853 1013 1895 dignitate
1028 1853 1185 1885 constitu-

443 1909 495 1937 tae
510 1905 657 1946 munitis,
678 1906 792 1938 eadem
813 1916 948 1949 prorsus
964 1906 1042 1939 sides
1062 1906 1182 1949 ultique

442 1957 588 1990 locorum
615 1957 786 1997 habeatur,
814 1969 896 2002 quac
922 1958 1003 2002 ipsis
1027 1970 1183 2002 praesen-

444 2009 528 2042 tibus
554 2010 734 2043 haberetur
762 2011 788 2043 si
817 2011 923 2044 forent
944 2012 1110 2045 exhibitae
1133 2013 1182 2045 vel

444 2068 609 2096 ostensae.

486 2117 602 2149 Datum
623 2117 756 2157 Romae,
777 2119 863 2161 apud
886 2119 916 2151 S.
941 2119 1071 2152 Mariam
1089 2119 1182 2152 Maio-

442 2179 521 2210 rem,
544 2171 604 2203 sub
626 2172 747 2204 annulo
766 2171 947 2212 piscatoris,
966 2173 1017 2205 die
1042 2183 1073 2206 xi
1098 2177 1181 2206 octo-

441 2222 511 2256 bris
546 2233 690 2257 mnccxru
711 2251 718 2262 ‚
745 2224 951 2267 pontificatus
989 2226 1089 2258 nostri
1127 2236 1182 2258 an-

443 2285 485 2308 no
509 2285 580 2309 xur.

479 2337 537 2364 Dat.
555 2337 599 2365 die
619 2340 645 2365 11
664 2339 780 2366 octobris
797 2339 874 2373 1713,
891 2339 990 2375 pontis.
1012 2348 1085 2367 anno
1105 2346 1161 2366 x111.

443 2418 594 2454 applicandi
610 2418 754 2454 quamdam
769 2419 964 2454 indulgentiam
979 2419 1178 2451 defunctorunn

443 2466 471 2489 et
489 2462 625 2490 Benedicti
646 2462 702 2490 ΧΙΙΙ
722 2464 830 2490 constit.
851 2463 894 2490 ed.
916 2470 1044 2490 MDCCtt'Jttx
1057 2485 1063 2496 ‚
1084 2463 1126 2490 die
1148 2463 1179 2490 12

443 2507 542 2539 martii,
562 2507 658 2542 pontis.
674 2515 701 2541 v,
718 2510 789 2534 extat
804 2507 968 2535 beatificatio
988 2508 1058 2534 beuti
1071 2507 1177 2535 Fidelis.

480 2553 490 2578 1
513 2551 600 2579 Voces
619 2552 699 2586 festis
719 2552 818 2579 diebus
838 2560 888 2579 uos
908 2552 1032 2579 addimus
1051 2554 1092 2587 (a.
1115 2553 1163 2582 [l.

1545 259 1658 293 CXCII.

1233 329 1435 370 Decernitur,
1463 329 1659 363 servandum
1683 339 1748 363 esse
1767 330 1903 363 solitum
1918 340 1971 363 su-

1274 391 1332 425 per
1364 382 1519 425 suffrayio
1553 381 1683 424 serendo
1708 392 1728 414 a
1750 381 1970 425 superioribus

1276 435 1507 478 cuiuscumque
1541 435 1682 468 coenobii
1704 435 1847 478 fratrum
1873 435 1971 470 Ordi-

1276 487 1327 519 πίε
1352 488 1624 521 Praedicalorum
1650 488 1687 520 in
1708 488 1888 532 provinciis
1919 488 1971 522 In-

1276 539 1408 572 diarum
1434 540 1713 581 Occidentalium,
1739 551 1804 574 non
1827 541 1972 574 obstante

1276 593 1505 626 constitutione
1528 593 1634 626 Pauli
1662 592 1717 626 1⁷¹.

1441 672 1574 700 Clemens
1595 673 1673 706 Papa
1692 673 1746 705 xl,

1361 716 1398 743 ad
1424 716 1558 744 futuram
1584 717 1628 745 rei
1654 717 1837 745 memoriam.

1278 789 1292 831 ξ
1327 787 1358 820 1.
1392 788 1476 821 Alias
1512 798 1572 832 pro
1607 795 1700 833 parte
1729 788 1968 833 provinciarum
2017 799 2073 830 uem
2098 802 2163 822 ,mea

1232 840 1261 873 S.
1288 840 1444 874 Antonii²
1470 842 1541 874 novi
1573 843 1664 884 regni
1697 842 1905 876 Granatensis
1936 825 2164 906 et?i{{{'ii:;›}g=g}{

1978 906 2052 926 vinciis
2066 906 2088 927 S.
2098 907 2163 927 Anto·

1948 939 1956 948 ·
1977 932 2007 954 nti
2016 934 2037 954 et
2046 932 2068 954 S.
2080 932 2161 954 Crucis.

1232 892 1261 926 S.
1276 893 1384 926 Crucis
1401 893 1530 927 Ordinis
1550 894 1682 927 fratrum
1699 895 1966 929 Praedicatorum

1232 946 1265 979 in
1290 946 1388 980 Indiis
1413 946 1673 980 Occidentalibus
1694 948 1787 982 nobis
1811 949 1965 992 exposito,

1233 1000 1330 1043 quod,
1345 1000 1421 1033 licet
1434 1000 1541 1044 praxis
1559 1000 1751 1034 inconcussa
1765 1001 1966 1043 inolevisset,

1232 1053 1359 1096 priores
1378 1064 1435 1087 seu
1453 1054 1588 1087 vicarios
1602 1055 1734 1088 illorum
1750 1061 1969 1089 conventuum

1233 1116 1289 1139 seu
1325 1107 1503 1148 domorum,
1529 1107 1656 1141 tametsi
1681 1108 1893 1142 sufficientem
1917 1118 1970 1142 re*

1232 1159 1418 1202 ligiosorurn
1444 1171 1613 1194 numerum
1649 1161 1781 1195 minime
1817 1163 1967 1203 alerent,

1232 1212 1312 1246 itaut
1329 1213 1361 1246 in
1379 1214 1547 1248 nonnullis
1562 1224 1598 1247 ex
1614 1214 1737 1248 eisdem
1755 1215 1968 1248 conventibus

1232 1272 1370 1310 quatuor
1406 1267 1576 1311 religiosi,
1602 1278 1638 1301 ac
1675 1267 1770 1301 etiam
1805 1279 1890 1302 unus
1921 1268 1968 1301 uti

1231 1320 1322 1362 prior
1348 1330 1402 1353 seu
1427 1320 1563 1353 vicarius
1589 1321 1816 1364 permanserit,
1834 1321 1874 1354 ad
1893 1331 1968 1365 pro-

1231 1371 1380 1406 vincialia
1406 1372 1558 1416 capitula,
1584 1383 1655 1407 cum
1682 1379 1756 1407 voto
1781 1378 1813 1406 et
1836 1373 1910 1407 loco
1934 1373 1968 1407 in

1231 1424 1409 1468 superioris
1447 1425 1655 1468 provincialis
1681 1426 1856 1467 electione,
1881 1425 1969 1459 iuxta

1231 1477 1328 1510 etiam
1353 1478 1623 1521 approbationem
1642 1478 1743 1512 felicis
1767 1478 1969 1512 recordatio-

1231 1530 1278 1563 nis
1293 1529 1469 1564 Clementis
1482 1531 1541 1573 vu,
1560 1532 1649 1565 Pauli
1667 1531 1719 1573 111,
1734 1531 1884 1576 Gregorii
1901 1532 1968 1566 ΧΙΙΙ

1231 1589 1262 1617 et
1281 1584 1453 1618 Alexandri
1472 1585 1568 1618 etiam
1586 1585 1636 1618 vll
1652 1585 1871 1619 Romanorum
1889 1585 1969 1619 Pon-

1229 1636 1347 1670 tificum
1363 1638 1657 1681 praedecessorum
1675 1643 1871 1679 nostrorum,
1888 1648 1968 1672 sem-

1229 1700 1288 1732 per
1307 1690 1486 1730 accessisse,
1506 1691 1720 1724 nihilominus
1745 1691 1910 1725 nonnullis
1927 1691 1967 1725 ab

1229 1743 1305 1776 hinc
1320 1744 1411 1776 annis
1428 1744 1467 1777 ab
1486 1745 1648 1788 aliquibus
1666 1745 1865 1778 factionariis
1878 1755 1968 1779 scan-

1229 1797 1340 1829 dalose
1360 1802 1568 1839 praetensum
1589 1798 1700 1839 suerat,
1720 1798 1967 1841 provincialium

1227 1860 1283 1882 scu
1308 1850 1503 1884 vicariorum
1538 1851 1714 1884 electiones
1740 1862 1811 1885 cum
1835 1856 1910 1885 voto
1935 1856 1967 1885 et

1227 1902 1378 1946 suffragio
1404 1905 1595 1937 eorumdem
1627 1904 1774 1949 priorum
1800 1915 1858 1938 seu
1881 1904 1966 1938 vica-

1226 1956 1349 1989 riorum
1382 1957 1426 1989 sic
1460 1957 1639 1990 celebratas
1673 1958 1778 1991 nullas
1804 1963 1836 1991 et
1859 1957 1965 1991 irritas

1226 2008 1343 2048 fuisse,
1370 2015 1401 2041 ct
1439 2010 1568 2053 quidem
1604 2010 1715 2054 vigore
1752 2011 1964 2055 quarumdam

1225 2062 1297 2104 piac
1331 2062 1508 2095 memoriae
1546 2062 1635 2095 Pauli
1667 2063 1772 2106 Papae
1796 2063 1819 2095 V
1841 2062 1966 2107 pariter

1225 2115 1487 2156 praedecessoris
1513 2115 1613 2148 nostri
1642 2116 1784 2160 desuper
1808 2115 1840 2149 in
1866 2115 1962 2149 simili

1259 2211 1272 2237 1
1295 2211 1411 2238 Laudat-5
1439 2212 1517 2239 Pauli
1546 2212 1563 2238 V
1584 2212 1690 2239 constit.
1713 2212 1779 2239 edit.
1799 2211 1849 2239 suit
1871 2218 1963 2246 Mncn,

1224 2255 1267 2282 die
1283 2255 1317 2282 ⁹23
1336 2255 1497 2289 decembris;
1519 2255 1591 2283 idern
1611 2263 1768 2282 concessum
1784 2255 1834 2282 suit
1853 2256 1964 2291 provin-

1224 2299 1271 2325 ciis
1290 2300 1316 2326 S.
1341 2299 1466 2326 Antonini
1486 2304 1513 2326 et
1531 2299 1554 2326 S.
1578 2299 1670 2326 Crucis
1698 2299 1732 2326 ah
1752 2299 1802 2326 hoe
1832 2299 1964 2328 Pontissce

1224 2343 1330 2370 constit.
1359 2344 1424 2370 edit.
1455 2350 1572 2375 uocem,
1591 2343 1635 2371 die
1654 2344 1670 2370 2
1690 2343 1748 2370 iulii
1766 2365 1772 2376 ,
1793 2343 1887 2379 pontis.
1906 2350 1962 2379 xu,

1223 2394 1327 2414 necnon
1338 2387 1457 2414 eremitis
1467 2387 1491 2414 S.
1503 2387 1646 2421 Augustini
1657 2388 1764 2415 constit.
1777 2387 1841 2415 edit.
1852 2395 1962 2422 nucctx,

1223 2430 1266 2457 die
1295 2431 1325 2457 21
1361 2431 1437 2465 iunii,
1468 2431 1562 2466 pontif.
1584 2437 1649 2465 x1u3
1679 2435 1705 2458 et
1738 2431 1887 2459 innocentii
1907 2430 1963 2459 ΧΙΙΙ

1222 2475 1329 2502 constit.
1350 2475 1415 2502 edit.
1436 2481 1571 2509 mcccxxu,
1588 2475 1630 2503 die
1650 2476 1682 2502 ⁶24
1702 2476 1805 2512 aprilis,
1826 2476 1922 2512 pontis.
1941 2482 1961 2511 1,

1223 2519 1406 2546 conceduntur
1426 2519 1580 2555 provinciae
1600 2520 1755 2548 Mexicanae
1782 2525 1842 2548 octo
1861 2520 1962 2555 gradus

1223 2562 1383 2597 magisterii.

1256 2607 1272 2633 Ξ
1291 2606 1356 2642 Sap.
1373 2615 1434 2643 pag.
1451 2607 1503 2637 536
1522 2607 1620 2643 legitur
1638 2610 1668 2637 S.
1691 2608 1832 2640 Antonini
1852 2608 1889 2644 (n,
1909 2608 1960 2643 13).

1972 211 2025 240 An.
2040 211 2071 241 C.
2092 211 2162 241 ¹7¹3
