2269 3203
89 193 141 220 An.
163 192 190 219 C.
210 191 276 218 ¹715

905 186 1045 210 CLEMENS
1071 186 1100 208 Xl
1126 187 1173 209 ΓΡ.

287 238 448 278 domibus,
475 237 639 276 ecclesiis,
676 236 736 279 piis
767 245 802 267 ac
827 233 1026 267 charitativis

286 292 376 332 locis,
396 292 587 334 illorumque
607 289 774 332 quibusvis
792 287 1025 330 superioribus,

286 355 321 378 ac
339 344 504 387 utriusque
532 353 626 376 sexus
647 341 848 383 regularibus
875 339 1025 383 personis

286 408 439 431 concessa
456 395 632 441 privilegia,
654 395 819 427 facultates
840 399 869 426 et
892 393 1023 430 indulta,

287 460 511 495 ‹piaecuinque
544 454 576 482 ct
612 447 858 491 qualiacumque
885 446 958 487 sint,
985 446 1023 478 ad

288 504 462 547 praefatam
477 500 770 544 Congrcgatiouem
790 499 947 541 regularis
970 499 1025 531 ob-

287 555 466 589 servantiae
492 556 523 588 S.
551 553 721 593 Bernardi,
750 552 835 585 illius
861 556 1025 584 monaste-

288 609 333 641 rIa
358 614 388 641 et
413 617 631 652 quascumque
663 605 830 648 utriusque
857 614 953 636 sexus
979 614 1025 636 re-

286 662 414 704 gulares
432 670 588 704 personas
605 658 745 699 extendi,
769 658 902 700 illasque
923 662 953 690 et
971 657 1024 690 illa

286 715 331 747 eis
357 711 597 747 communicari.
616 711 718 750 Quare
738 721 796 754 pro
814 715 906 754 parte
925 710 1025 743 dicto-

286 778 354 799 rum
368 765 541 808 generalis,
555 763 789 803 retbrmatoris,
804 763 1023 802 definitorum,

285 819 553 858 consiliariorum,
582 818 790 858 visitatorum,
817 817 969 849 abbatum
995 821 1026 849 et

285 873 418 904 aliarum
444 871 602 904 dictarum
620 880 837 914 personarum
855 868 949 902 nobis
968 868 1024 901 suit

285 923 457 956 humiliter
482 923 710 966 supplicatum,
728 928 886 966 quatenus
913 931 1025 954 eorum

286 976 447 1010 desiderio
473 986 628 1017 annuere,
650 976 794 1018 aliasque
821 974 852 1006 in
874 973 1026 1017 praemis<

286 1029 329 1062 sis
354 1034 539 1072 opportune
561 1029 733 1072 providere
760 1028 798 1060 de
823 1027 1025 1070 benignitate

285 1081 467 1126 apostolica,
486 1081 706 1124 dignaremur.
727 1080 800 1121 Nos,
820 1080 874 1124 qui
901 1079 1027 1123 regula-

285 1136 368 1168 rium
401 1134 483 1168 votis
504 1162 512 1175 ,
539 1134 731 1177 pracsertim
766 1133 931 1176 religionis
964 1143 1023 1165 au-

285 1192 453 1231 gmentum
464 1186 682 1220 cernentibus-¹
695 1187 835 1219 libenter
845 1186 1024 1226 annuimus,

286 1252 386 1285 eaque
405 1239 565 1273 favoribus
580 1240 808 1282 prosequimur
822 1239 1025 1282 opportunis,

285 1295 490 1338 singulorum
515 1293 772 1336 privilegiorum,
800 1293 976 1335 gratiarum
995 1298 1026 1325 et

285 1348 495 1388 indultorum,
515 1357 550 1380 ac
567 1347 709 1390 desuper
735 1348 954 1380 conlectarum
974 1345 1026 1378 lit-

286 1407 428 1435 terarum
445 1400 629 1435 huiusmodi
650 1407 778 1433 tenores
797 1399 1024 1443 praesentibus

284 1466 343 1500 pro
361 1455 558 1488 sufficienter
577 1454 742 1498 expressis
764 1454 934 1494 liabenteS,
956 1463 1026 1486 nec-

284 1519 350 1542 non
363 1508 374 1525 2
393 1508 580 1551 generalem
602 1508 861 1548 reformatorem,
879 1507 1026 1540 delinito-

285 1573 358 1603 res,
384 1561 613 1602 consiliarios,
640 1561 843 1602 visitatores,
872 1560 1025 1600 abbates,

286 1616 427 1659 priores,
444 1615 632 1654 monachos,
655 1624 831 1657 eorumque
856 1614 1025 1657 utriusque

287 1679 382 1701 sexus
418 1667 584 1711 regulares
617 1677 774 1710 personas
805 1678 822 1699 a
856 1667 1024 1710 quibusvis

287 1720 642 1760 excommunicationis,
669 1720 893 1763 suspensionis
919 1725 950 1752 et
975 1719 1024 1752 in-

288 1774 426 1815 terdicti,
442 1774 578 1817 aliisque
597 1773 824 1807 ecclesiasticis
846 1773 1023 1813 sententiis,

287 1827 436 1860 censuris
461 1832 493 1860 et
516 1827 658 1870 poenis,
684 1838 700 1859 a
734 1827 801 1859 iure
827 1828 876 1859 vel
903 1827 941 1859 ab
969 1827 1025 1860 lio-

285 1881 383 1922 mine,
412 1880 525 1924 quavis
546 1879 717 1913 occasione
742 1881 793 1912 vel
819 1881 912 1912 causa
937 1880 1022 1920 latis,

286 1935 312 1967 si
339 1934 455 1979 quibus
489 1934 732 1978 quomodolibet
760 1933 933 1966 innodatae
958 1933 1025 1966 suc-

286 1989 359 2028 rint,
378 1988 416 2021 ad
443 1986 592 2021 effectum
617 1987 837 2030 praesentium
863 1987 1025 2020 dumtaxat

286 2042 566 2085 consequendum,
580 2041 697 2074 harum
716 2040 800 2073 serie
819 2040 1024 2073 absolventes

287 2101 319 2129 et
346 2096 510 2128 absolutas
535 2095 603 2127 sore
629 2099 815 2133 censentes,
840 2093 1024 2126 huiusmodi

287 2147 581 2193 supplicationibus
607 2147 762 2188 inclinati,
782 2147 888 2180 omnia
914 2152 944 2180 et
964 2146 1028 2179 sin-

288 2203 362 2245 gula
378 2201 515 2235 cuiusvis
540 2200 670 2244 generis
694 2200 874 2244 privilegia,
894 2210 1026 2244 praero-

289 2255 421 2299 gativas,
436 2254 664 2288 concessiones
678 2259 709 2287 et
723 2253 905 2292 facultates,
921 2263 1026 2286 exem-

289 2309 416 2351 ptiones
435 2313 466 2340 et
482 2308 660 2348 libertates,
681 2306 949 2346 conservatorias‚
967 2306 1026 2339 im-

289 2360 463 2393 munitates
488 2366 520 2393 et
544 2360 678 2401 indulta,
705 2360 935 2401 absolutiones,
961 2360 1024 2393 dis-

290 2414 498 2457 pensationes
523 2419 554 2447 et
577 2419 784 2457 peccatorum
803 2414 1024 2455 remissiones,

327 2495 338 2520 1
361 2493 456 2528 Aptius
474 2494 533 2527 lege
550 2494 787 2522 concernentibus
806 2495 901 2529 (n.·r-).

325 2538 341 2563 Ξ
360 2537 461 2572 Supple
481 2536 600 2564 Ordinis
625 2540 651 2566 ec
677 2538 915 2573 Conyreyationis
935 2546 1025 2573 prae-

291 2581 432 2611 dictorum
451 2580 488 2616 (a.
509 2580 557 2615 T.).

360 2635 438 2664 Ball.
460 2635 543 2664 Rom·
564 2651 597 2657 -
620 2635 680 2666 Vol.
701 2636 776 2665 XXI.
921 2636 954 2664 84

1070 233 1287 276 indulgentias
1307 233 1402 265 etiam
1429 234 1602 276 plenarias,
1620 238 1809 275 ceterasque

1070 286 1187 329 gratias
1213 286 1401 329 spirituales
1428 291 1460 317 et
1487 286 1691 328 temporales,
1714 285 1811 318 etiam

1070 350 1127 383 per
1154 340 1286 372 modum
1313 338 1619 371 communitationis
1645 349 1681 370 ac
1704 344 1811 370 exten-

1070 393 1170 425 sionis
1206 392 1290 425 dicto
1316 391 1426 424 Ordiui
1458 390 1664 424 Cisterciensi
1692 401 1727 422 ac
1752 391 1810 422 lm-

1070 445 1207 479 iusmodi
1218 444 1479 487 Congregationi,
1494 444 1685 486 illorumque
1700 443 1811 475 utrius-

1069 510 1132 542 que
1158 510 1254 532 sexus
1280 497 1481 531 monasteriis
1501 525 1508 536 ,
1537 496 1708 536 domibus,
1736 507 1811 529 con-

1070 549 1228 587 ventibus,
1254 549 1416 588 ecclesiis,
1435 547 1590 590 collegiis,
1606 547 1668 590 piis
1686 552 1717 579 et
1734 547 1811 579 elia-

1069 602 1204 634 ritativis
1230 602 1326 642 loeis,
1353 602 1449 634 rebus
1476 606 1507 633 et
1535 600 1649 639 bonis,
1683 609 1809 632 necnon

1069 655 1251 695 abbatibus,
1276 654 1498 697 generalibus,
1523 663 1701 697 eormnque
1723 653 1811 695 capi-

1070 708 1155 748 tulis,
1188 707 1436 745 definitoribus,
1464 706 1678 745 consiliariis,
1703 705 1811 738 visita-

1071 761 1211 799 toribus,
1237 759 1426 799 abbatibus,
1455 759 1550 792 etiam
1577 763 1718 801 quatuor
1744 758 1811 801 pri-

1069 813 1128 846 niis
1146 813 1323 856 prioribus,
1351 812 1555 851 officialibus,
1582 810 1748 851 ministris,
1775 821 1811 843 ae

1070 867 1219 899 omnibus
1238 866 1306 899 aliis
1325 876 1437 899 eorum
1455 864 1689 908 superioribus,
1715 874 1810 906 prae-

1070 920 1150 960 latis,
1178 920 1363 960 monachis,
1390 918 1597 958 monialibus,
1624 922 1656 949 et
1681 917 1809 950 illorum

1070 972 1238 1016 utriusque
1255 983 1348 1005 sexus
1367 970 1584 1014 singularibus
1603 969 1764 1013 personis,
1779 969 1810 1001 in

1071 1035 1189 1068 genere
1216 1029 1248 1058 et
1272 1025 1305 1057 in
1331 1024 1451 1068 specie,
1471 1034 1505 1057 ac
1526 1028 1586 1056 tam
1612 1021 1811 1055 coniunctim

1071 1089 1166 1122 quam
1191 1077 1326 1119 divisim,
1345 1083 1399 1110 aut
1419 1076 1496 1110 alias
1515 1086 1573 1119 per
1597 1075 1761 1119 praefatos
1781 1079 1811 1107 et

1070 1141 1293 1175 quoscumque
1326 1131 1491 1163 Romanos
1523 1128 1693 1162 Pontifices
1718 1138 1811 1171 prae-

1071 1186 1262 1218 decessores
1294 1190 1447 1223 nostros,
1473 1188 1504 1215 et
1529 1193 1599 1222 nos,
1626 1182 1811 1225 Sedemque

1069 1238 1295 1281 ApostoliCani‚
1315 1238 1448 1281 eiusque
1468 1237 1593 1279 legatos
1615 1241 1646 1268 et
1664 1235 1809 1275 nuncios,

1070 1291 1128 1323 sub
1154 1291 1414 1334 qiubuscumquc
1438 1290 1607 1323 tenoribus
1633 1295 1664 1321 ct
1690 1289 1810 1328 formis,

1070 1345 1166 1377 etiam
1192 1345 1230 1378 ad
1255 1345 1439 1388 quorumvis
1465 1343 1658 1382 instantiam,
1677 1354 1810 1386 qrmmo-

1070 1399 1194 1432 dolibet
1215 1409 1367 1432 concessa
1384 1408 1441 1431 seu
1461 1397 1696 1430 communicata
1714 1401 1745 1429 et
1763 1407 1809 1429 cx-

1070 1458 1171 1492 tensa,
1194 1462 1320 1485 necnon
1343 1452 1483 1494 desuper
1497 1451 1663 1484 confectas
1681 1450 1808 1482 litteras

1069 1517 1104 1539 ac
1129 1507 1303 1549 scripturas
1321 1515 1551 1549 quascumque,
1570 1515 1642 1536 cum
1657 1503 1809 1537 omnibus

1069 1565 1099 1593 et
1124 1560 1260 1603 singulis
1297 1559 1447 1592 clausulis
1481 1559 1513 1590 in
1547 1558 1592 1590 eis
1625 1557 1807 1597 contentis,

1069 1618 1230 1656 quatenus
1255 1617 1329 1646 sunt
1355 1612 1386 1644 in
1414 1622 1472 1644 usn
1498 1616 1529 1644 et
1561 1609 1698 1643 decretis
1728 1609 1808 1643 Con-

1069 1667 1133 1699 cilii
1158 1665 1339 1699 Tridentini
1366 1675 1431 1698 non
1457 1664 1669 1698 adversantur
1688 1690 1696 1704 ,
1723 1673 1805 1706 apo-

1069 1720 1180 1753 stolica
1213 1719 1402 1753 auctoritate
1419 1747 1426 1760 ‚
1451 1729 1488 1751 ac
1517 1729 1552 1751 ex
1587 1719 1673 1751 certa
1698 1718 1809 1750 nostra

1069 1773 1212 1813 scientia,
1240 1778 1356 1806 tenore
1392 1771 1623 1815 praesentium,
1648 1775 1807 1814 perpetuo

1069 1827 1285 1870 approbamus
1301 1831 1332 1859 et
1346 1825 1587 1865 confirmamus,
1598 1825 1724 1868 illisque
1738 1835 1809 1868 per-

1068 1886 1184 1923 petuae
1218 1886 1247 1913 et
1278 1879 1477 1913 inviolabilis
1509 1879 1669 1911 firmitatis
1706 1878 1808 1911 robur

1069 1933 1245 1973 amicimus,
1264 1944 1301 1966 ac
1326 1943 1438 1966 omnes
1465 1938 1496 1966 et
1521 1932 1664 1975 singulos
1683 1937 1743 1965 tam
1765 1932 1808 1965 iu-

1070 1988 1112 2020 ris
1148 1998 1242 2030 quam
1277 1987 1350 2020 sacti
1382 1998 1418 2020 ac
1451 1986 1694 2019 solemnitatum
1729 1997 1808 2029 qua-

1069 2050 1280 2083 rumcumque
1307 2040 1500 2072 omissarum
1525 2039 1678 2079 desectus,
1699 2039 1726 2071 si
1751 2038 1807 2083 qui

1069 2094 1176 2126 forsan
1202 2093 1447 2127 intervenerunt
1471 2092 1504 2125 in
1529 2092 1662 2133 eisdem,
1675 2093 1808 2136 supple-

1068 2157 1155 2186 mus3
1177 2150 1216 2186 et,
1243 2156 1301 2189 pro
1322 2146 1442 2189 potiori
1468 2145 1672 2185 cautela,illa
1698 2145 1807 2178 onmia

1069 2205 1101 2233 et
1126 2200 1255 2243 singula
1290 2199 1320 2232 in
1347 2200 1392 2232 eis
1426 2202 1579 2233 contenta
1605 2204 1636 2232 et
1661 2209 1808 2243 compre-

1069 2253 1179 2293 hensa,
1198 2263 1269 2285 cum
1294 2252 1421 2286 illarum
1444 2252 1701 2292 extensionibus,
1719 2263 1807 2285 com-

1069 2306 1344 2340 municationibus
1364 2311 1395 2339 et
1412 2305 1686 2349 ampliationibus,
1702 2305 1807 2339 eidem

1068 2359 1318 2404 Congregationi
1352 2359 1383 2392 S.
1416 2359 1572 2392 Bernardi
1603 2364 1635 2391 et
1670 2358 1805 2401 singulis

1069 2414 1137 2446 eius
1153 2412 1369 2452 monasteriis,
1391 2412 1551 2452 domibus,
1571 2411 1662 2451 locis,
1680 2421 1807 2444 eorum-

1068 2476 1129 2510 que
1154 2465 1376 2509 superioribus
1401 2470 1432 2498 et
1457 2464 1625 2508 utriusque
1651 2474 1746 2497 sexus
1761 2474 1806 2497 re-

1069 2519 1234 2562 gularibus
1252 2518 1400 2562 personis
1418 2517 1457 2551 de
1479 2528 1560 2552 novo
1585 2517 1802 2557 concedimus,

1070 2578 1102 2607 et
1126 2572 1164 2607 de
1188 2583 1252 2607 uno
1277 2571 1474 2608 monasterio
1507 2581 1622 2608 eorum
1653 2570 1693 2606 ad
1717 2570 1805 2606 aliud

1708 175 1772 207 (305
1819 184 1867 209 An.
1890 181 2005 209 c.1715
