2269 3203
248 212 297 240 Au.
319 211 346 237 C.
371 211 436 237 1714
482 202 546 236 631

283 272 387 292 erlsurao
413 274 433 291 et

256 304 432 348 i.i}}¹;'a“f.'1‡'‚¹.1i1‘2¹1'l
443 312 509 354 guli
523 312 746 352 ecclesiastici,
758 318 821 345 tam
837 313 1030 351 saeculares,
1043 311 1179 344 cuiusvis

355 358 365 370 u
386 357 431 376 qui-

351 379 429 398 ,1-11111-
442 365 568 407 gradus,
586 365 861 408 praeeminentiae
879 376 914 398 ae
928 364 1092 407 dignitatis
1111 364 1179 396 sue-

487 260 502 302 ξ
527 259 557 291 5.
584 259 737 292 Noverint
753 266 928 303 propterea
942 270 1055 293 01111105
1074 265 1105 292 01
1119 259 1178 292 sin«

440 418 518 459 rint,
536 428 631 461 quam
646 418 785 452 cuiusvis
800 417 936 458 Ordinis,
954 417 1180 459 congregatio-

440 471 499 511 nis,
531 471 666 503 instituti
700 476 731 503 et
761 470 933 510 societatis,
969 470 1066 503 etiam
1091 470 1177 511 Iesu,

441 525 621 567 regulares,
637 524 690 566 qui
705 523 891 566 praemissis
906 522 1070 556 contraire
1090 532 1126 555 ac
1137 523 1179 555 in·

441 577 613 610 terdietum
624 577 810 609 huiusmodi
821 577 941 610 violare
953 576 1178 619 quovismodo

440 631 598 662 haetenus
615 635 905 672 praesumpserunt
929 630 976 661 vel
1004 629 1043 661 de
1070 634 1178 661 cetero

441 683 741 725 praesumpserint,
769 692 801 714 se
828 692 983 714 censuras
1009 692 1121 714 omnes
1147 687 1179 714 et

439 746 560 778 poenas
593 736 746 768 adversus
773 735 984 768 ecclesiastici
1015 735 1176 767 interdicti

439 789 611 821 violatores
628 798 644 820 a
669 788 768 820 sacris
789 788 965 820 canonibus
980 794 1011 820 et
1025 788 1178 821 constitu-

439 840 781 882 tionibusapostolicis
800 841 879 873 latas
898 846 929 873 et
945 840 1124 883 impositas,
1142 851 1178 873 ae

438 893 637 935 potissimum
648 892 931 934 irregularitatem,
942 903 1067 925 necnon
1078 893 1178 935 priva-

439 945 561 978 tionem
582 946 667 978 vocis
685 945 805 977 activae
824 951 856 977 ct
873 946 1030 987 passivae,
1045 955 1082 978 eo
1108 946 1177 988 ipso

440 1003 472 1030 et
496 998 619 1040 absque
644 998 706 1030 alia
730 997 952 1030 declaratione
978 998 1154 1031 incurrisse
1169 1026 1176 1039 ,

439 1052 475 1082 110
496 1050 678 1092 respective
697 1050 736 1082 de
754 1055 863 1082 cetero
885 1050 1070 1083 incursuros
1088 1061 1175 1091 esse,

438 1104 588 1145 adeoque
614 1114 669 1135 eos
694 1103 732 1135 ad
765 1114 987 1146 quaecumque
1021 1104 1176 1137 ecclesia-

438 1156 519 1188 stica
546 1161 607 1188 tani
633 1156 813 1188 saecularia
835 1166 931 1198 quam
952 1157 1114 1198 regularia
1133 1168 1177 1190 rc-

437 1208 580 1252 spective
606 1208 731 1248 oltieia,
758 1209 917 1242 beneticia
942 1220 977 1241 ac
1003 1209 1177 1252 dignitates

436 1261 569 1294 minime
585 1261 659 1303 eligi
680 1266 735 1293 aut
752 1261 919 1304 postulari,
938 1272 998 1294 nee
1015 1272 1086 1294 cum
1106 1262 1176 1295 aliis

437 1315 476 1346 ad
502 1314 688 1356 eligendum
714 1324 769 1346 seu
795 1314 1024 1357 postulandum
1051 1315 1174 1348 admitti

437 1367 586 1399 debuisse
607 1368 656 1399 vel
683 1378 826 1410 unsplam
845 1367 973 1407 debere,
992 1378 1100 1410 neque
1122 1368 1176 1400 de-

436 1430 525 1452 mum
551 1430 762 1452 censurarum
789 1430 824 1452 ac
852 1430 1031 1462 poenarum
1064 1420 1174 1454 liuius-

437 1472 524 1503 modi
550 1471 788 1505 absolutionem
829 1482 885 1504 seu
927 1472 1126 1505 relaxionetn
1158 1484 1175 1506 a

437 1534 599 1566 quoquam
627 1525 868 1567 (praeterquam
893 1535 910 1557 a
935 1524 1028 1557 nobis
1042 1535 1098 1557 seu
1114 1525 1174 1558 Ro-

435 1587 531 1609 mano
557 1577 711 1609 Poritilice
736 1588 796 1620 pro
823 1583 969 1619 tempore
996 1577 1172 1620 existente)

437 1630 584 1664 obtinere
609 1630 752 1672 potuisse
778 1631 825 1662 vel
851 1640 946 1672 posse
965 1656 972 1669 ,
997 1635 1093 1672 prout
1125 1640 1174 1663 ea-

436 1683 583 1715 rumdem
599 1688 710 1715 tenore
727 1683 943 1725 praesentium
958 1682 1108 1715 similiter
1121 1683 1172 1716 de-

436 1737 606 1768 claramus.
627 1736 811 1775 Praeterea,
832 1741 874 1775 ut,
900 1746 965 1768 non
991 1736 1088 1769 modo
1107 1735 1173 1778 qui-

434 1788 545 1820 busvis
563 1787 819 1829 transgrediendi
842 1787 1063 1830 praetextibus
1092 1788 1177 1820 sicut

434 1840 654 1883 praemittitur
680 1840 813 1873 sublatis
832 1866 839 1879 ,
866 1841 922 1873 sed
951 1841 1051 1873 auctis
1077 1841 1173 1875 etiam

436 1899 547 1926 coutra
575 1899 834 1934 transgressores
858 1893 984 1937 poenis,
1003 1904 1116 1927 omnes
1141 1895 1173 1927 in

434 1952 604 1987 posterum
637 1946 676 1978 ad
710 1946 852 1978 debitam
884 1946 976 1979 nobis
1004 1952 1037 1979 et
1066 1947 1174 1980 Eccle-

435 1999 500 2031 siae
526 1999 745 2031 obedientiam
773 1999 989 2032 exhibendam
1019 2011 1174 2033 revocen-

436 2057 508 2089 tur,
538 2051 689 2083 omnibus
715 2056 746 2084 et
777 2053 913 2094 singulis
947 2053 1172 2086 ecclesiasticis

434 2104 597 2145 praefatis,
613 2105 815 2146 quantumvis
834 2105 992 2147 exemptis
1009 2111 1041 2137 et
1058 2106 1173 2149 quovis

435 2155 534 2187 modo
561 2156 790 2197 privilegiatis,
816 2163 949 2200 praeter
974 2163 1005 2190 et
1028 2159 1113 2191 ultra
1141 2168 1173 2191 o-

435 2217 526 2238 mnes
545 2207 622 2240 alias
641 2218 796 2241 censuras
823 2215 853 2241 et
878 2220 999 2252 110011115
1026 2211 1173 2254 superius

435 2259 636 2299 ennneiatas,
667 2260 693 2292 si
725 2262 907 2294 saeculares
944 2262 1088 2303 suerint,
1114 2264 1173 2296 sub

435 2310 626 2352 dignitatum
653 2317 684 2344 et
714 2312 948 2346 beneficiorum
980 2315 1175 2348 ecclesiasti-

435 2375 555 2403 corum,
573 2364 710 2397 cuiusvis
731 2366 860 2408 ¹generis
879 2377 934 2399 seu
951 2373 1081 2400 naturae
1097 2367 1172 2407 sint,

435 2416 460 2448 si
488 2427 563 2447 vero
589 2418 754 2458 regulares
771 2443 778 2456 ,
805 2419 864 2450 sub
890 2418 1069 2451 officiorum
1087 2446 1094 2458 ,
1128 2420 1175 2452 di-

435 2469 590 2509 gaianum
604 2475 634 2501 et
645 2470 803 2510 graduum
819 2471 1016 2512 regularium
1028 2482 1174 2514 quorum-

434 2531 571 2563 cumque
598 2532 655 2563 per
677 2532 731 2554 eos
759 2523 935 2565 respective
964 2523 1172 2557 obtentorum

432 2573 883 2620 privationis,perpetuaeque
900 2575 1114 2612 inhabilitatis
1134 2578 1172 2612 ad

1028 212 1146 235 ssULLAt:
1154 211 1206 234 [ΕΜ
1231 211 1385 235 Ronanus!

1223 258 1277 292 illa
1303 266 1334 292 et
1358 260 1419 293 alia
1444 260 1561 294 similia
1584 261 1633 293 vel
1660 260 1829 294 dissimilia
1853 272 1955 305 quae-

1222 323 1360 355 cumque
1384 313 1416 345 in
1441 318 1608 356 posterum
1634 313 1883 356 quomodolibet
1906 314 1959 347 oh-

1223 365 1363 406 tinenda,
1388 367 1458 409 ipso
1485 367 1566 399 sacto
1585 372 1617 399 et
1637 367 1758 410 absque
1776 367 1837 400 alia
1855 367 1959 400 decla<

1222 417 1348 451 ratione
1373 418 1579 451 incurrendis
1603 419 1727 462 poenis,
1741 419 1855 452 harum
1874 419 1958 452 serie

1223 471 1369 504 districte
1394 472 1608 514 probibemus
1645 477 1676 504 et
1708 471 1931 505 interdicimus
1949 499 1956 512 ,

1222 534 1262 556 ne
1287 524 1421 557 decreto
1448 535 1483 557 ac
1516 524 1723 557 declarationi
1754 525 1871 557 nostris
1907 535 1959 556 su-

1222 577 1375 620 pradictis·
1397 578 1434 610 de
1453 582 1562 610 cetero
1583 577 1806 610 contravenire
1820 578 1959 611 audeant

1222 629 1334 672 quovis
1352 629 1448 662 1110110
1463 640 1520 662 5011
1539 635 1766 672 praesumant:
1786 629 1958 672 dignitates

1221 688 1328 715 autem
1355 688 1386 715 et
1409 682 1567 715 benetie-la
1593 682 1792 723 huiusmodi,
1820 694 1957 726 quorum

1222 734 1411 777 privationis
1438 745 1574 778 poenam
1607 742 1742 778 propter
1778 741 1959 778 transgres-

1221 788 1345 821 sionem
1360 789 1541 831 praesentis
1556 789 1790 831 prohibitionis
1802 799 1860 832 per
1871 799 1959 831 pine-

1221 841 1303 874 satos
1328 840 1563 874 ecclesiasticos
1588 841 1770 874 saeculares
1797 842 1958 874 contrafa-

1221 894 1342 926 cientes
1363 894 1614 936 quomodolibet
1631 894 1754 926 ineurri
1773 894 1957 937 contigerit,

1222 945 1317 978 etiam
1343 945 1412 988 ipso
1439 947 1520 978 sacto
1546 951 1577 979 et
1601 946 1724 989 absque
1755 947 1817 980 alia
1852 948 1958 980 decla-

1220 998 1348 1031 ratione
1373 1009 1495 1038 vacare,
1517 999 1636 1041 illaque
1655 1009 1713 1041 per
1731 1010 1957 1044 quoscumque

1222 1050 1389 1093 impetrari
1401 1061 1507 1093 posse,
1522 1051 1645 1094 pariter
1660 1051 1875 1084 decernimus:
1887 1063 1959 1086 nee·

1221 1113 1286 1136 non
1311 1103 1501 1136 eorumdem
1527 1102 1760 1137 beneficiorum
1791 1109 1822 1137 et
1857 1104 1959 1146 digui-

1222 1160 1322 1188 tatum
1350 1156 1396 1189 sie
1420 1156 1602 1189 vacantium
1627 1155 1860 1198 collationem,
1883 1168 1959 1201 pro-

1220 1208 1377 1241 visionem
1404 1215 1435 1241 et
1459 1209 1681 1242 omnimodam
1699 1209 1956 1252 dispositionem,

1220 1267 1317 1304 prout
1342 1262 1437 1294 etiam
1462 1272 1641 1305 poenarum
1667 1263 1705 1296 dc
1731 1273 1814 1296 novo
1840 1263 1885 1296 sic
1903 1263 1958 1296 ad-

1220 1315 1359 1347 ditarum
1379 1316 1625 1356 relaxationem,
1645 1316 1796 1349 similiter
1815 1316 1909 1349 nobis
1925 1322 1958 1349 et

1219 1367 1362 1400 Romano
1388 1368 1531 1400 Pontifici
1557 1379 1615 1411 pro
1643 1374 1789 1411 tempore
1807 1369 1956 1402 existenti

1219 1420 1381 1452 dumtaxat
1407 1421 1591 1463 specialiter
1617 1432 1818 1454 reservamus

1262 1473 1276 1515 ξ
1293 1472 1324 1505 6.
1345 1473 1563 1507 Decernentcs
1576 1474 1706 1517 pariter,
1725 1475 1853 1508 easdam
1868 1485 1956 1517 prae·

1218 1531 1325 1558 sentes
1350 1526 1475 1559 litteras
1501 1533 1532 1559 et
1556 1527 1589 1558 in
1615 1526 1661 1560 eis
1686 1533 1839 1561 contenta
1861 1539 1958 1572 quae·

1217 1589 1366 1621 cumque,
1394 1579 1489 1611 etiam
1516 1590 1552 1612 ex
1581 1590 1618 1612 00
1644 1581 1730 1623 quod
1761 1580 1957 1624 quicumque

1217 1631 1248 1663 in
1286 1632 1472 1673 111-1011115515
1508 1632 1670 1666 interesse
1705 1633 1862 1667 habentes
1899 1645 1956 1668 seu

1218 1684 1340 1717 habere
1359 1685 1608 1727 quomodolibet
1624 1686 1894 1729 praetendentes,
1910 1697 1958 1720 eu-

1217 1736 1315 1769 iusvis
1340 1743 1452 1776 status,
1478 1738 1610 1780 gradus,
1630 1739 1771 1779 ordinis,
1798 1740 1958 1782 praeemi-

1218 1790 1346 1822 nentiae
1373 1796 1404 1822 et
1430 1790 1596 1833 diguitatis
1623 1791 1774 1832 existant,
1801 1802 1856 1825 seu
1879 1792 1958 1826 alias

1217 1842 1368 1885 specifica
1393 1849 1424 1876 et
1448 1843 1615 1877 individua
1650 1845 1819 1878 mentione
1852 1851 1885 1878 et
1909 1856 1959 1878 ex-

1217 1896 1389 1938 pressione
1415 1896 1515 1938 digni,
1537 1897 1601 1930 illis
1627 1907 1692 1929 non
1718 1898 1954 1938 consenserint,

1217 1957 1276 1980 nec
1297 1947 1336 1980 ad
1363 1958 1399 1980 ea
1424 1948 1535 1987 vocati,
1562 1948 1648 1981 citati
1676 1955 1707 1982 et
1740 1949 1850 1990 auditi,
1885 1960 1957 1983 eau-

1217 2011 1354 2043 saeque,
1390 2007 1524 2044 propter
1549 2012 1627 2045 quas
1655 2008 1844 2045 praesentes
1870 2014 1957 2037 ema-

1217 2054 1335 2092 narint,
1356 2054 1551 2087 sufficienter
1575 2055 1746 2096 adductae,
1772 2056 1955 2089 verificatae

1219 2111 1250 2138 et
1274 2105 1462 2139 iustilicatae
1496 2117 1561 2139 non
1587 2108 1717 2148 suerint,
1751 2114 1805 2141 aut
1830 2119 1866 2141 ex
1893 2108 1956 2141 alia

1219 2159 1364 2201 qualibet
1393 2159 1489 2192 etiam
1521 2161 1727 2203 quantumvis
1763 2161 1899 2194 iuridica
1924 2167 1956 2194 et

1218 2211 1419 2254 privilegiata
1443 2215 1550 2253 eausa,
1577 2215 1700 2253 colore,
1727 2219 1894 2256 praetextu
1924 2220 1956 2247 et

1218 2264 1333 2306 01111110,
1360 2265 1456 2297 etiam
1489 2265 1521 2297 111
1548 2276 1686 2308 corpore
1718 2266 1798 2298 iuris
1831 2267 1953 2307 clauso,

1219 2317 1315 2349 etiam
1341 2318 1492 2357 enormis,
1518 2318 1763 2352 enormissimae
1788 2324 1820 2352 et
1846 2319 1954 2353 totalis

1218 2369 1387 2408 laesionis,
1424 2371 1514 2402 nullo
1551 2380 1694 2413 unquam
1731 2376 1877 2415 tempore
1914 2373 1954 2406 de

1218 2421 1440 2463 subreptionis
1467 2423 1515 2455 vel
1542 2422 1744 2466 obreptionis
1775 2431 1830 2457 aut
1858 2426 1954 2458 1111111-

1219 2472 1291 2504 111115
1316 2472 1405 2514 11110,
1431 2483 1487 2506 5011
1512 2474 1704 2509 11110111101115
1730 2482 1875 2518 nostrae,
1902 2479 1951 2511 vel

1217 2525 1377 2558 interesse
1405 2526 1596 2560 habentium
1619 2529 1826 2571 consenssts',
1848 2531 1952 2565 aliove

1254 2589 1262 2614 l
1286 2587 1358 2615 Edit.
1375 2588 1460 2616 Main.
1478 2588 1544 2624 legit
1560 2598 1694 2619 consensu
1714 2592 1754 2626 (R.
1771 2591 1823 2626 1.).

1965 214 2014 240 An.
2031 214 2061 241 C.
2082 214 2150 242 171⁴

1989 1486 2100 1507 clanculis
2109 1493 2151 1508 am·

1966 1513 2081 1539 [1115511030.
