2269 3203
93 220 144 248 An.
163 218 193 247 C.
210 218 278 247 1715

908 218 1047 242 CLEMENS

288 268 354 301 ulla
372 277 505 311 prorsus
531 268 720 308 dill'erentia,
736 268 864 310 singula
889 267 1024 310 singulis

289 321 537 362 concernentia,
566 322 702 365 perinde
734 332 769 354 ac
805 321 828 353 si
855 332 892 354 ca
917 321 1048 371 omnia¹¹

289 373 352 406 illis
379 379 410 407 et
436 384 548 407 corum
575 374 710 417 singulis
745 374 969 417 principaliter
994 379 1025 406 ct
1047 379 1048 412 l

290 437 440 469 expresse
461 433 491 461 ct
510 437 572 461 non
594 428 632 460 ad
652 427 754 459 instar
778 437 933 460 concessa
956 427 1027 459 suis-

289 484 370 519 sent,
388 490 423 513 ac
447 480 472 512 si
499 480 530 513 in
557 480 602 513 eis
626 479 695 513 talis
721 480 804 513 Ordo
831 485 860 513 et
888 479 1049 522 Congre-.

290 532 376 574 gatio
401 533 500 565 sancti
520 533 675 566 Bernardi
701 533 905 576 primodicta,
927 533 1028 566 illins-

290 596 352 627 que
379 586 529 629 capitula,
555 587 762 625 monasteria,
788 586 955 626 ecclcsiae,
983 586 1023 619 di-

290 639 397 682 ctique
423 639 622 682 superiores,
637 640 782 682 praelati,
798 650 832 672 ac
857 640 1025 682 utriusque

289 702 384 725 sexus
410 692 513 725 dictae
534 703 705 735 personae,
733 704 783 726 res
809 698 840 726 et
865 693 958 733 bona,
978 703 1028 726 ex-

289 755 404 788 pressa
429 751 459 778 et
483 746 729 788 praenominata
763 746 897 779 fuissent
923 752 952 779 ct
978 757 1028 779 es-

289 805 370 839 sent,
388 810 425 832 ac
441 799 465 831 si
480 809 540 842 pro
562 804 593 832 et
617 799 648 831 in
677 799 812 831 savorem
839 800 1027 832 eorumdem

290 863 306 885 a
332 853 414 885 Sede
440 852 627 895 Apostolica
647 853 677 885 in
696 853 856 896 principio
883 863 1028 886 emanas-

290 911 362 937 sent
383 910 414 938 et
439 905 576 938 fuissent
601 905 784 938 immediate
810 916 975 946 concessa,
995 906 1026 938 in

290 965 445 1002 quantum
472 959 577 992 eidem
595 959 843 1002 Congregatioui
864 959 1026 1002 expediat,

291 1011 427 1055 eiusque
460 1012 642 1054 gubernio,
675 1012 962 1045 constitutionibus
999 1018 1030 1046 et

292 1064 534 1098 delinitionibus
555 1076 618 1098 uon
643 1066 866 1105 adversentur,
889 1066 943 1105 uti,
966 1066 1028 1098 l‘rui

292 1125 323 1151 et
339 1118 480 1161 gaudere
501 1119 602 1151 libere
621 1124 653 1151 ct
673 1119 759 1151 licite
784 1119 911 1162 possint
929 1124 960 1151 et
981 1130 1030 1151 va-

292 1172 400 1214 leant)
435 1171 627 1204 auctoritate
664 1177 696 1203 et
728 1177 842 1204 tenore
875 1172 1028 1215 praefatis

292 1222 523 1256 concedimus¹
565 1228 596 1255 et
632 1223 839 1265 indulgemus
860 1251 867 1265 ,
909 1224 1029 1266 illaque

291 1276 398 1309 omnia
423 1282 454 1308 et
479 1277 604 1319 singula
623 1275 668 1309 eis
694 1281 724 1309 et
749 1287 860 1309 eornm
887 1277 1030 1316 cuilibet,

292 1329 415 1362 eisdem
453 1329 642 1362 auctoritate
676 1334 706 1362 et
734 1334 855 1369 tenore,
881 1329 1031 1363 similiter

290 1388 448 1426 perpetuo
467 1381 688 1415 extendimus²
701 1388 733 1415 et
746 1382 1029 1416 communicamus.

291 1435 528 1476 Deceiuentes,
556 1440 744 1478 praesentes
777 1436 901 1468 litteras
939 1437 1029 1469 nullo

291 1499 434 1531 unquam
454 1494 598 1531 tempore
620 1488 733 1531 quovis
753 1488 898 1531 quaesito
919 1490 1030 1522 colore

293 1547 323 1573 et
341 1541 473 1585 ingenio
493 1542 531 1574 de
550 1541 772 1584 subreptionis
797 1542 846 1574 vel
872 1542 1030 1586 obreptio-

293 1594 342 1626 nis
369 1599 424 1627 aut
448 1594 604 1627 nullitatis
628 1594 722 1636 vitio,
751 1605 806 1627 scu
840 1594 1031 1628 intentionis

294 1652 423 1679 nostrae
440 1647 490 1679 vel
508 1646 570 1679 alio
591 1647 718 1680 defectu
738 1648 852 1688 notari,
871 1648 960 1691 argui
981 1649 1030 1682 vel

295 1699 477 1742 impugnari
503 1710 616 1743 posse,
647 1710 752 1743 neque
778 1701 838 1733 sub
864 1701 1032 1743 quibusvis

294 1752 448 1785 similium
467 1753 640 1796 gratiarum
660 1754 927 1794 revocationibus,
950 1756 1032 1788 limi-

295 1805 471 1838 tationibus
493 1811 524 1839 et
541 1806 821 1849 suspensionibus,
837 1813 889 1839 aut
907 1812 1032 1840 contra-

294 1858 351 1891 riis
368 1858 641 1901 dispositionibus
653 1870 712 1902 pro
726 1865 871 1902 ternpore
884 1871 1033 1894 emanau-

295 1912 343 1944 dis
360 1912 494 1945 minime
506 1912 753 1959 comprehendi,
774 1913 830 1946 sed
845 1924 976 1957 semper
992 1915 1032 1948 ab

295 1965 359 1998 illis
384 1965 498 2008 excipi,
517 1969 557 2005 et,
577 1965 703 2009 quoties
726 1966 802 1999 illae
821 1967 1030 2007 emanabunt,

295 2017 390 2051 toties
416 2018 446 2050 in
473 2018 645 2061 pristinum
672 2024 703 2052 et
727 2019 866 2052 validum
893 2025 1031 2060 statum,

294 2070 390 2103 etiam
423 2071 483 2104 sub
516 2071 589 2104 data
619 2082 677 2115 per
711 2072 894 2116 superiores
928 2073 1031 2107 dictae

293 2123 562 2167 Congregationis
580 2124 680 2158 sancti
694 2125 850 2158 Bernardi
867 2126 1030 2168 eligenda,

296 2176 459 2209 restitutas
485 2183 516 2209 et
540 2177 647 2210 denuo
681 2188 849 2211 concessas
878 2179 969 2218 sore,
996 2191 1032 2212 ac

295 2239 371 2261 suos
385 2229 552 2272 plenarios
571 2229 703 2264 effectus
722 2231 841 2273 sortiri,
854 2236 885 2264 et
900 2232 1032 2265 inviola-

295 2281 404 2314 biliter
418 2283 594 2323 observari,
610 2283 720 2326 sicque
737 2289 768 2317 et
785 2294 850 2316 nou
864 2285 956 2318 aliter
974 2295 1032 2328 per

298 2344 521 2378 quoscumque
546 2336 682 2376 indices,
706 2337 816 2380 quavis
841 2337 1031 2370 auctoritate

299 2385 476 2429 fungentes,
498 2387 594 2421 etiam
619 2389 763 2422 locorum
785 2389 980 2430 ordinarios,
996 2401 1032 2423 ac

298 2436 328 2469 S.
353 2437 390 2483 Β
418 2438 451 2471 Ε.
479 2441 671 2482 cardinales,
692 2442 787 2474 etiam
806 2442 845 2475 de
865 2444 964 2475 latere
990 2444 1034 2475 lc-

299 2495 410 2531 gatos,
443 2491 658 2534 vicelegatos‚
695 2494 787 2527 Sedis
824 2495 1031 2538 Apostolicae

307 2563 311 2567 ·
336 2561 345 2585 1
371 2559 459 2586 Potius
478 2560 536 2596 lege
555 2564 735 2591 eoetendimus
755 2568 796 2599 tn.
816 2565 865 2599 r).

333 2603 348 2629 Q
369 2603 432 2630 Heic
451 2604 511 2638 lege
531 2607 712 2634 concedimus
730 2609 771 2642 (R.
794 2609 843 2641 T.).

1071 218 1102 243 XI
1128 219 1174 242 Pr.

1070 268 1218 309 nuncios,
1246 275 1277 301 ct
1302 279 1471 301 causarum
1497 270 1608 312 palatii
1634 270 1805 313 apostolici

1070 320 1245 360 auditore&
1273 321 1397 354 sublata
1415 321 1460 354 eis
1487 327 1647 354 eteorum
1673 323 1802 356 cuilibet

1070 373 1178 415 quavis
1199 373 1294 406 aliter
1319 374 1480 406 iudicandi
1510 380 1539 407 et
1570 374 1804 417 interpretandi

1071 426 1222 460 facultate
1241 433 1272 460 ct
1297 427 1500 468 auctoritate,
1522 427 1647 460 deliniri
1674 428 1804 466 debere,

1071 479 1195 512 irritum
1233 491 1361 523 quoquc
1388 486 1419 514 ct
1444 481 1538 514 inane
1572 480 1595 513 si
1630 492 1721 513 secus
1754 492 1806 513 su-

1047 571 1049 579 s
1070 543 1127 576 per
1152 533 1202 566 liis
1228 546 1245 566 a
1271 534 1424 577 quopiam
1441 561 1448 575 ‚
1474 534 1585 577 quavis
1617 534 1806 567 auctoritate

1071 586 1243 630 fungente,
1272 587 1412 620 scienter
1441 589 1490 620 vel
1517 587 1707 630 ignoranter
1731 597 1808 619 con-

1072 639 1179 682 tigerit
1202 641 1362 673 attentari.
1399 640 1436 673 Et
1468 641 1681 674 nlliiloniinus
1707 651 1809 674 vene-

1071 692 1227 725 rabilibus
1262 694 1412 726 sratribus
1443 695 1561 727 nostris
1594 695 1751 727 Toletano
1778 700 1810 728 et

1071 746 1227 788 Burgcnsi
1254 747 1520 791 archiepiscopis,
1537 759 1662 780 necnon
1684 748 1810 781 dilectis

1071 798 1144 831 filiis
1168 800 1408 833 Salmaticcnsis
1429 801 1653 837 ,universitatis
1678 801 1810 834 Schola-

1071 851 1150 885 stit-0
1165 857 1196 885 et
1210 853 1381 886 abbatibus
1398 854 1667 887 monasteriorum
1684 854 1713 887 S.
1733 854 1811 887 Mar-

1073 905 1130 937 tini
1157 904 1437 949 Compostcllanae
1459 913 1490 940 et
1507 907 1536 940 S.
1557 907 1716 940 Vincentii
1738 907 1810 940 Ore-

1072 959 1177 991 rensis
1205 959 1363 992 dioecesis
1385 959 1514 993 Ordinis
1535 961 1634 993 sancti
1653 960 1809 993 Bcrnardi

1072 1017 1103 1044 et
1119 1022 1289 1044 causarum
1308 1011 1461 1045 Gamerae
1481 1013 1687 1056 Apostolicae
1713 1023 1811 1055 gene-

1073 1065 1130 1098 rali
1146 1066 1283 1098 auditori
1302 1077 1360 1109 per
1378 1072 1564 1109 praesentes
1580 1067 1810 1099 committimus

1073 1123 1103 1151 et
1122 1119 1322 1159 mandamus,
1338 1124 1496 1162 quatenus
1515 1119 1584 1163 ipsi,
1605 1120 1652 1152 vel
1668 1121 1740 1159 duo,
1759 1121 1809 1153 vel

1072 1183 1154 1205 unus
1170 1183 1292 1212 eorum,
1311 1183 1370 1215 per
1388 1183 1432 1212 se,
1448 1175 1495 1206 vel
1519 1173 1624 1212 alium⁷
1644 1184 1701 1206 scu
1718 1173 1809 1213 alios,

1072 1230 1266 1267 praesentes
1293 1225 1424 1265 litteras,
1441 1225 1494 1257 nbi
1518 1231 1547 1257 et
1575 1226 1702 1268 quando
1729 1236 1810 1269 opus

1074 1278 1190 1318 suerit,
1220 1283 1250 1311 et
1275 1278 1402 1321 quoties
1436 1290 1495 1322 pro
1530 1286 1620 1321 parte
1647 1279 1810 1321 generalis

1076 1331 1308 1372 reformatoris,
1333 1333 1495 1371 abbatum,
1522 1332 1663 1375 priorum
1690 1338 1719 1366 et
1745 1344 1812 1365 mo-

1074 1385 1250 1417 nachorum
1272 1385 1504 1428 praefatorum,
1525 1390 1578 1417 aut
1603 1385 1736 1419 alicuius
1757 1397 1812 1419 eo-

1075 1448 1157 1477 rum,
1173 1437 1293 1470 suerint
1316 1437 1476 1481 requisiti,
1496 1439 1687 1471 solemniter
1707 1439 1814 1482 publi-

1074 1496 1205 1530 cantes,
1239 1490 1350 1533 eisque
1382 1490 1413 1522 in
1448 1491 1634 1533 praemissis
1673 1491 1812 1524 efficacis

1075 1543 1274 1576 defensionis
1292 1544 1457 1586 praesidio
1479 1543 1675 1584 assistentes,
1696 1544 1814 1577 saciant

1075 1596 1267 1629 auctoritate
1308 1598 1416 1629 nostra
1454 1597 1584 1629 easdem
1623 1602 1813 1640 praesentes

1074 1650 1199 1682 litteras
1225 1654 1257 1682 et
1282 1649 1313 1681 in
1340 1650 1386 1682 eis
1411 1654 1562 1682 contenta
1588 1661 1813 1693 quaecumque

1076 1702 1311 1735 inviolabiliter
1336 1703 1515 1742 observari,
1534 1714 1568 1735 ar
1591 1703 1722 1745 plenum
1741 1702 1814 1735 ctl'e-

1075 1761 1160 1788 ctum
1179 1755 1295 1794 sortiri,
1311 1765 1437 1788 necnon
1456 1757 1651 1797 generalem⁷
1669 1756 1812 1793 abbateS,

1075 1808 1202 1851 priores
1222 1814 1253 1841 et
1277 1809 1454 1841 monachos
1482 1808 1626 1850 aliosque
1648 1808 1813 1851 praefatos

1075 1872 1110 1894 ac
1136 1872 1247 1894 eorum
1274 1862 1421 1904 singulos
1449 1861 1599 1894 omnibus
1624 1862 1811 1904 praemissis

1076 1914 1135 1947 frui
1158 1920 1188 1947 et
1207 1915 1373 1957 gaudere3
1397 1925 1462 1947 non
1482 1915 1708 1957 permittentes
1735 1913 1810 1947 eos¹

1076 1972 1234 2000 eteorum
1251 1967 1429 2010 quemlibet
1444 1967 1584 2010 desuper
1597 1973 1708 1999 contra
1723 1978 1814 2009 prae·

1075 2020 1216 2053 sentium
1243 2026 1399 2059 tenorem,
1419 2020 1477 2051 sub
1501 2021 1614 2063 quovis
1636 2025 1813 2063 praetextu,

1075 2073 1126 2104 vel
1151 2072 1392 2115 subreptionis,
1421 2073 1468 2105 vel
1501 2072 1726 2115 obreptionis,
1760 2078 1815 2105 aut

1076 2125 1255 2165 nullitatis‚
1283 2126 1332 2157 vel
1368 2125 1494 2157 desecta
1528 2125 1719 2158 intentionis
1751 2136 1812 2158 no-

1075 2183 1169 2218 strae,
1188 2188 1245 2221 per
1258 2188 1479 2221 quoscumque
1494 2178 1739 2221 quomodolibet
1751 2189 1815 2211 mo-

1075 2231 1208 2271 lestari,
1243 2231 1426 2274 perturbari
1462 2232 1509 2263 rel
1536 2231 1709 2274 impediri;
1737 2242 1813 2265 con-

1077 2285 1269 2317 tradictores
1294 2284 1456 2327 quoslibet
1481 2290 1513 2316 et
1537 2284 1688 2323 rebelles,
1715 2285 1813 2317 etiam

1075 2347 1132 2380 per
1158 2336 1350 2375 sententias,
1377 2347 1533 2369 censuras
1558 2341 1589 2368 et
1613 2330 1736 2379 poenas
1761 2348 1813 2370 ec-

1075 2390 1284 2431 clesiasticas,
1310 2389 1437 2432 aliaque
1463 2395 1648 2432 opportuna
1679 2390 1756 2422 iuris
1782 2396 1814 2423 et

1076 2443 1149 2475 sacti
1180 2442 1336 2481 remedia,
1362 2442 1584 2485 appellatione
1611 2453 1813 2485 quacumque

1053 2496 1266 2538 ypostpositay
1288 2495 1544 2538 compescendo,
1578 2506 1626 2533 ac,
1658 2496 1812 2537 legitimis

1077 2557 1175 2589 super
1192 2548 1243 2579 liis
1263 2548 1422 2580 habendis
1443 2548 1576 2580 servatis
1598 2548 1811 2590 processibus,

1116 2609 1125 2633 1
1148 2608 1249 2635 Vocem
1268 2616 1311 2637 eos
1332 2616 1381 2636 nos
1401 2608 1525 2636 addimus
1545 2615 1581 2643 tn.
1603 2609 1651 2643 T.).

1707 212 1769 245 667
1815 220 1864 247 An.
1887 219 1999 247 c.1715
