2269 3203
269 234 320 262 An.
337 233 366 260 C.
391 233 458 261 ¹720
503 223 567 258 838

468 287 565 312 ortum
588 281 725 321 trahunt,
749 282 918 312 informatio
941 287 969 313 et
991 287 1088 312 votum
1113 283 1205 320 negli-

464 335 565 369 μείω-ς
588 331 653 361 ideo
676 331 831 361 mandatur
853 331 996 361 ministris
1018 331 1205 370 provinciali-

466 380 519 410 bus
543 389 796 420 quarumcumque
826 380 1044 419 provinciarum
1061 403 1068 415 ,
1094 389 1129 409 ne
1152 380 1205 409 im-

465 433 614 468 posterum
637 429 764 458 audeant
786 433 900 458 exteros
923 428 957 457 ad
980 428 1110 457 habitum
1134 428 1203 457 reli-

465 478 562 515 gionis
585 477 762 514 admittere,
787 477 842 506 nisi
867 477 1045 515 praehabitis
1067 477 1205 506 informa—

466 526 545 555 tione
578 530 606 555 et
638 534 782 555 consensu
806 524 1027 563 provincialium
1043 547 1050 559 ,
1074 525 1109 553 ad
1132 534 1204 563 quos

465 577 587 612 spectat,
612 573 665 602 sub
689 573 790 612 poenis
812 573 929 602 statutis
955 577 983 602 et
1006 573 1152 611 expressis
1174 573 1203 602 in

466 622 583 651 decreto
605 621 763 651 Alexandri
785 621 847 650 vul
863 621 939 660 quod
961 621 1065 660 incipit
1086 622 1205 651 Prot-in-

465 671 551 700 ciales
573 680 808 710 quarumcmnque
832 671 1066 707 provinciarum,
1091 675 1119 700 et
1140 671 1204 700 aliis

466 719 567 758 poenis
585 719 711 749 ministri
730 719 874 757 generalis
893 719 1012 749 arbitrio
1035 719 1202 749 reservatis.

505 776 531 797 ν.
556 768 737 807 Quamquam
761 768 789 797 in
814 768 1073 798 constitutionibus
1097 769 1204 798 nostris

464 816 605 846 fratribus
621 826 736 856 quoquc
752 817 834 846 laicis
851 826 901 846 seu
922 818 1070 847 conversis
1086 818 1130 847 ius
1148 818 1205 847 suf-

465 865 549 903 fragii
573 865 601 895 in
625 865 800 904 quibusdam
823 866 986 896 actionibus
1010 867 1202 902 concedatur,

464 918 573 949 tamen,
590 915 671 954 quia,
688 919 719 944 ut
735 916 936 954 experimento
951 920 1132 954 compertum
1149 919 1203 953 est,

463 972 498 992 ex
525 963 691 993 huiusmodi
725 973 934 994 conversorum
967 964 1113 1003 suffragiis
1142 968 1204 993 acta

463 1011 578 1050 publica
604 1017 636 1042 ut
660 1013 819 1051 plurimum
844 1013 888 1042 vel
915 1013 1131 1053 impediuntur,
1160 1013 1204 1043 vel

463 1061 685 1099 perturbantur,
703 1071 769 1091 cum
791 1066 823 1091 ut
845 1062 1004 1101 plurimum
1029 1062 1203 1092 deteriorem

462 1114 632 1148 sequentes,
647 1110 681 1140 ab
694 1111 870 1149 optimorum
882 1111 1029 1140 sententia
1041 1111 1203 1147 discedant,

462 1157 515 1186 hac
536 1158 571 1188 de
599 1168 630 1188 re
653 1160 792 1188 statuitur
814 1163 846 1188 ut
861 1159 960 1188 nullus
982 1168 1203 1196 conversorum,

462 1206 512 1244 qui
525 1210 590 1236 actu
600 1206 629 1236 in
640 1207 782 1245 religione
792 1207 990 1246 reperiuntur,
1000 1207 1029 1236 in
1040 1207 1204 1237 actionibus

462 1255 587 1294 publicis
618 1256 663 1285 vel
691 1256 812 1296 privatis
834 1256 1005 1294 suffragium
1029 1257 1124 1293 ferat,
1147 1257 1204 1286 nisi

462 1304 491 1334 in
514 1308 608 1334 aetate
641 1304 746 1334 habeat
778 1314 871 1335 annos
905 1305 1096 1344 quadraginta
1125 1309 1153 1335 et
1174 1305 1204 1335 in

463 1352 644 1391 professione
678 1354 805 1392 regulari
838 1354 1022 1394 quindecim3
1052 1354 1102 1394 qui
1136 1363 1204 1384 vero

464 1405 528 1440 post
561 1401 614 1432 hoc
647 1402 796 1432 decretum
830 1403 865 1433 ad
897 1402 1029 1433 habitum
1053 1403 1204 1441 religionis

464 1450 664 1489 admittentur,
689 1451 809 1481 omnino
832 1455 950 1481 careant
972 1451 1035 1481 iure
1058 1451 1202 1489 suffragii.

308 1511 346 1533 oui
364 1511 453 1541 actores
504 1507 542 1529 vr.
567 1499 637 1529 Cum
660 1509 716 1530 non
748 1509 849 1540 parum
879 1501 1016 1530 utilitatis
1039 1509 1053 1530 a
1076 1500 1205 1530 lecturae

268 1537 454 1590 ἷῖἶῗζῗῖἶζζζῗῖζῗζῇἶ
465 1548 584 1578 moralis
612 1549 752 1579 exercitio
785 1549 855 1579 oriri
878 1549 1033 1589 probatum
1057 1549 1115 1585 sit,
1139 1558 1204 1579 cen-

268 1590 299 1610 d'‘
464 1597 523 1626 suit
545 1597 711 1627 venerabile
733 1598 945 1636 definitorium,
969 1598 1202 1628 confirmandum

464 1654 527 1675 esse
550 1645 711 1681 decretum,
739 1655 829 1686 super
851 1647 905 1676 hoc
927 1651 1094 1676 emanatum
1110 1646 1141 1676 in
1157 1655 1203 1676 ca-

464 1694 565 1733 pitulis
588 1694 776 1732 generalibus
798 1694 956 1724 celebratis
978 1695 1063 1724 annis
1086 1703 1203 1724 noccvn

463 1748 492 1773 et
516 1752 657 1781 MDccxui,
681 1744 758 1783 quod
781 1744 885 1784 incipit
910 1744 977 1773 Cum
1000 1745 1027 1774 in
1051 1745 1126 1782 dies,
1150 1744 1204 1774 hac

462 1796 559 1821 tamen
582 1792 780 1830 limitatione,
805 1797 836 1822 ut
870 1793 981 1822 lectura
1015 1792 1135 1822 moralis
1168 1792 1203 1822 ad

461 1841 645 1880 paternitatis
668 1841 839 1881 provinciae
862 1842 985 1880 gradum
1018 1851 1076 1871 non
1100 1841 1204 1880 perdu-

461 1894 518 1928 cat,
541 1890 599 1920 nisi
621 1891 672 1929 qui
701 1890 782 1930 prius
806 1895 942 1929 regentes
966 1891 1079 1930 primae
1102 1890 1203 1920 classis

461 1938 586 1977 suerint,
611 1948 659 1977 ne,
685 1939 708 1968 si
732 1938 793 1969 sola
816 1939 928 1969 lectura
952 1939 1070 1969 moralis
1097 1938 1132 1968 ad
1156 1948 1205 1978 pa-

462 1987 629 2017 ternitatem
653 1988 821 2027 provinciae
836 1989 1048 2027 assequendam
1066 1988 1201 2025 sufficiat,

462 2045 528 2066 cum
552 2046 610 2066 non
643 2037 699 2066 levi
721 2037 874 2075 religionis
896 2038 1093 2074 detrimento,
1123 2037 1204 2067 labo-

462 2085 538 2114 riosa
572 2088 736 2115 ceterarum
771 2086 943 2116 facultatum
979 2086 1074 2116 studia
1109 2086 1202 2124 negli-

463 2137 578 2171 gantur.

295 769 393 789 Cnnvvrsi
420 774 455 789 ca-

268 798 327 815 reant
350 802 394 815 iuro
414 796 454 815 suf·

268 822 339 848 frasu.

282 2204 284 2206 v
308 2198 453 2224 „wwifflffl
505 2190 553 2212 vn.
577 2183 737 2221 Postremo,
756 2193 821 2213 cum
844 2183 958 2213 decreta
978 2183 1135 2214 definitorii
1156 2193 1205 2221 ge-

269 2231 343 2245 noxem
382 2226 453 2245 dcere·

269 2255 289 2271 m
340 2232 574 2272 „pmlnswhneralis
606 2232 635 2261 in
669 2232 745 2262 Urbe
777 2233 946 2271 congregati
975 2242 1051 2262 anno
1073 2241 1203 2262 noccxm

269 2284 360 2325 {153⁶le
399 2279 582 2311 ⁴'⁴'¹⁸·nonnisi
597 2281 632 2310 ad
649 2282 821 2311 sexennium
851 2282 960 2311 suerint
983 2291 998 2311 a
1020 2281 1204 2311 sanctissimo

463 2330 581 2359 domino
603 2334 703 2360 nostro
730 2330 901 2360 confirmata
916 2354 923 2368 ‚
947 2330 1110 2369 quaesitum
1138 2330 1202 2367 fuit,

463 2387 499 2407 an
522 2381 621 2407 essent
642 2378 749 2408 iterum
771 2378 969 2417 approbanda.
990 2378 1100 2413 Quibus
1116 2386 1204 2407 vene—

463 2425 556 2456 rabile
571 2426 771 2456 definitorium
788 2426 955 2465 respondit:
973 2443 1010 2447 —
1026 2426 1153 2465 primum
1169 2427 1203 2457 (le

463 2475 695 2505 confessionibus
717 2475 894 2505 novitiorum
913 2475 1065 2505 audiendis
1087 2485 1145 2505 non
1168 2476 1203 2505 ab

464 2525 594 2563 ipsorum
618 2524 774 2562 magistro,
797 2528 829 2554 ut
851 2525 981 2554 vitentur
1009 2525 1203 2555 conscientia-

463 2582 529 2604 rum
554 2573 695 2612 pericula,
720 2573 768 2603 sed
791 2572 827 2603 ab
850 2573 907 2603 alio
935 2573 1072 2612 religioso
1094 2578 1204 2613 speeta-

464 2627 509 2651 tae
532 2622 607 2652 vitae
631 2622 665 2652 ad
689 2622 717 2652 id
742 2622 871 2652 muneris
887 2622 1058 2661 seligendo,
1083 2624 1202 2653 tertium

1046 233 1229 258 BULLARIUM
1251 231 1405 257 ROMANUM

1991 231 2041 258 An.
2061 231 2091 260 C.
2112 231 2180 260 ¹720

1247 280 1277 309 in
1300 290 1368 320 quo,
1393 290 1429 310 ne
1451 284 1612 311 conventus
1633 284 1789 319 gravetur,
1817 279 1985 310 decernitur

1249 333 1278 358 ut
1295 339 1352 358 non
1374 329 1493 358 cuilibet
1517 329 1663 359 definitori
1687 333 1827 369 perpetuo
1850 329 1985 368 proprius

1248 377 1338 406 laicus
1361 378 1526 415 assignetur
1548 387 1600 417 pro
1622 378 1720 415 socio,
1754 378 1802 408 sed
1832 387 1907 407 unus
1929 378 1985 407 fra-

1249 430 1292 455 ter
1315 426 1406 457 laicus
1429 427 1567 456 inserviat
1593 427 1692 456 saltem
1710 427 1823 457 duobus
1838 426 1983 466 patribus;

1248 475 1381 513 quintum
1409 475 1443 505 de
1467 476 1620 514 praefectis
1643 476 1670 504 in
1694 476 1851 514 gymnasiis
1874 479 1902 505 et
1926 475 1986 505 col-

1248 523 1331 560 legiis
1353 533 1403 562 pro
1420 524 1522 554 maiori
1545 524 1724 553 studentium
1747 525 1876 563 prosectu
1898 524 1987 553 desti-

1247 572 1370 607 nandis3
1395 577 1527 602 octavum
1556 573 1590 602 de
1622 573 1734 602 lectura
1756 572 1878 602 secundi
1901 573 1986 602 semi-

1247 620 1321 649 narii
1333 621 1501 659 regentibus
1511 621 1746 659 diligentioribus
1758 621 1885 651 secundo
1897 621 1986 651 trien-

1247 667 1296 697 nio
1314 678 1365 707 pro
1379 670 1519 706 secunda,
1537 674 1565 699 ct
1581 670 1665 699 tertio
1682 670 1808 699 triennio
1824 679 1875 709 pro
1890 669 1986 709 prima

1247 716 1339 746 classe
1354 741 1361 754 ,
1385 717 1493 747 iudicio
1525 718 1682 748 definitorii
1715 718 1861 757 generalis
1884 728 1986 748 conce-

1248 764 1365 801 (lemla3
1390 765 1534 795 decimum
1558 766 1593 795 de
1611 766 1778 796 seminariis
1795 775 1846 805 pro
1862 766 1986 796 faciliori

1247 813 1475 844 adolescentium
1502 815 1630 854 profectu
1647 815 1679 844 ad
1704 815 1870 854 pauciorem
1886 824 1988 845 nume-

1247 870 1312 890 rum
1339 862 1536 898 reducendis,
1561 863 1747 893 undecimum
1775 863 1810 893 de
1839 873 1897 893 non
1921 872 1987 903 pro-

1247 911 1397 940 movendis
1430 911 1464 940 ad
1489 912 1691 950 paternitatem
1715 913 1837 942 alicuius
1860 921 1987 942 conven-

1248 964 1305 997 tus,
1330 959 1385 989 nisi
1410 960 1491 999 prius
1514 960 1549 990 ab
1572 961 1709 1000 episcopo
1732 962 1903 991 dioecesano
1926 961 1987 992 fue-

1247 1008 1305 1038 rint
1328 1008 1362 1037 ad
1385 1008 1596 1039 confessionem
1620 1009 1758 1047 admissi3
1782 1009 1985 1040 duodecimum

1247 1057 1283 1086 de
1296 1057 1434 1087 subsidiis
1447 1059 1628 1096 praestandis
1642 1068 1724 1088 sacro
1737 1059 1893 1088 conventui
1908 1059 1988 1089 Assi-

1247 1106 1352 1136 siensi:
1376 1106 1447 1136 haec
1480 1108 1576 1137 omnia
1600 1108 1766 1138 venerabile
1788 1107 1985 1138 definitorium

1246 1155 1397 1194 respondit
1419 1165 1482 1185 esse
1505 1156 1693 1195 approbanda
1724 1157 1802 1186 iuxta
1826 1165 1927 1186 eorum
1943 1165 1987 1186 se-

1247 1204 1319 1233 riem
1344 1208 1372 1234 et
1394 1208 1537 1242 tenorem,
1556 1209 1641 1244 prout
1662 1214 1693 1235 re
1716 1206 1777 1245 ipsa
1794 1205 1984 1246 approbavit:

1248 1270 1283 1273 —
1306 1253 1468 1283 secundum
1492 1263 1559 1283 vero
1581 1254 1616 1284 de
1638 1255 1777 1292 suffragio
1799 1264 1813 1284 a
1837 1254 1986 1285 conversis

1247 1301 1276 1330 in
1299 1302 1492 1332 electionibus
1515 1312 1572 1332 non
1596 1303 1727 1339 ferendo,
1751 1304 1807 1333 nisi
1831 1304 1861 1333 in
1890 1307 1986 1334 aetate

1248 1349 1395 1380 babeant¹
1419 1359 1510 1380 annos
1538 1351 1730 1389 quadraginta
1763 1355 1792 1381 et
1822 1353 1852 1382 in
1875 1353 1987 1391 profes-

1246 1398 1327 1428 sione
1350 1398 1480 1436 regulari
1503 1399 1694 1438 quindecim,
1719 1400 1913 1439 approbavit,
1937 1401 1986 1430 sed

1247 1446 1370 1476 ulterius
1392 1448 1504 1485 statuit,
1522 1448 1598 1486 quod
1621 1449 1771 1486 conversi,
1795 1449 1986 1487 imposterum

1246 1494 1281 1524 ad
1314 1494 1445 1524 habitum
1478 1495 1679 1533 admittendi,
1713 1496 1832 1526 omnino
1868 1501 1986 1526 careant

1246 1543 1308 1573 iure
1331 1544 1522 1582 suffragandi,
1548 1549 1633 1583 prout
1654 1554 1683 1574 n.
1708 1553 1741 1581 v;
1760 1544 1895 1584 quintum
1910 1545 1931 1583 ²,
1952 1545 1987 1575 de

1246 1592 1355 1621 lectura
1380 1593 1482 1622 morali
1506 1593 1535 1622 in
1557 1592 1666 1622 Ordine
1697 1593 1891 1632 promovenda
1908 1617 1915 1630 ,
1939 1603 1988 1633 pa-

1246 1640 1317 1669 riter
1349 1641 1554 1678 confirmavit,
1579 1641 1628 1670 sed
1651 1642 1704 1671 hac
1737 1641 1931 1678 limitatione,
1956 1646 1987 1671 ut

1246 1688 1280 1718 ad
1303 1689 1488 1727 paternitatis
1515 1689 1636 1727 gradum
1666 1700 1724 1720 non
1747 1690 1906 1730 perducat,
1930 1690 1987 1720 nisi

1246 1739 1295 1778 qui
1319 1739 1400 1778 prius
1429 1743 1563 1777 regentes
1598 1739 1709 1778 primae
1732 1740 1833 1770 classis
1855 1739 1984 1777 suerint,

1246 1791 1332 1826 prout
1360 1796 1390 1816 n.
1415 1796 1459 1825 vi,
1483 1792 1596 1818 sextum
1623 1789 1754 1826 tandem,
1779 1788 1936 1831 septimum
1959 1792 1987 1818 et

1246 1846 1370 1875 nonum,
1389 1837 1418 1866 in
1431 1836 1537 1876 quibus
1555 1837 1590 1867 de
1607 1837 1743 1868 methodo
1758 1837 1935 1874 studiorum,
1951 1837 1987 1868 de

1246 1895 1390 1916 concursu
1412 1890 1439 1916 et
1461 1887 1594 1917 examine
1621 1887 1802 1916 studentium
1835 1886 1988 1916 baccalau—

1246 1944 1364 1965 reorum
1385 1939 1412 1964 et
1427 1944 1550 1966 nurnero
1573 1935 1769 1974 collegialium
1790 1935 1896 1974 agitur,
1919 1944 1988 1965 cen-

1246 1983 1304 2013 suit
1334 1983 1500 2013 venerabile
1533 1984 1734 2014 definitorium
1763 1993 1827 2014 esse
1859 1983 1987 2014 totaliter

1246 2033 1463 2071 committenda,
1494 2037 1582 2072 prout
1604 2033 1639 2063 de
1663 2033 1726 2063 iure
1748 2033 1777 2063 in
1808 2033 1898 2063 sacris
1920 2042 1987 2063 con-

1246 2081 1447 2111 stitutionibus
1465 2081 1603 2119 Urbanis,
1621 2082 1799 2121 prudentiae*
1816 2086 1844 2112 et
1865 2081 1986 2111 arbitrio

1246 2130 1484 2160 reverendissimi
1518 2131 1616 2160 fratris
1656 2130 1783 2160 ministri
1815 2130 1984 2169 generalis,

1246 2180 1315 2219 qui¹
1340 2189 1391 2219 pro
1419 2180 1550 2210 locorum
1583 2183 1611 2210 et
1632 2184 1797 2218 temporum
1820 2179 1960 2209 varietate
1975 2202 1982 2215 ,

1246 2229 1274 2258 id
1306 2238 1357 2268 pro
1379 2228 1543 2258 studiorum
1565 2229 1747 2258 incremento
1769 2231 1886 2265 statuet,
1909 2228 1986 2267 quod

1246 2277 1338 2314 magis
1360 2277 1389 2306 in
1412 2277 1535 2307 Domino
1549 2276 1685 2316 expedire
1707 2276 1866 2306 videbitur.

1290 2344 1304 2386 ἓ
1330 2343 1359 2376 9.
1386 2343 1462 2377 Cum
1482 2349 1597 2383 autem,
1617 2343 1698 2376 sicut
1723 2343 1834 2376 eadem
1861 2343 2179 2406 exposi-fflassssffimsso

1247 2397 1292 2430 tio
1319 2397 1546 2439 subiungebat,
1570 2397 1671 2429 dictus
1695 2397 1828 2430 Carolus
1849 2397 2180 2463 Iacobusffiruprssmitgffl

1246 2450 1395 2483 minister
1427 2449 1591 2492 generalis
1618 2450 1747 2482 decreta
1773 2450 1983 2491 huiusmodi,
1996 2465 2022 2511 “fl
2041 2470 2128 2511 exgmen
2147 2471 2181 2485 re-

1998 2497 2007 2510 Ϊ
2024 2496 2063 2511 call
2080 2497 2099 2511 0-

1283 2540 1291 2565 1
1317 2538 1387 2565 ΕάῑιΔ
1409 2538 1488 2564 Main.
1510 2538 1573 2573 legit
1594 2539 1698 2566 habeat
1717 2541 1756 2569 (n.
1781 2540 1831 2574 Τ.).

1281 2582 1297 2608 2
1316 2584 1417 2610 Forsan
1433 2583 1540 2618 legend.
1559 2586 1709 2618 quartum,
1729 2583 1792 2619 quia
1807 2584 1945 2618 quintum
1958 2584 1986 2611 in

1246 2627 1343 2663 legitur
1359 2627 1437 2663 paulo
1449 2631 1510 2654 ante
1522 2627 1594 2654 inter
1605 2627 1727 2655 absolute
1738 2628 1984 2666 approbata(n.·r.)‚
