2269 3203
72 213 122 242 An.
143 214 171 242 C.
191 214 257 242 ¹712

269 263 382 308 opinio
422 269 526 301 esset,
555 270 679 308 septem
716 264 888 307 praecipua
920 263 1012 295 Urbis

271 320 388 362 templa
415 318 553 352 invisere
578 318 691 355 votuit,
712 318 847 360 eiusque
871 317 1009 355 itineris,

270 381 465 415 quamquam
503 371 625 404 viribus
661 369 789 402 infirma
827 369 1011 403 valetudine

269 423 416 462 deiectis,
443 434 592 466 n'iagnam
619 428 741 465 partein
769 422 908 465 pedibus
934 432 1012 454 con·

269 476 361 515 fecit3
387 482 497 519 aperte
523 475 681 518 profitens
716 476 799 508 velle
834 485 865 507 se
894 484 1008 507 eorum

268 529 422 573 reliquias
449 534 616 572 postremo
635 528 759 568 videre,
780 538 917 571 quorum
943 528 1010 559 ani-

267 592 334 614 mas
359 592 424 615 non
450 582 551 614 inulto
576 586 650 622 post
674 580 817 613 visurum
843 590 915 613 esse
940 590 1011 622 spe-

267 639 352 666 raret
377 634 409 666 in
437 634 538 667 caelo.
566 632 712 676 Denique
737 632 766 665 vi
792 632 896 665 morbi
923 633 1010 665 inva-

267 688 410 720 lescente
426 713 433 725 ‚
462 686 567 719 statim
594 696 630 719 ac
655 686 864 718 novissimam
890 696 1009 729 appro-

267 738 427 782 pinquare
445 738 558 771 horam
578 738 767 782 praesensit,
783 748 909 770 sacrum
929 737 1009 770 chri>

267 791 447 824 suanorum
474 791 659 835 principum
700 791 813 824 foedus
850 791 1008 824 cardinali

267 844 486 878 Alexandrino
502 845 743 878 ferventissime
757 845 1007 885 commendavit;

267 897 385 931 deinde
421 898 565 944 psalmos
598 898 762 932 davidicos
794 898 855 931 sibi
882 899 1008 941 praele-

266 951 392 993 gendos
417 951 581 994 poposcit,
608 952 723 985 lectori
750 951 908 985 mandans
936 951 1008 984 illos

266 1005 329 1038 alta
352 1014 430 1038 voce
456 1004 698 1048 pronunciare,
728 1005 923 1048 interposita
948 1004 1007 1036 sibi

267 1057 404 1099 singulis
424 1056 592 1090 versiculis-
619 1059 720 1096 mora,
749 1062 783 1088 ut
807 1057 876 1100 ipse
902 1057 1008 1089 divina

268 1108 398 1152 eloquia
415 1119 475 1152 per
492 1120 586 1142 aures
605 1109 746 1142 admissa
764 1109 848 1142 dulci
869 1114 1009 1142 contem-

267 1161 422 1205 plationis
448 1161 564 1195 ail'cctu
589 1162 708 1195 sensim
735 1162 942 1204 degustaret,
969 1161 1009 1194 si-

267 1215 478 1258 tientemque*
504 1214 651 1258 spiritum
690 1215 847 1248 irroraret
878 1220 1007 1247 nectare

267 1268 471 1300 suavissimo.

310 1322 325 1364 S*
350 1319 403 1353 ⁶29.
425 1320 577 1361 Tandem,
597 1331 667 1359 cum
688 1320 823 1353 historia
846 1320 1007 1353 Passionis

267 1373 389 1406 domini
416 1373 518 1406 nostri
538 1374 608 1406 Iesu
626 1374 746 1407 Christi
773 1385 809 1406 ex
837 1374 1006 1416 evangelio

265 1428 450 1470 legeretur,
487 1427 635 1460 manibus
669 1428 701 1459 in
737 1427 867 1460 modum
901 1427 1005 1459 crucis

266 1481 430 1524 expansis,
459 1482 549 1514 nullo
574 1486 676 1521 motu,
700 1480 876 1524 strepituve
904 1480 1004 1521 edito,

266 1533 408 1567 suaviter
429 1534 546 1567 efflavit
570 1534 720 1573 animam,
742 1545 877 1578 eamque
903 1534 1007 1567 reddi-

267 1586 314 1620 dit
337 1586 490 1620 Creatori.

311 1639 392 1683 §3st
410 1640 553 1679 Maxima,
569 1651 607 1673 eo
625 1641 791 1679 defuncto,
807 1640 914 1673 statim
933 1650 1006 1683 per-

267 1692 395 1726 crebuit
432 1693 515 1725 fama
549 1693 636 1726 illius
678 1693 878 1732 sanctitatis,
917 1692 1006 1725 cuius

266 1756 384 1789 nempe
409 1746 607 1779 desiderium
640 1746 869 1789 publicamque
907 1746 1007 1778 iactu-

265 1809 332 1831 ram
358 1798 430 1842 ipsa
454 1798 550 1831 etiarn
574 1804 661 1832 muta
694 1799 873 1839 elementa,
902 1804 1005 1832 terrac

264 1852 407 1892 fremitu,
426 1852 617 1885 fulminibus
634 1853 841 1896 amniumque
866 1854 1006 1886 exunda-

265 1905 364 1945 tione,
380 1910 496 1938 testata
513 1905 655 1938 fuerunt.
673 1905 775 1944 Quare
790 1916 854 1938 non
870 1905 1004 1939 Romani

265 1957 378 2002 populi
405 1959 521 1998 solum,
543 1969 651 1991 rerum
670 1959 765 1991 etiam
791 1958 1005 2001 plurimorum

266 2021 282 2044 e
307 2010 420 2044 vicinis
453 2011 644 2054 regionibus
679 2012 848 2045 hominum
875 2021 1006 2045 concur-

265 2074 319 2097 sus
353 2064 392 2098 ad
423 2064 592 2098 visendum
629 2065 716 2098 illius
743 2065 879 2098 cadaver
905 2066 1005 2098 factus

267 2123 325 2158 est,
346 2118 427 2151 adeo
446 2123 480 2150 ut
497 2118 652 2151 maiorem
672 2119 842 2151 custodum
861 2118 1007 2151 militum-

266 2181 329 2214 que
350 2181 521 2204 numerum
547 2171 706 2204 adhibere
733 2182 814 2214 opus
840 2171 946 2211 fuerit,
965 2182 1005 2204 ne

266 2224 381 2267 populi
408 2224 525 2264 fervor,
545 2224 598 2267 qui
613 2225 700 2257 beati
718 2225 882 2258 cadaveris
901 2231 1006 2258 vestes

266 2276 329 2309 iam
352 2277 513 2310 violenter
537 2277 686 2318 sciderat,
713 2288 826 2310 carnes
852 2277 946 2310 etiam
973 2277 1003 2309 in

267 2329 368 2362 frusta
393 2330 559 2362 distractas
586 2340 695 2363 secum
722 2337 914 2372 asportaret.

312 2382 327 2425 ξ
351 2381 404 2415 31.
434 2383 491 2425 Agi
517 2389 666 2426 coeptum
685 2384 723 2416 de
744 2383 797 2416 Pio
824 2384 909 2417 inter
929 2384 1006 2417 San-

269 2442 337 2469 ctos
365 2436 538 2469 referendo
565 2447 649 2470 anno
674 2447 816 2471 uncxxi:
844 2438 934 2471 cuius
959 2439 1005 2471 rei

270 2489 391 2531 gratia,
417 2488 581 2522 instructis
616 2491 712 2523 variis
741 2496 803 2522 tani
841 2491 1007 2524 ordinaria

269 2553 364 2587 quam
385 2542 565 2584 apostolica
582 2543 772 2576 auctoritate
790 2544 1004 2588 processibus,

268 2596 335 2636 fuit,
361 2600 395 2627 ut
420 2605 488 2628 mos
515 2600 582 2627 erat
608 2595 696 2629 illius
719 2597 884 2640 temporis,
904 2597 1006 2630 tribus

354 2657 435 2686 Butt.
456 2657 541 2686 Rom.
559 2672 592 2677 —
611 2658 671 2685 Vol.
695 2657 770 2688 XXI.
914 2657 949 2686 65

99 1337 192 1357 Animam
207 1335 255 1356 red-

70 1363 102 1384 dit
116 1363 219 1385 Creatori.

110 1654 177 1680 ipsius
201 1653 255 1674 sama

71 1680 197 1702 sanctitatis.

99 2392 155 2422 lilius
169 2393 257 2413 canoni-

72 2421 160 2439 tationis
193 2424 258 2439 causa

71 2445 199 2467 introducta.

908 216 1047 239 CLEMENs
1075 216 1105 238 XI
1131 216 1179 240 Pr.

1697 208 1760 243 513
1807 217 1854 244 An.
1876 217 1903 244 c.
1923 216 1990 244 1712

1056 263 1293 306 antiquioribus
1319 264 1482 297 Romanae
1508 264 1609 297 Rotae
1634 265 1795 298 iudicibus

1056 317 1189 349 eosdem
1216 317 1418 350 examinandi
1438 317 1631 349 demandata
1653 318 1793 355 facultas,

1056 370 1120 412 qui,
1147 360 1224 403 lato‘
1237 370 1277 403 de
1296 371 1357 403 bac
1376 381 1407 403 re
1427 370 1557 408 iudicio,
1576 377 1606 402 et
1625 371 1794 404 documen-

1055 428 1162 454 torum
1188 422 1413 455 auctoritatem
1440 423 1631 466 probarunt,
1651 429 1683 455 et
1698 424 1794 455 virtu-

1055 480 1119 506 tum
1142 476 1371 518 praestantiam
1398 476 1569 508 heroicum
1595 476 1731 518 gradum
1753 482 1795 508 at-

1055 528 1174 570 tigisse,
1196 539 1324 562 necnon
1350 529 1514 567 miracula,
1534 539 1629 571 supra
1650 539 1795 561 commu-

1053 590 1125 613 nem
1152 586 1287 614 naturae
1307 591 1409 620 usum,
1432 581 1527 615 fuisse
1553 586 1681 625 patrata
1707 581 1794 614 dixe-

1054 638 1140 666 runt.
1170 634 1290 666 Horum
1325 633 1444 666 iudicio
1477 643 1644 666 sacrorum
1674 634 1792 666 rituum

1053 685 1301 730 Congregationi
1335 697 1471 720 examen
1503 687 1792 730 superinductum,

1052 738 1084 771 in
1111 750 1175 783 quo
1200 739 1325 783 pariter
1345 739 1483 772 iuridica
1510 744 1656 772 actorum
1683 738 1793 771 vatidi-

1054 796 1109 831 tas,
1125 796 1222 834 atque
1240 791 1271 823 in
1290 791 1390 833 gradu
1411 791 1545 824 heroico
1565 791 1793 834 comprobatae

1052 844 1199 883 virtutes,
1225 843 1387 887 simulque
1414 843 1487 883 duo,
1513 853 1595 886 quae
1621 839 1793 876 subsecuta

1052 895 1192 937 fuerant,
1215 897 1369 929 miracula
1394 897 1489 940 plene
1516 896 1739 940 comprobata.

1096 950 1110 992 ἓ
1135 949 1188 983 32.
1215 949 1355 988 Quorum
1383 949 1441 982 fuit
1465 949 1622 993 primum,
1654 948 1693 980 ab
1719 949 1792 992 igne
1832 959 1876 980 nuo
1898 960 1989 985 probata

1053 1002 1181 1044 penitus
1207 1002 1336 1036 illaesas
1368 1002 1561 1036 remansisse
1587 1001 1681 1034 huius
1708 986 1914 1034 beatifflfflfflh'

1053 1055 1217 1088 Pontificis
1232 1056 1310 1088 duas
1323 1054 1490 1097 imagines,
1503 1066 1538 1087 cx
1551 1065 1671 1098 papyro
1685 1064 1791 1093 unam,

1052 1110 1185 1142 alteram
1213 1119 1249 1142 ex
1272 1109 1335 1142 tela
1357 1109 1511 1148 confecta,
1527 1108 1558 1140 in
1578 1108 1701 1151 privato
1726 1118 1792 1140 ora-

1053 1162 1147 1201 torio,
1175 1172 1231 1194 seu
1257 1162 1389 1201 sacello,
1408 1160 1536 1194 Antonii
1563 1160 1734 1194 Cordubae
1761 1165 1794 1193 et

1051 1213 1217 1247 Cardonae
1255 1213 1345 1247 ducis
1378 1214 1493 1246 Scssae
1519 1224 1535 1246 e
1560 1213 1683 1256 pariete
1714 1223 1791 1257 pen-

1052 1267 1181 1307 dentes,
1208 1268 1286 1300 licet
1311 1267 1394 1310 ignis
1420 1267 1464 1299 ita
1494 1266 1708 1300 veliementer
1733 1278 1792 1311 per

1051 1324 1150 1352 totam
1168 1321 1282 1352 aedem
1308 1325 1470 1362 grassatus
1496 1320 1621 1360 fuisset,
1638 1327 1673 1354 ut
1695 1322 1790 1356 etiam

1050 1379 1206 1415 argentea
1224 1373 1394 1406 simulacra
1419 1374 1622 1406 flammarum
1641 1375 1668 1407 ri
1687 1375 1791 1419 lique-

1051 1426 1131 1459 facta
1151 1426 1281 1465 tuerint,
1304 1427 1533 1470 lapideumque
1553 1429 1653 1460 altare
1679 1428 1711 1461 in
1730 1429 1790 1463 sor-

1050 1489 1132 1511 mam
1159 1479 1241 1512 cocti
1275 1479 1412 1523 pumicis
1447 1479 1632 1520 transierit,
1659 1491 1695 1514 ac
1719 1482 1791 1514 uni—

1051 1542 1142 1564 versa
1156 1532 1243 1565 illius
1254 1532 1421 1565 aediculae
1440 1543 1532 1565 sacra
1548 1534 1714 1576 suppellex
1728 1534 1789 1577 (di-

1049 1585 1108 1618 ctis
1126 1586 1292 1618 dumtaxat
1317 1585 1442 1618 duabus
1460 1585 1669 1628 imaginibus,
1688 1589 1790 1631 eaque

1049 1639 1140 1671 strati
1165 1639 1276 1672 altaris
1301 1639 1458 1682 praedicti
1495 1645 1608 1682 parte,
1635 1640 1666 1672 in
1693 1651 1790 1684 quam

1050 1693 1148 1725 altera
1174 1693 1360 1726 earumdem
1395 1692 1569 1735 imaginum
1601 1693 1787 1735 ceciderat,

1050 1745 1205 1789 exceptis)
1231 1745 1264 1778 in
1291 1746 1429 1779 favillam
1456 1751 1487 1779 et
1512 1747 1543 1779 in
1571 1746 1714 1781 cinerem
1741 1759 1790 1781 re—

1049 1799 1141 1832 dacta
1167 1799 1274 1831 fuerit.

1093 1852 1107 1895 §
1131 1851 1184 1885 33.
1213 1853 1357 1885 Alterum
1385 1853 1443 1886 fuit
1468 1853 1634 1887 Tiburtiae
1657 1855 1790 1889 Floren-

1050 1904 1134 1937 tinae
1147 1904 1343 1938 Auximanae
1359 1906 1505 1939 mulieris
1520 1907 1789 1950 septuagenariae

1050 1957 1221 2001 repentina
1241 1958 1380 1990 sanatio.
1404 1959 1492 1991 Ilaec
1518 1958 1679 2002 siquidem
1699 1963 1790 1994 acuta

1050 2011 1256 2054 malignaque
1278 2010 1357 2043 febri
1377 2017 1539 2055 correpta,
1559 2011 1697 2055 aliisque
1714 2023 1791 2047 con-

1050 2063 1148 2106 gestis
1177 2063 1299 2096 morbis
1328 2073 1508 2107 oppressa,
1540 2064 1621 2097 itaut
1649 2065 1790 2100 medico-

1050 2127 1119 2149 rum
1134 2116 1254 2150 iudicio
1269 2116 1353 2149 intra
1368 2117 1463 2149 trium
1478 2117 1635 2150 horarum
1650 2120 1788 2162 spatium

1049 2170 1111 2203 iam
1137 2170 1292 2202 moritura
1317 2170 1523 2210 crederetur,
1549 2171 1604 2203 ubi
1631 2171 1675 2204 Pii
1697 2172 1790 2205 indu-

1050 2223 1133 2255 sium
1159 2233 1257 2265 aegro
1294 2225 1422 2266 corpori
1460 2224 1573 2257 devote
1609 2225 1789 2268 adplicuit,

1050 2277 1137 2310 nulla
1163 2276 1356 2320 interposita
1376 2278 1486 2317 mora,
1511 2287 1588 2310 sana
1613 2282 1644 2310 et
1670 2277 1790 2311 incolu-

1050 2329 1109 2362 mis
1123 2340 1140 2363 e
1161 2330 1277 2363 lectulo
1295 2328 1449 2371 surrexit,
1465 2330 1626 2375 vitamque
1647 2330 1685 2364 ad
1708 2332 1791 2364 mul-

1051 2388 1098 2416 tos
1125 2393 1227 2416 annos
1252 2383 1391 2416 feliciter
1416 2383 1587 2426 protraxit.

1094 2436 1108 2479 §
1133 2436 1186 2470 34.
1214 2436 1357 2470 Fuerunt
1388 2435 1555 2480 pontificio
1582 2436 1712 2470 decreto
1736 2436 1986 2490 ¹3¹'’c,-‡i{⁰²i⁶⁰{30331

1051 2495 1144 2529 mata,
1165 2494 1230 2521 tum
1257 2499 1340 2532 quae
1367 2489 1405 2522 ad
1430 2489 1582 2529 virtutes,
1610 2494 1674 2522 tum
1704 2500 1787 2533 quae
1800 2497 1889 2516 mantur·

1050 2542 1089 2574 ad
1125 2541 1279 2575 miracula
1316 2542 1548 2586 pertinebant,
1583 2542 1786 2585 supradictae

1050 2595 1316 2639 Congregationis
1334 2595 1472 2635 iudicia;
1493 2595 1630 2629 remisso
1649 2595 1681 2628 in
1699 2594 1786 2628 aliud
