2269 3203
923 217 1018 241 ixnex
1045 217 1149 241 aarum
1699 211 1762 245 967

355 277 422 310 tur,
454 269 520 303 430
553 280 572 302 a
601 276 630 302 et
663 270 696 309 b3
723 269 761 302 ad
793 269 1000 302 confessarios
1032 269 1232 311 hospitalium
1267 270 1407 302 omnium
1438 270 1475 302 de
1511 271 1594 304 Urbe
1626 272 1807 305 constitutio

355 323 439 356 Pauli
472 323 511 356 111
542 334 636 366 super
661 323 807 356 facultate
830 322 1094 356 confessariorum
1121 322 1283 366 hospitalis
1309 323 1338 356 S.
1373 323 1485 355 Mariae
1521 323 1558 355 de
1590 324 1807 358 Consolatione

354 376 543 416 extenditur,
569 376 632 409 598
658 377 674 408 b
699 381 729 408 et
753 386 814 419 seq.

265 429 511 463 Confraternitas
537 428 755 472 Conceptionis
779 428 810 460 Β.
838 429 872 460 Μ.
900 428 1044 470 Virginis.
1071 448 1111 453 —
1138 429 1238 472 Ipsius
1263 429 1474 462 confratribus
1508 430 1537 461 in
1571 430 1710 463 ecclesiis
1741 432 1808 463 fra-

356 488 438 515 trum
465 483 501 515 de
529 482 668 516 Mercede
702 481 834 515 civitatis
866 482 1041 514 Mcxicanae.
1069 481 1278 523 indulgentias
1300 482 1450 525 quasdam
1484 482 1637 515 defunctis
1663 493 1720 526 per
1744 495 1810 517 mo-

354 536 428 568 duin
456 535 595 577 sull‘ragii
621 534 797 577 applicandi
820 535 950 567 facultas
975 534 1169 574 conceditur,
1195 534 1236 567 8¹.)
1263 535 1290 567 b.

266 588 513 622 Contratcrnitas
531 589 560 621 B.
580 589 617 621 M.
642 588 671 620 t'.
690 588 727 620 de
745 588 846 620 Monte
865 588 1016 620 tlaruielo.
1036 609 1077 613 —
1101 586 1320 621 Confratribus
1347 586 1492 630 proprias
1517 587 1665 619 ecclosias
1692 587 1720 619 in
1748 589 1809 621 una

354 641 513 674 dominica
531 641 683 684 cuiusque
710 641 827 673 mensis
854 641 1052 673 visitantibus
1081 640 1278 682 indulgentia
1303 651 1319 672 a
1346 640 1441 672 Paulo
1468 640 1489 670 V
1515 650 1665 673 concessa
1691 640 1728 673 iis
1754 642 1807 684 qui

355 695 465 727 eadem
491 694 540 727 die
566 694 676 727 solitae
701 694 898 737 processioni
925 693 1124 725 interfuerint
1145 692 1338 733 conceditur,
1361 691 1425 726 553
1449 693 1487 731 b;
1514 693 1584 725 ride
1609 693 1806 726 Carmelitae.

266 747 511 781 Confratcrnitas
536 746 586 780 SS.
615 747 746 780 Rosarii.
774 767 814 771 —
840 746 1134 781 Confraternitatern
1160 746 1290 778 alteram
1321 755 1379 788 pro
1405 744 1592 778 mulieribus
1617 745 1647 778 in
1672 746 1754 779 Sinis
1780 747 1809 779 in

355 801 464 834 eodeni
492 801 561 833 loco
587 800 727 843 erigendi
755 801 883 833 facultas
909 799 988 833 facta
1014 800 1165 841 magistro
1190 798 1329 841 generali
1357 798 1624 839 praedicatorum,
1650 799 1709 832 551
1739 801 1765 832 b.

267 854 434 888 Confucius
459 854 606 897 antiquus
630 853 838 898 philosophus
860 853 1025 892 Sinarum,
1045 852 1108 885 207
1136 863 1172 891 (ιζ,
1198 851 1234 884 de
1257 852 1342 884 cultu
1365 850 1424 894 ipsi
1451 851 1574 884 reddito
1591 863 1606 884 a
1628 851 1811 886 Sint-usibus

355 908 475 950 pluries
500 908 614 950 agitur,
640 907 717 940 ibid.
746 912 775 939 et
799 918 863 950 seq.

266 960 477 1003 Congregatio
504 961 736 993 Alexianorum.
763 980 804 985 —
830 960 975 1004 Ipsorum
1003 959 1143 993 ecclesiis
1170 959 1362 1002 indulgentia
1397 958 1537 1002 plenaria
1565 964 1751 1003 perpetuam
1779 961 1810 994 in

355 1013 432 1046 festo
457 1014 485 1046 S.
513 1013 609 1046 Alexii
637 1013 831 1050 conceditur,
858 1013 920 1046 *too
946 1024 974 1046 a.

236 1083 240 1085 >
266 1066 476 1110 Congregatio
501 1067 583 1099 Artis
608 1067 762 1109 agrariae.
783 1085 825 1091 -—
851 1067 949 1100 lluius
974 1067 1176 1105 erectionem,
1198 1078 1268 1100 curn
1294 1067 1493 1101 facultatibus
1518 1067 1544 1100 ei
1571 1067 1728 1101 concessis
1754 1079 1811 1112 per

355 1119 497 1152 cedulam
524 1120 609 1153 Pauli
637 1121 679 1160 t',
706 1120 872 1154 confirmat
907 1121 1049 1154 Clemens
1082 1121 1119 1153 Xl
1136 1147 1143 1161 ,
1167 1120 1225 1153 ott
1255 1131 1274 1153 ct
1310 1125 1340 1153 et
1364 1132 1442 1164 seq.;
1468 1120 1559 1164 eique
1584 1131 1680 1154 novas
1713 1122 1810 1155 facul-

355 1178 432 1206 tates
447 1173 598 1215 elargitus
623 1179 680 1213 est,
704 1174 767 1206 tit-2
793 1174 808 1205 b
834 1180 863 1206 et
887 1185 950 1218 seq.

268 1227 477 1270 Congregatio
503 1227 814 1268 Bethlelieinitarum,
836 1228 906 1260 ride
932 1227 1188 1262 Bellileliemitac.

266 1280 475 1323 Congregatio
500 1280 666 1313 Cliaritatis
691 1280 720 1313 S.
747 1281 906 1325 llyppoliti
934 1281 964 1313 in
989 1282 1084 1314 lndiis
1109 1280 1370 1314 Occidentalibus.
1458 1281 1504 1313 Illi
1531 1281 1695 1325 pnirilegia
1721 1280 1811 1315 Ordi-

355 1344 430 1366 num
456 1333 697 1367 Mendicantium
724 1340 754 1367 et
779 1334 968 1367 clericorum
996 1334 1240 1367 ministrantium
1260 1333 1393 1366 infirmis
1408 1335 1572 1375 concessit,
1592 1336 1735 1368 Clemens
1760 1336 1809 1376 xl,

354 1385 397 1419 34
421 1386 437 1418 b
452 1397 459 1426 ;
477 1391 506 1419 et
528 1386 667 1419 eiusdem
689 1387 839 1420 fratribus
857 1388 1035 1421 facultatem
1058 1387 1248 1431 suscipiendi
1268 1387 1393 1420 ordines
1415 1398 1524 1421 omnes
1541 1394 1627 1421 extra
1654 1395 1814 1432 tempora,

357 1444 386 1473 et
409 1449 473 1473 non
497 1439 627 1473 servatis
652 1440 837 1481 interstitiis,
858 1440 899 1474 37
926 1453 945 1474 ιι
962 1447 991 1474 et
1017 1441 1048 1480 b;
1071 1440 1168 1484 ipsius
1189 1446 1303 1472 statuta
1320 1440 1473 1484 quaedam
1499 1446 1641 1475 recenset
1662 1443 1810 1475 Innocen-

356 1492 418 1525 tius
434 1492 516 1533 Xlll,
533 1492 596 1526 919
612 1506 629 1526 ιι
648 1499 678 1526 et
694 1504 772 1538 3*qu
798 1499 828 1527 et
853 1494 1022 1536 confirmat
1039 1505 1109 1527 cuin
1127 1493 1286 1526 nonnullis
1311 1493 1591 1535 declarationibus,
1609 1494 1667 1527 921
1692 1506 1709 1528 a
1727 1500 1757 1528 et
1781 1496 1807 1528 b.

266 1547 475 1589 Congregatio
500 1546 538 1580 de
563 1547 768 1590 Propaganda
795 1548 882 1587 Fide,
903 1547 975 1581 ride
999 1547 1185 1590 Collegium.
1711 1589 1714 1591 ‚

266 1600 476 1642 Congregatio
493 1600 660 1632 Doctrinae
679 1600 873 1633 Christianae
893 1601 922 1632 in
940 1600 1050 1633 Gallia.
1065 1619 1108 1623 -—
1122 1600 1288 1633 Decretum
1310 1600 1569 1644 Congregationis
1588 1602 1812 1646 episcoporum

355 1658 385 1686 et
405 1653 600 1695 regularium
626 1653 663 1685 de
689 1654 841 1686 electione
865 1654 1069 1687 definitorum
1091 1653 1313 1686 adiunctorum
1340 1655 1410 1687 loco
1435 1646 1679 1697 procuratorum
1706 1655 1814 1689 absen-

356 1707 433 1739 tium
460 1706 600 1739 eiusdem
627 1707 886 1749 Congregationis
913 1707 1130 1749 confirmatur,
1156 1706 1220 1739 316
1246 1707 1262 1739 b
1287 1713 1317 1739 et
1340 1717 1421 1750 seq.;
1447 1707 1705 1751 Congregationis
1729 1709 1813 1742 eius-

354 1759 424 1792 dem
451 1759 620 1803 praedictis
646 1759 867 1793 definitoribus
888 1759 1044 1793 adiunctis
1079 1770 1135 1792 vox
1164 1759 1369 1794 deliberativa
1402 1760 1597 1801 conceditur,
1614 1760 1678 1794 317
1695 1773 1714 1795 a
1731 1767 1761 1794 et
1778 1762 1812 1798 tu

358 1813 619 1856 Congregationis
645 1813 823 1857 praedictae
849 1813 981 1854 clericis,
1007 1823 1045 1845 ne
1071 1813 1137 1845 sine
1163 1813 1320 1855 generalis
1345 1819 1372 1845 et
1395 1813 1564 1846 delinitorii
1590 1814 1735 1847 facultate
1757 1815 1813 1847 be-

358 1866 470 1899 neficia
484 1866 649 1910 accipiant,
667 1877 724 1899 nec
743 1877 880 1910 unquam
900 1867 929 1898 in
949 1866 1062 1899 doinus
1081 1865 1230 1898 mulieres
1256 1865 1467 1906 introducant,
1484 1865 1692 1909 prohibitum,
1709 1866 1772 1900 586
1793 1878 1813 1900 a

354 1925 381 1953 et
407 1930 482 1964 seq.;
515 1920 656 1953 eiusdem
682 1919 944 1964 Congregationis
975 1918 1135 1951 delinitori
1168 1918 1316 1951 adiuncto
1352 1919 1538 1962 suffragium
1570 1919 1812 1954 deliberativum

354 1973 548 2014 conceditur,
574 1974 639 2007 614
665 1975 679 2007 b
705 1979 735 2007 et
759 1985 822 2018 seq.
843 1985 849 2013 ;
875 1972 1066 2017 dispensatio
1091 1983 1107 2004 a
1134 1978 1204 2005 roto
1231 1972 1484 2015 perseverantiae
1509 1972 1639 2006 Sun‘tmo
1670 1973 1813 2007 Pontifici

355 2032 555 2066 reservatur,
581 2026 644 2060 720
669 2038 688 2060 a
713 2031 742 2061 el
766 2038 827 2070 seq.

268 2079 479 2122 Congregatio
504 2079 639 2113 Iunctae
665 2079 694 2111 in
720 2090 819 2122 regno
844 2079 976 2112 Siciliae,
1005 2098 1042 2103 —
1071 2079 1168 2111 lluius
1202 2079 1456 2121 congregationis
1488 2079 1624 2112 edic-tuni
1654 2080 1812 2124 quoddam

353 2138 464 2165 contra
489 2133 732 2176 exequutionem
758 2133 986 2176 rescriptorum
1012 2137 1195 2164 exterorum
1221 2132 1286 2164 sine
1311 2132 1397 2175 renio
1423 2137 1600 2176 exaequatur
1617 2134 1738 2167 nullum
1758 2134 1812 2168 de-

355 2184 492 2218 claratur
518 2191 547 2217 et
571 2184 748 2226 damnatur,
775 2184 837 2217 647
864 2197 881 2217 α
908 2190 937 2217 et
962 2196 1024 2227 seq.

266 2238 474 2280 Congregatio
499 2238 662 2271 Missionis.
682 2258 723 2261 -—
741 2238 786 2271 llli
812 2237 1023 2281 indulgentias
1049 2239 1215 2271 nonnullas
1242 2246 1410 2283 perpetuas
1435 2241 1578 2274 concedit
1603 2241 1745 2275 Clemens
1764 2243 1812 2285 xl,

355 2291 396 2324 46
430 2292 470 2329 b,—
503 2292 763 2335 tlongrcgationis
792 2292 933 2325 eiusdem
965 2292 1069 2336 primo
1100 2293 1256 2325 assistenti
1283 2299 1464 2336 competere
1489 2294 1537 2326 ius
1563 2295 1760 2338 praesidendi
1782 2296 1812 2328 in

357 2344 496 2386 generali
522 2350 688 2384 conventu,
714 2345 806 2377 etiam
833 2345 958 2389 quando
983 2346 1128 2390 superior
1152 2345 1308 2389 generalis
1339 2357 1454 2379 munus
1479 2357 1570 2379 suum
1596 2347 1735 2388 dimittit,
1759 2348 1813 2381 de-

356 2398 504 2438 claratur,
524 2398 566 2431 90
588 2399 620 2437 I),
646 2399 907 2441 Congregationis
928 2399 1067 2433 eiusdem
1086 2399 1211 2433 decreta
1225 2400 1378 2443 quaedam
1397 2400 1478 2433 edita
1497 2401 1527 2433 in
1545 2407 1700 2434 conventu
1718 2411 1812 2444 gene-

356 2451 412 2483 rali
432 2461 513 2484 anno
534 2462 651 2485 neceni
676 2452 866 2485 declarantia
892 2453 1131 2486 constitutiones
1158 2459 1317 2493 recenset,
1345 2454 1403 2486 198
1428 2453 1443 2486 ὁ
1469 2459 1498 2486 et
1523 2465 1601 2498 seqq
1629 2454 1813 2498 eademque.

356 2515 426 2538 cum
454 2506 780 2539 excommunicatione
806 2507 885 2539 latae
918 2506 1089 2539 sententiae
1114 2512 1221 2540 contra
1247 2507 1423 2539 ambientes
1449 2507 1670 2550 praefecturas,
1698 2508 1811 2540 consu·-

356 2564 430 2598 mat,
448 2558 511 2591 19⁴.)
531 2557 545 2590 Ι)
564 2564 592 2591 et
618 2570 700 2602 seq.,·
727 2559 906 2593 declaratur
931 2569 993 2592 non
1018 2570 1085 2592 esse
1109 2560 1211 2592 locum
1237 2561 1350 2604 petitae
1376 2560 1520 2594 divisioni
1547 2561 1647 2593 dictae
1672 2561 1812 2603 Congre-

356 2611 508 2654 gationis.
534 2616 561 2644 et
588 2612 756 2646 servandas
782 2623 848 2647 csse
875 2613 1132 2654 constitutiones,
1158 2614 1221 2646 ’269
1247 2626 1265 2647 a
1289 2620 1315 2647 ct
1342 2614 1374 2648 l›;
1402 2615 1431 2647 in
1457 2614 1716 2657 Congregationis
1742 2614 1812 2650 Mis·
