2269 3203
131 156 178 183 An.
200 156 230 184 C.
248 155 316 183 1715

156 376 275 397 Clausulas.

145 2335 302 2357 Contrariorum

121 2362 237 2387 derogatio.

945 155 1085 179 CLEMENS
1110 155 1143 178 51
1168 156 1214 179 Pr.

325 203 576 242 convaluerint)
602 203 726 236 absolvi
753 208 783 236 et
809 202 939 235 liberari
961 212 1064 246 posse,

326 262 423 300 prout
442 257 627 290 carumdem
647 262 758 289 tenore
776 255 995 299 praesentium
1011 255 1065 289 de-

325 311 489 344 cernimus
515 316 545 343 et
572 310 722 343 similiter
747 309 967 342 declaramus.

369 365 385 406 S
421 363 453 397 3.
494 363 715 396 Decernentes
750 363 895 406 pariter,
935 363 1064 396 easdem

324 422 515 460 praesentes
540 415 668 449 litteras
693 426 823 459 semper
847 415 968 457 sirmas,
989 415 1066 449 vali-

324 470 380 503 das
406 474 438 503 ct
455 469 602 502 efficaces
627 468 765 502 existere
783 474 814 502 et
832 469 909 508 sore,
925 479 1066 512 suosque

323 523 489 566 plenarios
516 528 548 555 et
571 522 716 565 integros
746 521 878 555 effectus
899 521 1009 554 sortiri
1035 527 1067 555 et

323 575 483 616 obtinere,
509 585 545 608 ac
569 575 608 608 ab
633 575 708 616 illis,
729 575 767 608 ad
787 585 868 618 quos
887 580 1015 619 spectat
1035 581 1065 609 et

324 640 383 672 pro
411 634 558 672 tempore
585 627 858 672 quandocumque
884 628 1064 671 spectabit,

323 681 556 715 inviolabiliter
580 686 611 714 et
645 681 840 714 inconcusse
876 681 1063 721 observari,

323 745 383 768 nec.
408 734 448 767 de
469 733 693 777 subreptionis
719 733 768 766 vel
791 733 993 777 obreptionis
1012 739 1066 766 aut

323 786 479 820 nullitatis
505 786 594 827 vitio,
619 797 678 819 seu
705 786 896 820 intentionis
920 792 1065 827 nostrae,

323 845 378 873 aut
396 840 554 873 interesse
570 840 762 873 habentium
780 841 972 880 consensus,
986 840 1063 873 alio-

322 903 359 926 ve
389 892 536 936 quolibet
568 893 664 926 etiam
700 892 903 936 quantumvis
934 893 1062 926 formali

321 957 358 979 ac
382 945 584 979 individuam
610 945 856 989 expressionem
875 945 1063 989 requirente

321 998 449 1032 defectu
486 998 617 1038 notari,
657 998 871 1042 impugnari,
904 998 1037 1041 infringi
1055 1026 1062 1039 ‚

321 1051 495 1094 redargui,
522 1051 554 1084 in
580 1051 837 1085 controversiam
863 1051 989 1091 vocari,
1007 1061 1062 1084 seu

321 1104 361 1137 ad
387 1104 543 1137 terminos
568 1103 647 1137 iuris
671 1104 796 1145 reduci,
823 1108 877 1137 aut
907 1104 1061 1137 adversus

320 1157 394 1190 illas
427 1157 643 1189 restitutionis
680 1157 711 1189 in
738 1156 923 1199 integrum,
957 1157 1063 1200 aperi-

321 1210 416 1244 tionis
441 1210 519 1250 oris,
535 1209 764 1253 quodcumque
788 1209 878 1250 iuris,
899 1210 983 1251 sacti,
1012 1210 1061 1243 vel

319 1264 444 1308 gratiae
470 1263 655 1296 remedium
680 1262 847 1306 impetrari
873 1264 923 1296 vel
949 1263 1061 1296 inten-

321 1318 400 1358 tari,
428 1327 486 1350 seu
512 1317 709 1361 impetrato,
740 1322 795 1349 aut
820 1316 916 1350 etiam
947 1322 1058 1358 motu,

318 1372 454 1406 scientia
478 1377 510 1405 et
533 1371 705 1415 potestatis
738 1371 944 1415 plenitudine
973 1371 1062 1404 simi-

317 1427 404 1461 libus
436 1435 593 1458 concesso
614 1425 663 1458 vel
690 1430 849 1465 emanato‚
872 1425 1060 1469 quempiam

318 1480 352 1513 in
383 1478 506 1512 iudicio
538 1478 588 1511 vel
621 1483 711 1511 extra
744 1477 825 1511 illud
858 1478 903 1510 uti
935 1488 991 1512 seu
1024 1489 1059 1512 se

317 1533 427 1566 iuvare
452 1532 520 1565 ullo
546 1531 645 1565 modo
665 1542 808 1575 unquam
823 1542 931 1575 posse,
949 1532 1059 1576 sicque

318 1593 349 1620 et
374 1596 440 1620 non
473 1585 568 1619 aliter
599 1585 631 1618 in
661 1585 848 1628 praemissis
872 1596 932 1629 per
963 1597 1059 1629 quos-

318 1649 459 1683 cumque
484 1638 608 1672 iudiccs
637 1638 821 1672 ordinarios
835 1639 1058 1683 etdelegatos,

318 1694 413 1728 etiarn
439 1703 607 1727 causarum
633 1692 746 1736 palatii
776 1693 946 1737 apostolici
970 1694 1059 1727 audi-

318 1753 419 1788 tores,
438 1757 474 1779 ac
491 1746 597 1779 dictae
612 1751 744 1779 sanctae
763 1746 929 1780 Romanae
953 1746 1058 1780 Eccle-

316 1800 384 1833 siae
409 1799 603 1839 cardinales,
633 1799 728 1832 etiam
752 1799 790 1832 de
809 1800 912 1833 latere
930 1801 1057 1843 legatos

315 1860 347 1887 et
363 1854 527 1898 praefatae
553 1845 646 1886 Sedis
664 1853 808 1893 nuncios,
825 1853 946 1887 aliosve
962 1865 1058 1898 quos-

315 1908 396 1941 libet
419 1917 623 1951 quacumque
656 1906 914 1949 praeeminentia
944 1913 975 1940 et
999 1919 1057 1952 po-

315 1965 429 1994 testate
455 1960 628 2002 sungentes
656 1964 687 1992 et
718 1953 908 2001 sanctores,
931 1960 1056 1994 sublata

315 2015 362 2048 eis
387 2017 419 2048 et
443 2024 553 2048 eorum
579 2012 715 2046 cuilibet
748 2013 860 2056 quavis
894 2014 989 2047 aliter
1014 2015 1056 2047 iu-

314 2067 442 2101 dicandi
468 2072 500 2100 et
524 2066 759 2110 interpretandi
774 2066 928 2100 facultate
955 2073 985 2101 et
1001 2078 1057 2100 au-

313 2121 472 2161 ctoritate,
493 2119 630 2153 iudicari
657 2125 689 2153 et
714 2118 842 2153 definiri
868 2120 1000 2161 debere,
1018 2132 1055 2155 ac

312 2174 440 2207 irritum
465 2178 497 2206 et
520 2173 618 2206 inane
651 2173 676 2206 si
702 2183 794 2206 secus
823 2184 922 2216 super
954 2174 1004 2207 liis
1037 2184 1054 2207 a

313 2237 479 2271 quoquam
495 2253 502 2267 ‚
528 2226 639 2270 quavis
666 2227 859 2260 auctoritate
879 2254 886 2267 ,
913 2227 1054 2261 scienter

312 2281 362 2313 vel
386 2280 600 2322 ignoranter,
626 2279 802 2323 contigerit
826 2280 991 2313 attentari.

357 2332 372 2375 ἓ
395 2332 427 2365 4.
446 2332 516 2365 Non
533 2333 742 2366 obstantibus
758 2333 957 2376 praemissis,
976 2345 1052 2368 nec-

312 2394 377 2418 non
401 2385 554 2419 omnibus
579 2391 612 2419 et
643 2386 780 2429 singulis
812 2386 877 2420 illis
903 2398 986 2431 quae
1017 2388 1051 2421 in

312 2437 398 2470 binis
423 2438 541 2471 nostris
571 2439 688 2472 litteris
720 2440 918 2483 supradictis
950 2441 1052 2475 volui-

312 2501 386 2524 mus
411 2500 478 2523 non
504 2491 649 2533 obstare,
676 2493 860 2537 ceterisque
880 2495 1051 2528 contrariis

315 2543 586 2590 quibuscumque.

400 2606 480 2636 Bull.
500 2606 583 2636 Rom.
602 2621 638 2628 —
660 2607 720 2636 Vol.
740 2609 816 2638 XXI.
961 2609 995 2638 86

1748 149 1806 182 681

1152 203 1167 246 g
1193 204 1224 236 5.
1253 204 1328 236 Cum
1363 210 1469 236 autem
1500 211 1691 247 praesentes
1726 208 1852 240 litterae

1111 257 1142 289 in
1177 262 1359 290 meinorato
1391 268 1493 300 reguo
1527 257 1654 290 Siciliae
1687 265 1852 302 ncqucaut

1110 315 1174 342 tute
1199 309 1371 354 publicari,
1397 315 1459 343 etc.
1475 310 1496 342 ¹.

1152 363 1268 396 Datum
1297 363 1431 404 Romae,
1458 362 1543 406 apud
1565 363 1596 396 S.
1629 363 1760 396 Mariam
1791 364 1851 397 Ma-

1111 417 1227 457 iorem,
1245 417 1304 450 sub
1319 418 1440 450 annulo
1457 416 1642 457 Piscatoris,
1659 417 1710 450 die
1730 427 1785 450 vui
1806 417 1851 449 iu-

1110 471 1154 503 nii
1170 480 1317 511 uacent,
1336 469 1544 514 pontificatus
1562 471 1667 504 nostri
1696 481 1781 504 anno
1800 482 1849 504 xv.

1144 533 1207 560 Dat.
1229 532 1272 560 die
1293 534 1308 560 8
1328 533 1395 560 iunii
1416 533 1498 567 17¹5,
1521 532 1619 567 pontif.
1641 541 1713 560 anno
1730 541 1774 559 xv.

1426 675 1538 708 CCXX.

1110 755 1355 797 Confirmanlur
1378 755 1622 788 constitutiones
1647 756 1798 788 Instituit·
1822 762 1849 788 et

1151 807 1350 841 Academiae
1362 808 1575 840 scientiarmn
1595 809 1626 840 in
1649 808 1728 841 Urbe
1745 809 1850 841 Bono-

1150 860 1269 901 niensi,
1290 871 1364 893 cum
1381 860 1581 893 concessione
1597 861 1849 904 privileqz'orum

1151 918 1179 946 et
1203 913 1377 946 nonnullis
1402 912 1665 946 ordinationibus
1678 912 1700 945 ἵ.

1320 992 1458 1020 Clemens
1478 993 1558 1027 Papa
1579 993 1628 1026 XI,

1220 1037 1256 1065 ad
1277 1040 1454 1071 perpetuam
1475 1037 1521 1064 rei
1540 1036 1726 1064 memoriam.

1149 1109 1289 1152 Superni
1305 1108 1521 1153 dispositione
1541 1109 1677 1149 consilii,
1697 1120 1762 1153 quo
1780 1121 1847 1143 cae-

1104 1162 1197 1195 lestia
1223 1162 1344 1205 pariter
1369 1172 1404 1194 ac
1431 1167 1562 1195 terrena
1597 1161 1705 1195 omnia
1738 1163 1845 1205 provi-

1105 1215 1293 1249 dentissime
1319 1215 1550 1258 gubernantur,
1570 1215 1602 1248 in
1621 1215 1750 1248 sublimi
1769 1227 1845 1259 apo-

1104 1269 1238 1302 stolicae
1261 1268 1427 1312 dignitatis
1455 1269 1595 1312 fastigio,
1620 1269 1742 1302 meritis
1768 1270 1843 1302 licet

1103 1321 1291 1365 imparibus
1318 1322 1495 1361 collocati,
1533 1322 1617 1355 inter
1648 1322 1844 1366 multiplices

1102 1376 1274 1418 pastoralis
1301 1374 1488 1418 vigilantiae
1514 1379 1644 1408 nostrae
1670 1385 1844 1415 curas‚ex-

1102 1428 1238 1461 citandis
1264 1428 1403 1461 ubilibet
1427 1438 1463 1460 ac
1487 1428 1720 1471 promovendis
1738 1429 1844 1461 lauda-

1102 1482 1215 1515 bilium
1229 1481 1473 1525 disciplinarum
1487 1481 1710 1525 bonarumque
1726 1481 1844 1514 artium

1102 1535 1218 1568 studiis
1241 1535 1383 1568 libenter
1407 1534 1618 1575 intendimus,
1650 1545 1710 1578 per
1739 1545 1844 1578 quae,

1103 1588 1240 1631 depulsa
1264 1588 1468 1631 ignorantiae
1487 1588 1638 1631 caligine,
1656 1587 1843 1621 mortalium

1102 1647 1227 1675 mentes
1253 1642 1323 1675 luce
1349 1641 1492 1675 veritatis
1518 1641 1749 1682 illustrantur,
1788 1653 1842 1685 po-

1101 1695 1251 1738 pulorum
1276 1695 1397 1729 bonum
1422 1700 1573 1738 augetur,
1600 1695 1777 1728 iuventutis
1795 1696 1843 1729 in-

1101 1748 1195 1791 genia
1217 1747 1274 1782 ab¹
1293 1749 1351 1782 otii
1373 1749 1546 1793 torpedine
1572 1749 1790 1792 vitiorumque
1810 1750 1843 1783 il-

1100 1802 1239 1836 lecebris
1265 1807 1456 1843 avocantur,
1481 1813 1528 1842 ac,
1556 1802 1706 1845 ingenuis
1733 1807 1762 1835 et
1780 1803 1842 1835 rei-

1099 1856 1250 1900 publicae
1274 1856 1408 1890 utilibus
1441 1856 1587 1890 scientiis
1621 1857 1768 1897 exculta,
1801 1858 1841 1890 ad

1099 1920 1170 1942 eam
1206 1909 1345 1942 honoris
1378 1909 1626 1953 amplitudinem
1663 1910 1840 1953 aliquando

1098 1962 1322 2006 perveniunt,
1348 1968 1383 1994 ut
1406 1973 1473 1995 non
1503 1963 1564 1995 sibi
1599 1968 1722 1996 tantum
1739 1990 1746 2004 ,
1781 1964 1839 1997 sed

1098 2026 1156 2048 suo
1183 2015 1280 2048 etiam
1306 2015 1403 2048 natali
1435 2016 1504 2049 solo
1535 2018 1737 2060 praeclaram
1767 2018 1839 2049 nul-

1098 2069 1197 2112 loque
1223 2078 1382 2102 annorum
1409 2069 1549 2102 decursu
1567 2070 1762 2103 abolendam
1781 2081 1839 2103 no-

1098 2121 1191 2154 minis
1216 2121 1333 2155 samam
1358 2127 1455 2165 atque
1481 2122 1700 2156 celebritatem
1732 2124 1839 2158 conci-

1097 2174 1197 2215 lient;
1223 2175 1424 2217 peculiarem
1452 2180 1558 2209 tamen
1583 2176 1743 2220 pontificii
1769 2188 1838 2210 mu—

1133 2245 1142 2271 1
1167 2244 1281 2280 Reliqua
1301 2249 1330 2272 ut
1349 2240 1432 2281 supra
1451 2254 1512 2281 pag.
1532 2247 1580 2274 651
1603 2248 1642 2280 (n.
1663 2249 1713 2278 τ.).

1130 2290 1146 2317 2
1162 2290 1250 2318 Const.
1268 2291 1310 2318 ed.
1328 2298 1439 2324 nucem,
1457 2292 1500 2318 die:
1516 2292 1531 2318 8
1546 2291 1674 2324 octobris,
1687 2292 1781 2328 pontif.
1799 2299 1835 2327 Μ,

1095 2335 1253 2362 confirmata
1282 2335 1360 2363 fuere
1380 2339 1480 2363 statuta
1499 2336 1660 2363 Academiae
1681 2337 1814 2372 pictorum
1827 2360 1834 2371 ,

1093 2379 1260 2415 sculptorum
1281 2383 1307 2407 et
1328 2380 1538 2408 architectorum
1560 2381 1586 2408 in
1607 2381 1677 2408 dicta
1697 2382 1785 2413 urbe3
1810 2386 1837 2408 et

1093 2423 1231 2450 constitut.
1253 2424 1294 2450 ed.
1321 2431 1479 2459 MDCCXVKH,
1504 2425 1547 2452 die
1571 2426 1605 2452 23
1628 2427 1738 2460 aprilis,
1767 2434 1836 2461 pon-

1092 2468 1131 2495 tif.
1148 2475 1220 2503 xvul,
1241 2469 1438 2496 confirmantur
1457 2470 1663 2497 constitutiones
1673 2470 1835 2497 Academiae

1093 2512 1263 2548 theologicae
1283 2513 1418 2541 Romanae
1438 2514 1529 2542 Urbis.

1127 2557 1140 2586 1
1163 2556 1234 2587 Male
1254 2557 1319 2589 edit.
1339 2557 1420 2588 Maia.
1439 2557 1507 2595 legit
1525 2558 1557 2588 ob
1577 2566 1625 2595 pro
1645 2558 1679 2587 ab
1698 2558 1738 2594 (a.
1757 2559 1806 2594 n).

1859 159 1906 186 An.
1930 159 1957 185 C.
1980 158 2047 186 1715

1884 1121 2006 1144 Exordium.
