2269 3203
218 256 270 282 An,
293 256 321 284 c.
340 255 408 283 1722
454 247 518 282 900

279 961 399 982 Declara'io

214 988 316 1009 nullitans
326 994 400 1009 recen-

214 1015 248 1034 ulti
260 1015 323 1035 edicti
333 1031 338 1039 ,
353 1021 399 1035 curn

213 1041 270 1062 lllxus
282 1045 399 1063 revocatio-

212 1073 246 1089 ΠΒ.

411 306 524 351 inceps
563 308 716 342 solvenda
750 309 990 353 praescribitur,
1029 311 1154 355 aliaque

411 359 496 393 circa
530 361 657 395 livellos
694 374 879 408 annuasqne
916 364 1154 408 praestationes

412 412 491 456 ipsis
518 415 715 450 monialibus
742 418 953 461 assignandas
979 424 1010 451 ct
1035 429 1156 462 expen-

412 476 462 500 sas
488 469 658 504 occasione
695 481 803 504 earum
840 472 1075 505 monacationis
1112 472 1155 506 fa-

411 520 542 556 ciendas
569 534 631 557 non
659 523 764 558 minus
800 530 921 558 temere
955 536 1049 569 quam
1085 526 1156 559 nul-

411 573 486 608 liter
512 581 695 610 statuuntur
721 584 749 610 et
777 578 978 619 ordinantur,
1005 585 1103 623 prout
1123 579 1154 612 in

412 635 592 663 memorato
627 630 758 664 decreto
797 631 861 664 sive
900 632 1029 674 edicto,
1065 632 1155 666 cuius

412 686 560 716 tenorem
587 694 651 717 non
678 684 810 727 quidem
838 685 917 719 illud
951 686 1153 730 approbandi

411 735 467 768 sed
493 746 625 780 prorsus
643 738 840 781 reprobandi
868 739 974 772 animo
1000 750 1154 783 praesen-

411 788 496 821 tibus
521 801 581 833 pro
608 791 704 834 plene
728 798 759 825 et
780 792 978 826 sufficienter
1000 804 1154 837 expresso

411 848 442 876 et
468 842 590 877 inserto
617 844 730 878 haberi
760 846 916 888 volumus,
950 847 1079 891 plenius
1105 847 1153 881 di-

410 896 494 929 citur
519 898 693 932 contineri.

455 950 469 994 ἓ
495 949 524 983 Ξ.
554 951 631 984 Cum
660 957 765 986 autem
790 954 983 996 praemissa,
1011 955 1152 999 adquae

411 1003 509 1037 iidem
536 1011 667 1047 praetor
692 1011 723 1039 et
757 1013 888 1040 senatus
918 1019 953 1041 ac
984 1008 1154 1052 magistra-

411 1062 474 1098 tus,
502 1068 632 1091 manum
661 1058 690 1091 in
717 1071 855 1094 messem
881 1061 1018 1095 alienam
1044 1068 1153 1096 exten-

410 1110 533 1153 dentes,
561 1113 791 1147 damnabiliter
809 1115 1021 1157 devenerunt,
1049 1118 1153 1150 eccle-

410 1165 569 1199 siasticam
597 1167 779 1201 libertatem
817 1179 852 1202 ac
891 1170 1152 1204 iurisdictionem

409 1217 463 1251 Dei
490 1220 698 1254 ordinatione
725 1227 756 1254 et
781 1222 944 1256 canonicis
978 1223 1153 1257 sanctioni-

408 1272 467 1304 bus
492 1274 698 1307 constitutam
725 1280 836 1318 aperte
863 1277 1018 1309 laeserint
1041 1283 1072 1310 et
1090 1278 1150 1310 lae-

409 1326 494 1367 dant,
522 1337 582 1360 nec
607 1329 676 1361 ullo
695 1329 790 1361 modo
818 1329 955 1372 perferri
983 1335 1036 1363 aut
1060 1331 1152 1364 dissi-

408 1381 523 1413 mulari
551 1383 695 1415 valeant:
724 1383 801 1416 hine
828 1388 877 1415 est
902 1385 987 1427 quod
1014 1395 1085 1425 nos,
1113 1395 1149 1418 ex

408 1433 519 1467 debito
545 1436 717 1478 pastoralis
744 1436 840 1469 officii
868 1438 953 1481 quod
974 1437 1149 1472 humilitati

407 1493 538 1521 nostrae
572 1489 696 1523 meritis
728 1489 806 1523 licet
838 1496 871 1523 et
895 1490 1015 1524 viribus
1052 1492 1149 1535 longe

407 1540 523 1585 impari
552 1543 713 1575 commisit
740 1543 847 1576 divina
873 1544 1030 1587 dignatio,
1055 1556 1149 1589 prae-

408 1595 511 1629 dictae
537 1595 699 1630 Ecclesiae
724 1596 793 1630 iura
827 1608 843 1629 a
869 1598 1063 1641 perniciosis
1089 1600 1148 1632 hu-

407 1648 545 1683 iusmodi
572 1650 728 1684 laicorum
766 1652 937 1686 conatibus
973 1652 1086 1687 illaesa
1118 1660 1149 1687 et

407 1701 531 1737 illibata
557 1715 750 1738 conservare
777 1706 959 1749 cupientes,
981 1707 1147 1742 decretum

408 1756 474 1789 sive
501 1757 641 1790 edictum
669 1759 864 1801 praefatum,
890 1760 970 1792 sicut
995 1761 1148 1803 praemit-

408 1809 496 1851 titur,
525 1812 774 1854 promulgatum,
795 1813 896 1846 aliave
922 1824 1146 1858 quaecumque

407 1863 438 1896 in
465 1864 650 1907 praemissis
690 1876 746 1897 seu
781 1876 891 1899 eorum
918 1867 1089 1901 occasione
1115 1869 1147 1901 in

405 1917 640 1960 praeiudicium
666 1918 826 1952 libertatis
858 1925 889 1953 et
914 1919 1147 1954 iurisdictionis

408 1971 644 2005 ecclesiasticae
671 1973 783 2016 quovis
809 1974 907 2007 modo
940 1980 1030 2016 acta,
1059 1981 1148 2018 gesta

408 2028 440 2055 et
465 2024 613 2058 ordinata
631 2053 638 2066 ,
666 2037 737 2059 cum
764 2027 916 2060 omnibus
942 2033 973 2060 et
1009 2028 1147 2072 singulis

406 2077 482 2110 inde
524 2079 643 2112 secutis
675 2084 706 2112 et
732 2080 836 2113 forsan
873 2081 1146 2125 quandocumque

407 2132 573 2173 secuturis,
600 2133 729 2176 penitus
747 2140 778 2167 et
796 2134 929 2168 omnino
956 2136 1055 2176 nulla,
1081 2136 1149 2169 ina-

406 2185 472 2226 nia,
501 2185 652 2227 invalida,
677 2187 776 2227 irrita,
804 2193 836 2220 et
861 2199 877 2221 a
905 2199 970 2221 non
996 2189 1147 2222 habenti-

406 2238 465 2271 bus
506 2245 701 2282 potestatem
739 2246 903 2282 attentata,
930 2247 962 2275 et
988 2242 1026 2275 de
1064 2242 1146 2276 facto

406 2297 624 2335 praesumpta,
651 2293 838 2338 nulliusque
857 2305 991 2338 prorsus
1017 2296 1145 2329 roboris

407 2351 437 2377 et
464 2345 618 2378 momenti
645 2357 715 2380 csse
743 2353 773 2380 et
799 2354 958 2391 perpetuo
984 2349 1064 2389 fore,
1093 2360 1147 2381 au-

406 2398 552 2431 ctoritate
569 2400 758 2442 apostolica,
780 2406 891 2434 tenore
913 2402 1145 2444 praesentium,

408 2453 622 2485 declaramus.
641 2453 677 2485 Et
694 2454 917 2496 nihilominus,
933 2455 972 2487 ad
992 2455 1147 2488 maiorem

406 2507 561 2539 cautelam
588 2512 619 2539 et
644 2512 802 2550 qnatenus
830 2518 910 2550 opus
929 2509 980 2548 sit,
1007 2508 1062 2541 illa
1080 2519 1147 2542 om-

406 2560 458 2591 nia
485 2567 516 2591 et.
541 2560 668 2603 singula
689 2560 802 2592 barum
829 2561 912 2594 serie
939 2561 1050 2594 itidem
1077 2573 1147 2605 per-

406 2618 503 2654 petuo
529 2623 731 2653 revocamus,
765 2622 937 2655 cassamus,
965 2613 1144 2656 irritamus,

407 2667 621 2707 annullamus,
649 2666 833 2711 viribusque
859 2672 890 2700 et
916 2666 1030 2700 effectu
1055 2668 1147 2711 peni-

997 262 1178 287 BULLARIUM
1203 262 1359 288 ROMANUM

1949 269 2000 298 An.
2021 270 2049 298 C.
2066 271 2134 298 1722

1201 318 1248 345 tus
1275 319 1305 346 et
1337 314 1471 347 omnino
1498 325 1676 357 vacuamus,
1704 327 1739 350 ac
1764 327 1823 361 pro
1849 327 1941 352 revo-
2083 332 2089 335 ’

1199 365 1287 404 catis,
1313 368 1454 410 cassatis,
1480 369 1588 410 irritis,
1614 371 1722 412 nullis,
1742 371 1890 406 invalidis
1909 378 1941 406 et

1200 418 1340 461 abolitis,
1360 421 1546 466 viribusque
1566 428 1596 456 et
1623 423 1735 458 effectu
1761 426 1889 469 penitus
1908 432 1939 459 et

1200 472 1333 506 omnino
1355 475 1460 508 vacuis
1486 487 1618 520 semper
1643 477 1757 511 haberi
1776 479 1934 513 volumus.

1243 526 1257 569 ἓ
1281 525 1313 560 3.
1340 527 1524 562 Districtius
1548 536 1724 575 propterea
1749 543 1784 566 ac
1809 532 1840 565 in
1866 533 2134 592 Vis-iuihc'iiissiii‘ui'ss'

1199 584 1266 612 tute
1293 586 1425 615 sanctae
1455 583 1660 618 obedientiae
1689 586 1881 620 mandantes
1903 597 2135 622 o-nispubticatioet

1198 633 1326 666 mnibus
1345 640 1375 668 et
1401 636 1537 679 singulis
1556 638 1741 680 abbatissis,
1758 639 1933 683 priorissis,
1947 622 2134 679 ssssssffssawiiiieiiiiff

1199 696 1243 727 ac,
1255 698 1460 733 quocumque
1476 691 1539 725 alio
1553 692 1684 725 nomine
1698 699 1935 737 nuncupentur,
1947 677 1984 697 ου’

1198 741 1426 783 superiorissis
1453 746 1723 779 monasteriorum
1749 747 1938 781 monialium

1198 792 1394 836 huiusmodi,
1411 795 1555 841 ipsisque
1574 799 1783 842 monialibus,
1802 801 1938 844 aliisque

1198 848 1386 881 eorumdem
1413 852 1683 886 monasteriorum
1706 853 1938 898 superioribus,

1197 903 1399 944 oeconomis,
1428 903 1743 941 administratoribus
1770 913 1801 942 et
1824 918 1940 952 perso-

1198 955 1256 996 nis,
1285 957 1322 990 ad
1350 968 1428 1001 quas
1451 969 1489 991 ea
1510 970 1561 993 res
1582 966 1707 1003 spectat
1724 967 1756 995 et
1780 972 1840 1005 pro
1861 968 1940 995 tem-

1197 1019 1277 1052 pore
1302 1012 1473 1054 spectabit,
1501 1012 1597 1046 etiam
1622 1014 1755 1058 speciali
1773 1016 1938 1050 mentione

1198 1062 1313 1106 dignis,
1340 1074 1380 1097 ne
1408 1065 1494 1099 iuxta
1520 1067 1659 1110 praefati
1685 1068 1806 1102 decreti
1833 1079 1890 1102 seu
1910 1080 1940 1103 e-

1197 1116 1272 1150 dicti
1301 1122 1446 1152 tenorem
1473 1121 1600 1163 puellas
1617 1121 1761 1165 aliasque
1786 1122 1938 1156 mulieres

1197 1169 1235 1203 ad
1262 1169 1406 1204 habitum
1433 1178 1486 1205 aut
1504 1174 1744 1216 professionem
1770 1177 1938 1219 regulares

1196 1224 1356 1268 recipiant
1380 1231 1412 1259 et
1435 1227 1617 1269 admittant,
1644 1229 1693 1262 vel
1719 1229 1798 1262 alias
1831 1229 1936 1263 eidem

1197 1277 1329 1312 decreto
1355 1290 1412 1313 seu
1439 1280 1547 1314 edicto
1581 1293 1714 1326 quoquo
1750 1283 1849 1316 modo
1881 1294 1937 1327 pa-

1196 1337 1297 1373 reant,
1322 1333 1381 1365 sub
1414 1333 1580 1368 interdicti
1614 1336 1826 1370 ecclesiarum
1863 1337 1936 1380 ipso

1195 1384 1278 1418 facto
1297 1386 1417 1430 absque
1438 1387 1501 1420 alia
1518 1388 1738 1422 declaratione
1755 1399 1814 1433 per
1831 1395 1937 1423 trans-

1195 1448 1362 1480 gressores
1387 1439 1582 1474 incurrenda
1606 1443 1734 1484 poena,
1765 1442 1855 1479 euius
1892 1452 1936 1476 re·

1195 1492 1388 1526 laxationem
1421 1494 1516 1527 nobis
1551 1500 1583 1527 et
1615 1495 1761 1529 Romano
1787 1495 1935 1529 Pontifici

1194 1555 1252 1588 pro
1277 1551 1423 1590 tempore
1450 1548 1601 1581 existenti
1628 1549 1792 1583 dumtaxat
1816 1549 1937 1593 specia-

1193 1598 1269 1631 liter
1294 1610 1509 1634 reservamus.
1526 1602 1569 1634 Ac
1586 1602 1723 1646 proinde
1743 1603 1936 1636 fraternitati

1195 1658 1268 1686 tuae
1286 1664 1346 1696 per
1372 1655 1503 1688 easdem
1522 1661 1715 1698 praesentes
1731 1656 1934 1699 iniungimus

1194 1712 1355 1750 quatenus
1381 1708 1465 1741 hanc
1491 1714 1637 1742 nostram
1664 1709 1933 1752 declarationem,

1193 1761 1452 1795 annullationem
1475 1762 1789 1806 etproliibitionem‚
1811 1769 1935 1797 cetera-

1194 1824 1254 1857 que
1276 1815 1430 1858 praefata,
1450 1815 1629 1857 abbatissis,
1649 1816 1824 1859 priorissis,
1842 1827 1934 1861 supe-

1193 1867 1348 1909 riorissis,
1377 1869 1586 1910 monialibus,
1618 1869 1752 1913 aliisque
1786 1870 1934 1913 personis

1193 1921 1368 1963 praedictis
1399 1922 1638 1965 quamprimum
1662 1923 1874 1966 pronunciari
1902 1928 1934 1957 et

1193 1973 1230 2006 ad
1246 1984 1356 2007 earum
1374 1975 1523 2007 notitiam
1538 1975 1709 2018 pervenire
1729 1986 1834 2016 cures,
1848 1976 1934 2019 ipsa-

1193 2038 1328 2071 rumque
1364 2029 1584 2071 praesentium
1618 2028 1797 2062 litterarum
1828 2039 1934 2062 exem-

1192 2081 1282 2124 plum
1309 2081 1534 2114 authenticum
1561 2082 1592 2114 in
1619 2082 1699 2115 actis
1725 2082 1834 2115 curiae
1861 2087 1932 2116 tuae

1192 2134 1388 2178 episcopalis
1408 2135 1446 2168 ad
1465 2141 1657 2179 perpetuam
1676 2136 1722 2169 rei
1740 2136 1931 2169 memoriam

1191 2189 1357 2231 registrari
1385 2194 1416 2222 et
1442 2190 1563 2222 servari
1592 2190 1739 2224 mandes.
2147 2228 2155 2236 ‚

1236 2243 1250 2286 ἓ
1274 2243 1306 2275 4.
1335 2243 1491 2284 Ceterum,
1510 2254 1592 2285 cum,
1618 2244 1700 2277 sicut
1720 2244 1815 2277 etiam
1842 2253 1931 2277 acce·
1963 2249 2127 2276 Tributturevi-

1941 2281 2006 2303 scopo
2025 2276 2126 2298 constan-

1191 2296 1310 2339 pimus,
1328 2297 1476 2330 nonnulli
1496 2297 1528 2329 in
1554 2298 1733 2340 puellarum
1759 2302 1791 2330 et
1815 2297 2126 2350 m¹¹¹¹e·‡‡,{‚¹3⁵2³,253?¹¹¹l22

1192 2361 1261 2382 rum
1287 2351 1527 2393 praedictarum
1554 2350 1740 2394 receptione
1771 2351 1809 2384 ad
1837 2351 2031 2404 ¹¹³bi·§}‡¹,⁸“³⁵
2049 2361 2126 2383 expeu-

1192 2408 1256 2435 tum
1275 2409 1306 2436 et
1323 2404 1558 2447 professionem
1578 2404 1763 2437 huiusmodi
1784 2404 1815 2437 in
1837 2404 1929 2438 dictis

1191 2456 1396 2489 monasteriis
1423 2457 1541 2490 abusus
1567 2457 1608 2490 ob
1635 2457 1830 2491 excessivam
1856 2458 1930 2492 suba

1191 2509 1349 2542 sidiorum
1374 2520 1433 2542 seu
1459 2510 1739 2553 eleemosynarum
1761 2510 1929 2552 dotalium,

1191 2562 1386 2603 livellorum,
1414 2573 1636 2596 annuarumve
1663 2564 1927 2607 praestationum,

1191 2615 1391 2658 aliarumque
1429 2625 1646 2659 expensarum
1687 2619 1723 2649 ea
1759 2616 1928 2650 occasione

1189 2667 1260 2702 {ieri
1294 2669 1460 2702 solitarum
1491 2669 1725 2713 quantitatem,
1752 2669 1869 2714 quibus
1894 2669 1928 2703 in
