2269 3203
260 238 309 265 An.
330 238 358 265 c.
377 238 443 265 1715
488 229 552 263 660

500 288 514 331 g
538 287 569 321 2.
597 289 620 322 A
646 290 805 324 sententia
830 289 992 325 Ordinarii
1019 292 1057 325 ad
1080 296 1197 324 metro-

456 341 647 384 politanum,
667 345 715 377 vel
740 344 778 377 ad
799 345 894 378 alium
918 345 1108 388 episcopum
1130 355 1196 377 nie-

457 396 644 438 tropolitani
682 398 754 430 loco
788 408 804 429 a
837 397 931 430 nobis
968 397 1193 440 subrogatum,

454 447 541 480 iuxta
555 449 704 482 ordinem
730 449 865 483 inferius
888 450 1194 493 praescribendum,

455 502 656 544 appelletur,
683 504 808 535 servata
844 503 875 535 in
908 503 1060 536 omnibus
1093 503 1196 536 forma

456 565 538 597 quae
565 566 581 587 a
607 555 794 597 supradicto
819 555 962 588 Concilio
988 556 1141 589 sancitur.

286 619 307 640 in
333 619 394 638 ierim
419 616 444 636 aa
500 607 514 649 ξ
538 606 570 640 3.
598 607 657 639 Ubi
684 618 759 640 vero
786 609 1072 652 metropolitanus,
1090 610 1137 642 vel
1164 619 1197 642 e-

259 646 384 702 21¹}Ffi{;¹.3.¹.¹''3
396 650 610 702 'ssfliipiscopus
636 660 882 703 metropolitani
908 662 978 694 loco
996 666 1031 693 ut
1056 661 1196 704 praeser-

260 702 326 719 '⁸‘'¹'³
340 700 446 723 “¹²¹‘''p0'
459 717 510 744 tur
530 713 736 755 subrogatus,
752 714 782 746 in
801 716 895 747 causa
921 715 1193 758 pronunciaverit,

287 300 307 320 ln
317 300 409 320 secunda
419 300 444 319 ad

258 328 448 353 metropolitanum.

259 725 326 746 lilani.

455 819 494 851 ab
520 818 607 851 illius
633 819 795 853 sententia
831 820 869 853 ad
900 821 1114 864 apostolicum
1141 821 1196 854 de·

455 872 596 914 legatum
632 883 821 915 provocare,
847 879 975 907 servato
1002 874 1128 913 ordine,
1155 874 1194 906 de

455 937 517 969 quo
533 926 628 966 infra,
649 938 685 960 ac
708 927 807 970 ipsius
826 926 961 960 Coiicilii
979 928 1192 971 praescripto.

258 987 444 1035 fflliilffiffl'tfflff
500 979 514 1022 g
538 979 569 1011 4⁷
598 979 795 1023 Quicumque
822 991 838 1012 a
871 980 1036 1013 sententia
1068 982 1117 1013 vel
1143 981 1195 1013 de-

259 1037 544 1066 iiii·:i›==i.q11102111-creto
574 1032 742 1075 apostolici
780 1033 923 1075 delegati
957 1039 1125 1076 gravatum
1161 1043 1193 1065 se

258 1073 302 1087 saut
315 1074 334 1087 ln
349 1069 445 1092 pai-titus

267 1096 435 1119 cot-*unst-nmiam
456 1087 606 1125 senserit,
631 1087 671 1119 ad
702 1097 760 1119 nos
785 1097 842 1119 seu
876 1087 1055 1120 Romanum
1085 1087 1195 1120 Ponti-

258 1121 340 1140 commi!
347 1124 382 1140 tet.

456 1139 547 1172 ficem
575 1150 633 1183 pro
660 1146 807 1184 tempore
846 1141 1036 1174 existentem
1073 1141 1217 1189 poterit,

456 1194 635 1236 appellare,
662 1204 678 1226 a
703 1204 767 1236 quo
793 1204 909 1226 causae
936 1194 1078 1237 cognitio
1096 1194 1193 1226 iudici

455 1246 676 1280 ecclesiastico
703 1247 735 1279 in
770 1247 918 1290 partibus
947 1247 1076 1280 Siciliae
1109 1257 1195 1279 com-

453 1298 598 1332 mittetur
624 1310 683 1342 per
707 1300 833 1332 litteras
858 1300 1054 1343 apostolicas
1080 1310 1193 1332 neces-

453 1352 544 1385 sariis
569 1358 601 1386 et
626 1353 821 1396 opportunis
846 1352 1006 1393 clausulis,
1031 1358 1129 1396 prout
1148 1353 1194 1385 iu-

452 1404 496 1438 ris
523 1405 629 1445 fuerit,
656 1405 858 1445 muniendas,
875 1416 911 1439 ac
933 1408 970 1439 ea
986 1406 1193 1449 potissimum

453 1459 551 1501 quod,
579 1459 605 1491 si
632 1464 740 1501 partes
767 1458 798 1491 in
824 1459 914 1492 illum
934 1469 999 1492 non
1021 1469 1195 1492 consense-

453 1511 531 1551 rint,
558 1511 655 1544 alium
682 1512 750 1555 ipse
776 1512 933 1555 deputare
951 1513 1056 1545 valeat
1076 1512 1193 1545 iisdem

453 1564 598 1607 partibus
625 1575 691 1597 non
717 1571 917 1608 suspectum.

256 1622 443 1670 „elitisstffi'i‘lss
497 1617 511 1660 ξ
536 1617 567 1649 5.
596 1617 628 1649 ln
655 1617 759 1650 causis
785 1617 1031 1651 beneficialibus
1049 1619 1192 1650 valorem

257 1677 308 1701 inuti
352 1679 442 1702 tiuamor
453 1670 564 1713 viginti
590 1676 730 1713 quatuor
755 1671 950 1704 ducatorum
986 1671 1054 1703 auri
1080 1671 1119 1703 de
1145 1681 1194 1703 ca-

257 1703 381 1722 ducatnrum
393 1718 397 1725 ,
422 1705 443 1722 et

257 1729 358 1781 332¹}ssss
378 1725 550 1775 fflgjmera,
585 1734 644 1756 nec
677 1734 743 1756 non
781 1723 814 1756 in
849 1723 997 1768 profanis
1034 1734 1191 1756 summani

257 1775 688 1829 tceegsatgnaoqaiffii-quinquaginta
720 1776 913 1810 ducatorum
944 1777 1096 1810 similium
1126 1787 1192 1810 nou

307 1824 324 1834 *⁴
422 1824 426 1830 “
453 1829 695 1869 excedentibus,
723 1840 808 1872 pars,
844 1840 926 1873 quae
952 1841 968 1862 a
993 1830 1114 1863 iudicio
1140 1830 1194 1862 de-

452 1881 548 1924 legati
575 1883 744 1925 apostolici
771 1894 942 1925 gravamen
980 1883 1103 1916 illatum
1129 1884 1191 1916 sibi

452 1935 551 1968 fuisse
577 1941 807 1979 conqueretur,
834 1942 868 1969 ut
893 1937 1123 1980 appellationis
1148 1947 1192 1969 re»

452 1989 561 2021 medio
586 1990 757 2023 consulere
783 1990 845 2023 sibi
870 1990 985 2033 possit,
1006 1989 1107 2022 adibit
1129 1995 1191 2022 tres

451 2041 577 2075 iudices
603 2043 775 2086 synodales
802 2043 1001 2086 antiquiores
1034 2042 1192 2076 dioecesis

453 2094 600 2128 eiusdem
627 2095 777 2137 delegati,
800 2095 864 2139 qui,
884 2101 1047 2138 tamquam
1068 2096 1192 2136 arbitri,

453 2158 492 2179 an
518 2148 696 2191 appellatio
722 2148 812 2181 reiici
835 2149 883 2181 vel
909 2148 1035 2181 admitti
1061 2149 1190 2189 debeat,

453 2205 484 2232 et
495 2200 609 2243 quibus
623 2201 777 2234 clausulis
792 2212 888 2234 causa
897 2201 937 2234 sit
948 2201 1192 2242 committenda,

451 2253 585 2295 praevio
622 2255 771 2297 diligenti
798 2254 968 2295 examine,
998 2255 1189 2298 respicient.

451 2304 541 2343 Quod
582 2307 605 2338 si
648 2318 776 2340 causam
817 2308 1083 2341 committendam
1120 2318 1191 2340 esse

451 2359 652 2399 censuerint,
689 2361 771 2403 ipsi,
815 2366 979 2404 tamquam
1019 2360 1191 2403 apostolici

453 2410 605 2454 delegati,
632 2412 773 2445 iudicem
805 2414 1010 2457 deputabunt
1046 2413 1192 2455 partibus

452 2475 518 2498 non
545 2470 744 2508 suspectum.
774 2466 865 2498 llunc
891 2471 998 2498 autem
1024 2465 1057 2497 iii
1083 2464 1191 2505 finem,

451 2518 629 2562 praedictis
655 2517 818 2550 iudicibus
852 2519 1063 2560 synodalibus
1095 2529 1192 2562 quas-

453 2581 589 2614 cumque
617 2571 781 2603 facultates
801 2571 1001 2603 necessarias
1018 2581 1053 2603 ac
1073 2581 1192 2613 oppor-

455 2631 547 2658 tunas
572 2623 779 2657 concedimus
804 2629 834 2656 et
859 2623 1078 2667 impertimur.

1035 243 1216 267 nvttiimtmt
1241 242 1258 266 R
1264 242 1397 267 minen

1991 244 2040 271 An.
2060 245 2174 283 c.17i·5

1283 292 1297 335 ἓ
1322 292 1353 325 6.
1381 292 1490 333 Porro,
1517 292 1548 326 in
1575 292 1676 326 causis
1700 293 1732 325 in
1758 293 1874 336 quibus
1900 303 1978 326 con-
2015 305 2174 334 iii-causam-

1239 349 1421 378 servatores
1440 345 1638 388 regularium
1659 346 1823 378 decretum
1842 346 1891 379 vel
1908 332 2173 387 sen-{ffliii‘i'r'iiiuffii'd

1240 397 1373 430 tentiam
1402 398 1544 438 tulerint,
1570 398 1623 441 qui
1650 409 1683 431 se
1709 398 1747 431 ab
1774 398 1838 432 illis
1864 385 2172 441 grava-13³⁶.'⁶⁰⁸⁵''“⁰⁰³‘

1240 455 1307 482 tum
1343 451 1586 491 existimaverit,
1625 461 1792 484 recurrere
1829 451 1978 484 similiter

1239 503 1359 546 poterit
1384 504 1423 536 ad
1449 507 1512 537 tres
1538 504 1736 547 antiquiores
1762 504 1885 537 iudices
1905 513 1978 547 syn-

1239 556 1349 589 odales
1384 557 1471 589 illius
1504 557 1691 596 dioecesis,
1732 557 1786 588 ubi
1822 556 1977 589 iudiciuin

1239 610 1336 642 latum
1355 615 1416 642 est:
1432 610 1484 652 qui
1504 609 1637 652 quidem
1656 609 1790 649 iudices,
1814 614 1977 652 tamquam

1240 663 1360 702 arbitri,
1375 663 1513 706 cognitis
1535 664 1702 706 utriusque
1721 662 1823 705 partis
1841 662 1977 702 iuribus,

1216 741 1217 747 ,
1238 720 1380 748 statuent
1406 726 1445 748 an
1471 717 1648 759 appellatio
1674 716 1763 749 reiici
1785 716 1833 748 vel
1852 715 1977 748 admitti

456 765 600 808 partibus
626 767 675 799 vel
714 777 824 799 earuiii
855 767 948 800 alteri
980 767 1120 801 liberum
1155 768 1218 800 sit¹¹

1239 774 1269 800 et
1294 768 1410 811 quibus
1435 769 1587 802 clausulis
1614 779 1711 801 causa
1736 768 1893 801 committi
1925 769 1978 801 de-

1238 820 1324 854 beat.
1362 821 1453 860 Quod
1488 822 1513 854 si
1551 832 1676 854 causam
1712 821 1977 854 committendam

1239 885 1308 907 esse
1334 875 1492 915 duxerint,
1519 880 1678 918 tamquam
1697 875 1865 918 apostolici
1893 874 1978 907 dele-

1239 927 1303 969 gati
1329 927 1468 960 iudicem
1500 927 1702 970 deputabunt
1735 928 1879 971 partibus
1912 938 1977 960 non

1238 986 1426 1023 suspectum
1468 991 1540 1012 cum
1581 981 1730 1013 omnibus
1769 981 1976 1013 facultatibus

1216 1054 1217 1064 i
1238 1034 1429 1067 necessariis
1450 1044 1486 1066 ac
1511 1034 1718 1077 opportunis.
1746 1033 1907 1075 Ceterum,
1923 1034 1977 1077 qui

1239 1098 1255 1119 a
1279 1087 1441 1119 sententia
1473 1092 1527 1119 aut
1553 1087 1682 1120 decreto
1717 1087 1811 1119 liuius
1844 1087 1977 1119 secundi

1238 1139 1354 1172 iudicis
1391 1145 1557 1182 gravatum
1603 1151 1635 1172 se
1672 1140 1836 1178 senserit,
1876 1139 1978 1172 adibit

1238 1198 1302 1225 tres
1328 1192 1530 1236 antiquiores
1561 1192 1684 1225 iudices
1710 1194 1884 1236 synodales
1911 1202 1977 1225 me-

1239 1246 1460 1288 tropolitanae
1486 1246 1655 1286 dioecesis,
1682 1247 1731 1279 vel
1766 1245 1855 1279 illius
1893 1255 1976 1289 quae

1237 1299 1508 1341 metropolitanae
1542 1299 1649 1331 locum
1675 1298 1836 1331 obtinebit
1861 1299 1893 1331 iu
1925 1309 1976 1331 or-

1238 1353 1311 1385 dine
1338 1351 1473 1384 inferius
1507 1351 1779 1395 praescribendo:
1813 1352 1866 1394 qui
1899 1362 1976 1385 sane

1237 1406 1359 1439 iudices
1397 1406 1496 1439 alium
1523 1405 1727 1448 deputabunt
1763 1404 1903 1438 iudicem
1941 1407 1978 1437 ez't

1237 1469 1373 1502 prorsus
1400 1459 1523 1491 ratione
1551 1461 1635 1501 q‘uae
1661 1469 1760 1501 supra
1780 1457 1887 1501 quoad
1913 1468 1978 1491 mo-

1239 1513 1314 1545 dum
1327 1511 1515 1555 appellandi
1534 1522 1550 1544 a
1572 1511 1692 1543 iudicio
1710 1516 1977 1544 conservatorum

1237 1565 1439 1608 praescripta
1466 1564 1536 1597 fuit.
1563 1564 1718 1597 Omnibus
1752 1569 1858 1596 autem
1884 1574 1977 1607 prae-

1238 1618 1331 1651 dictis
1358 1618 1520 1650 iudicibus
1545 1618 1755 1661 synodalibus
1781 1623 1842 1650 tam
1860 1623 1978 1651 metro-

1238 1671 1400 1713 politanae
1426 1681 1523 1714 quani
1549 1671 1681 1704 alterius
1703 1670 1861 1703 dioecesis
1884 1680 1978 1713 quas-

1237 1734 1374 1767 cumque
1402 1724 1568 1756 facultates
1594 1724 1632 1756 ad
1659 1724 1907 1766 praemissorum
1932 1723 1977 1756 ef-

1238 1778 1355 1810 fectum
1382 1777 1582 1809 necessarias
1612 1782 1644 1809 et
1668 1781 1873 1820 opportunas
1898 1787 1976 1809 con-

1237 1830 1382 1863 cedimus
1407 1836 1437 1863 et
1462 1830 1682 1873 impertimur.

1281 1883 1295 1925 ξ
1322 1883 1351 1916 7.
1387 1883 1420 1915 In
1453 1883 1676 1915 criminalibus
1711 1883 1813 1915 causis
1847 1883 1974 1925 regula·
2012 1887 2032 1908 ¹¹·
2058 1888 2170 1908 criminati·

1236 1936 1330 1975 rium,
1357 1936 1487 1979 quando
1507 1935 1539 1967 lii
1558 1935 1756 1978 deliquerint
1780 1935 1864 1967 intra
1888 1935 1975 1968 clau-
1985 1914 2170 1961 ξῗῗῦτῐιῗιῗιῖιῗίῗῖητῖ

1381 1989 1387 1994 ,
1474 1989 1479 1994 ,
1509 1988 1515 1993 ,
1633 1988 1638 1993 ,
1659 1988 1676 1994 ..
1860 1988 1866 1993 ‚
1909 1988 1916 1993 ,
1984 1967 2066 1988 iudices
2080 1967 2170 1993 synoda·

1237 1994 1309 2028 stra,
1336 1989 1516 2021 Tridentini
1542 1988 1678 2021 ConCilii
1705 1994 1736 2021 et
1760 1989 2023 2031 peeltliartumlfS·

1237 2042 1323 2075 illius
1342 2041 1482 2082 Ordinis,
1502 2052 1596 2084 quein
1613 2041 1752 2084 quilibet
1777 2041 1973 2084 delinquens

1237 2096 1400 2139 professus
1427 2095 1531 2134 fuerit,
1555 2093 1840 2127 constitutionum¹
1866 2094 1975 2138 dispo-

1236 2149 1309 2181 sitio
1335 2153 1442 2180 exacte
1460 2153 1617 2180 servetui·.
1637 2147 1727 2185 Quod
1746 2146 1770 2179 si
1785 2147 1976 2189 delinquant

1237 2207 1326 2234 extra
1357 2202 1518 2240 claustra,
1546 2201 1593 2233 vel
1631 2205 1720 2233 extra
1744 2199 1974 2232 monasterium

1237 2255 1367 2296 degant,
1384 2254 1422 2286 ab
1444 2253 1617 2296 episcopis,
1635 2253 1721 2285 iuxta
1741 2253 1886 2286 eiusdem
1907 2253 1974 2285 Tri-

1236 2307 1360 2340 dentini
1387 2306 1521 2339 Concilii
1557 2311 1589 2338 et
1613 2305 1864 2348 apostolicarum
1898 2316 1975 2338 con-

1235 2359 1438 2392 stitutionum
1464 2357 1709 2401 praescriptum,
1727 2357 1914 2390 iudicentur
1937 2368 1974 2391 ac

1236 2412 1422 2454 puniantur.
1461 2410 1518 2448 Qui
1555 2420 1631 2444 vero
1669 2410 1814 2453 episcopi
1853 2410 1973 2444 iudicio

1235 2463 1442 2507 acquiescere
1463 2463 1698 2503 detrectaverit,
1718 2473 1900 2506 provocare
1917 2473 1974 2506 po-

1236 2518 1310 2550 terit
1327 2518 1366 2550 ad
1393 2523 1457 2550 tres
1476 2517 1675 2559 antiquiores
1694 2516 1817 2549 iudices
1834 2517 1972 2559 synoda-

1236 2572 1282 2603 les
1309 2570 1465 2603 dioecesis
1491 2569 1647 2602 illiusinet
1675 2570 1839 2613 episcopi,
1865 2580 1882 2602 a
1907 2580 1971 2613 quo

1270 2632 1281 2658 ’1
1301 2631 1366 2659 Male
1381 2631 1446 2659 edit.
1459 2630 1538 2658 lllain.
1555 2630 1621 2665 tegit
1635 2631 1868 2659 constitutionem
1877 2632 1971 2668 (aaz).
