2269 3203
125 194 179 221 An.
201 193 229 220 C.
249 193 311 220 1721

199 1529 312 1550 Clausulis

128 1561 173 1576 cum
192 1557 314 1582 deputatio·

128 1589 154 1604 ne
170 1586 265 1604 ειη-111111
272 1590 312 1605 uui.

906 190 1114 214 INxoOEthtt's
1142 190 1194 213 xm
1220 190 1267 213 PI'.

321 252 358 275 eo
391 240 479 285 quod
513 250 613 284 super
646 240 711 273 illis
753 239 854 284 ipsius
892 238 1067 272 Clementis

321 294 588 338 praedecessoris
604 293 730 328 litterae
747 292 915 326 consectae
933 291 1066 325 minime

323 348 454 388 suerint,
483 348 586 381 valeat
611 346 858 391 quomodolibet
887 344 1041 378 liaesitari
1058 372 1065 386 ,

321 413 357 435 ac
378 401 462 434 cives
482 401 651 444 originarii
678 398 837 444 praedicti
856 399 983 432 illarum
1003 398 1068 431 sru-

323 459 467 488 strentur
493 454 630 495 effectu,
657 445 803 488 volumus
828 458 860 486 et
884 453 1067 496 apostolica

323 508 515 542 auctoritate
541 507 755 548 decernimus,
774 507 863 550 quod
881 506 1065 546 concessio,

320 561 505 605 assignatio,
532 561 716 601 decretum,
742 559 921 602 derogatio,
939 559 1065 602 aliaque
1087 587 1088 590 ,

320 614 488 657 praedicta
518 613 687 647 memorati
721 613 896 646 Clementis
922 612 1063 656 praede-

321 667 458 701 cessoris
485 678 502 700 a
527 667 612 700 dicta
629 667 680 699 die
704 676 783 700 xv111
810 665 937 709 augusti
958 675 1066 699 MDCCV
1087 685 1088 692 1

321 731 412 753 suum
439 719 617 753 sortiantur
643 718 802 759 effectum,
826 718 962 762 perinde
982 729 1018 752 ac
1040 718 1065 751 si
1087 736 1088 748 1

321 783 419 818 super
444 772 508 807 illis
538 773 642 816 ipsius
667 772 841 806 Clementis
874 772 1067 816 praedeces-

322 828 405 861 soris
424 827 552 860 litterae
574 826 633 860 sub
654 827 799 860 eiusdem
820 826 883 859 diei
904 826 977 859 data
994 835 1066 859 con·

321 882 424 915 sectae
450 881 599 923 fuissent,
630 886 726 925 prout
750 880 903 925 superius
930 890 1062 913 enarra-

323 941 393 977 tur;
410 935 566 979 quodque
584 940 775 979 praesentes
790 939 918 968 nostrae
937 934 1064 968 litterae

321 988 360 1022 ad
387 988 591 1032 probandum
617 989 714 1033 plene
741 988 1002 1028 concessionem,
1022 998 1066 1021 as-

321 1042 550 1086 signationem,
577 1043 764 1082 decretum,
792 1042 1037 1086 derogationem
1056 1069 1062 1083 ,

322 1101 499 1140 ceteraque
525 1096 690 1140 praedicta
719 1096 862 1129 eiusdem
890 1095 1064 1129 Clementis

322 1149 587 1193 praedecessoris
613 1149 734 1193 ubique
760 1148 931 1188 sufficiant,
950 1158 1008 1181 nec
1026 1149 1064 1181 ad

322 1202 354 1235 id
372 1201 579 1246 probationis
606 1202 740 1235 alterius
767 1201 998 1235 adminiculum
1020 1212 1065 1234 re-

323 1256 486 1300 quiratur:
508 1262 540 1290 et
557 1256 780 1296 nihilominus,
803 1262 961 1299 quatenus
983 1266 1064 1299 opus

324 1311 374 1351 sit,
402 1310 511 1343 omnia
537 1315 567 1343 et
593 1310 721 1352 singula
746 1310 934 1353 praemissa,
961 1315 1062 1351 motu,

322 1364 456 1397 scientia
481 1370 512 1397 et
537 1363 708 1407 potestatis
743 1363 946 1406 plenitudiue
972 1363 1061 1407 pari-

321 1418 395 1459 bus,
416 1418 532 1451 iterum
554 1422 585 1450 et
611 1428 646 1450 ex'
673 1417 814 1460 integro,
832 1422 944 1450 tenore
971 1428 1064 1460 prae-

323 1472 473 1513 sentium,
500 1471 722 1505 concedimus.

368 1527 382 1570 g
407 1525 438 1559 3.
467 1525 626 1564 Quocirca
646 1524 886 1558 venerabilibus
912 1525 1064 1559 fratribus

324 1580 447 1613 nostris
472 1578 614 1613 Ostiensi
634 1584 665 1612 et
682 1579 855 1612 Portuensi
891 1579 1063 1623 episcopis,

324 1643 359 1665 ac
385 1632 504 1666 dilecto
529 1631 596 1665 filio
622 1642 791 1665 causarum
822 1633 929 1666 curiae
955 1633 1065 1666 Came-

324 1697 378 1720 rae
404 1685 612 1730 Apostolicae
650 1685 795 1728 generali
832 1686 970 1719 auditori
1007 1697 1066 1730 per

322 1744 515 1784 praesentes
541 1738 770 1772 committimus
803 1744 833 1772 et
858 1740 1065 1781 mandamus,

325 1798 484 1837 quatenus
504 1792 576 1836 ipsi,
596 1793 644 1825 vel
664 1792 739 1832 duo,
759 1797 813 1825 aut
835 1803 917 1825 unus
936 1803 1061 1834 eorum,

323 1858 384 1891 per
408 1857 451 1886 se,
478 1847 527 1879 vel
554 1846 660 1885 alium,
683 1856 739 1879 seu
762 1846 853 1886 alios,
872 1853 1063 1890 praesentes

322 1901 446 1934 litteras
464 1900 547 1933 etin
574 1900 620 1932 eis
646 1904 798 1932 contenta
824 1910 1063 1944 quaecumque,

323 1955 378 1988 ubi
405 1960 436 1988 et
461 1954 589 1997 quando
624 1963 706 1996 opus
733 1953 850 1994 suerit,
877 1964 912 1986 ac
938 1954 1087 1998 quoties*

322 2020 380 2053 pro
406 2013 498 2052 parte
517 2007 592 2041 dicti
611 2007 741 2050 collegii
761 2008 924 2050 generalis
947 2008 1067 2041 suerint

324 2061 485 2106 requisiti,
512 2060 702 2094 solemniter
726 2060 942 2104 publicantes,
972 2061 1065 2106 eique

324 2169 406 2202 sidio
432 2167 633 2208 assistentes,
661 2166 776 2200 saciant
796 2167 987 2201 auctoritate
1010 2179 1066 2202 no-

323 2225 389 2256 stra
414 2221 494 2256 illud
520 2220 706 2254 earumdem
734 2221 954 2263 praesentium
982 2222 1067 2255 litte-

324 2286 431 2309 rarum
457 2274 627 2308 commodo
649 2279 680 2307 et
706 2273 818 2307 effectu
846 2275 978 2317 pacifice
1006 2276 1065 2308 frui

325 2334 357 2361 et
379 2328 539 2372 gaudere,
567 2338 633 2361 non
652 2327 882 2371 permittentes
906 2328 986 2361 illud
1013 2329 1067 2362 de-

325 2392 422 2425 super
438 2393 455 2415 a
474 2392 637 2426 quoquam
658 2381 906 2425 quomodolibet
922 2381 1066 2416 indebite

325 2434 515 2474 molestari3
546 2435 804 2467 contradictores
841 2435 1006 2478 quoslibet
1036 2441 1068 2469 et

326 2487 467 2520 rebelles
482 2497 539 2530 per
554 2488 747 2527 sententias,
768 2498 923 2521 censuras
940 2494 971 2521 et
991 2500 1067 2532 poe-

326 2551 385 2574 nas
404 2540 650 2581 ecclesiasticas,
667 2541 793 2585 aliaque
819 2547 1002 2586 opportuna
1023 2543 1067 2575 iu-

327 2594 370 2628 ris
393 2598 423 2627 et
448 2593 520 2626 sacti
546 2593 703 2636 remedia,
730 2596 953 2640 appellatione
979 2601 1066 2640 post-

396 2655 475 2685 Butz.
497 2656 580 2686 Rom.
602 2673 633 2679 -
659 2657 718 2688 Vol.
740 2658 815 2688 XXI.
963 2658 1012 2688 113

1752 181 1814 215 807

1112 238 1228 282 posita,
1247 239 1506 281 compescendo,
1534 240 1679 273 invocato
1699 241 1792 272 etiam
1815 240 1853 272 asl

1112 292 1184 332 Iioc,
1207 292 1232 324 si
1259 303 1341 336 opus
1369 292 1474 332 suerit,
1497 293 1616 326 auxilio
1638 295 1762 327 brachii
1785 305 1854 327 sae-

1111 345 1241 378 cularis.
1263 345 1332 378 Non
1352 345 1556 378 obstantilms
1575 346 1725 379 omnibus
1741 353 1771 380 et.
1790 348 1854 379 siu-

1111 399 1194 442 gulis
1220 399 1297 439 iliis,
1319 410 1398 442 quae
1427 399 1528 431 dictus
1546 398 1693 432 Clemens
1719 401 1854 442 praede—

1110 463 1219 485 cessor
1248 453 1350 486 voluit
1387 463 1450 486 nou
1488 452 1641 491 obstare,
1669 453 1854 496 ceterisque

1110 507 1281 540 contrariis
1309 506 1583 550 quibuscumque.

1153 560 1266 593 Datum
1292 560 1421 599 Romae,
1445 560 1529 602 apud
1555 560 1586 592 S
1609 559 1739 592 Mariam
1758 560 1852 593 Maio-

1110 624 1195 653 rem,
1223 615 1281 647 sub
1315 615 1435 646 annulo
1471 613 1661 654 Piscatoris,
1692 613 1743 646 die
1770 624 1852 647 xxvii

1110 667 1294 700 novembris
1319 677 1480 707 moccxx1‚
1510 666 1720 711 pontificatus
1750 667 1852 700 nostri

1109 732 1195 755 anno
1222 733 1244 755 1.

1145 784 1201 811 Dat.
1219 784 1263 811 die
1280 785 1313 812 27
1334 784 1490 811 novembris
1520 784 1596 819 1721,
1624 784 1722 820 pontif.
1745 792 1814 810 anuo
1835 790 1852 809 1.

1426 927 1529 960 XVIII.

1110 1006 1271 1042 Creantur
1295 1007 1543 1051 quinquaqinta
1559 1006 1656 1050 pueri
1682 1006 1855 1039 honorarii

1152 1062 1314 1094 occasione
1338 1060 1492 1094 sote·mm·s
1527 1060 1691 1103 equitatus
1728 1060 1763 1092 in
1798 1070 1850 1092 co-

1153 1114 1245 1147 mites
1279 1113 1448 1157 palatinos
1484 1118 1511 1146 et
1537 1117 1674 1146 auratae
1711 1113 1853 1145 Militiae

1153 1168 1285 1211 equites.

1143 1249 1258 1276 Dilecto
1278 1248 1340 1276 filio
1361 1249 1528 1276 Alexandro
1550 1248 1657 1280 casali,
1675 1249 1816 1280 Romano,

1279 1302 1476 1330 Innocentius
1499 1303 1578 1336 Papa
1598 1302 1677 1329 XIII.

1374 1356 1489 1383 Dilecto
1509 1356 1567 1387 fili,

1142 1401 1272 1427 salutem
1293 1403 1324 1427 et
1348 1401 1545 1434 apostolicam
1567 1400 1816 1428 benedictionem.

1151 1471 1193 1504 Ex
1211 1471 1347 1505 Romani
1366 1471 1530 1505 Poutiiicis
1551 1472 1764 1506 beneficentia
1778 1484 1853 1516 pro-

1108 1525 1220 1559 venire
1247 1525 1379 1568 dignum
1408 1531 1480 1566 est,
1509 1530 1551 1565 ut,
1579 1526 1632 1570 qui
1659 1536 1736 1569 erga
1761 1526 1852 1560 illum

1109 1579 1290 1613 devotionis
1306 1584 1337 1613 et
1353 1579 1500 1623 obsequii
1516 1580 1606 1622 signa
1618 1580 1852 1620 demonstrant,

1109 1634 1206 1667 iidem
1232 1634 1271 1666 ab
1298 1633 1370 1677 ipso
1398 1634 1543 1667 Romano
1567 1633 1721 1667 pontifice
1748 1635 1851 1668 liono—

1108 1686 1197 1719 ribus
1223 1691 1254 1720 et
1278 1686 1390 1729 gratiis
1417 1686 1628 1720 decorentur.

1153 1741 1167 1783 g
1200 1740 1230 1772 ’1.
1258 1739 1335 1773 Cum
1372 1739 1480 1784 itaque
1515 1750 1620 1783 nuper
1655 1740 1685 1773 in
1713 1741 1851 1774 solemni

1109 1793 1327 1836 equitatione,
1354 1804 1416 1836 qua
1442 1803 1499 1826 nos
1533 1793 1651 1836 insigni
1677 1793 1707 1826 S.
1740 1793 1776 1826 R.
1815 1793 1849 1826 E.

1108 1845 1324 1880 cardinalium
1350 1846 1539 1887 antistitum,
1559 1857 1729 1890 procerum
1751 1857 1786 1880 ac
1806 1848 1852 1881 os-

1109 1899 1259 1933 ticialium
1300 1899 1520 1944 ordinumque
1548 1900 1711 1934 Romanae
1738 1900 1851 1934 Curiae

1109 1953 1265 1986 comitatu
1299 1955 1420 1997 pompa
1451 1953 1593 1994 celebri,
1625 1958 1652 1987 et
1681 1955 1852 1987 multorum

1109 2008 1427 2040 adolescentulorum
1460 2007 1617 2041 nobilium
1645 2019 1701 2041 seu
1729 2018 1849 2052 puero-

1086 2095 1087 2099 ,
1109 2071 1178 2094 rum
1219 2061 1470 2094 honorariorum
1509 2061 1548 2094 ad
1581 2062 1664 2095 latus
1705 2067 1851 2095 nostrum

323 2115 354 2148 111
373 2113 562 2159 praemissis
589 2113 728 2147 efficacis
753 2113 952 2148 defensionis
971 2125 1066 2158 prae·
1086 2112 1088 2117 '

1110 2115 1306 2148 adstantium
1344 2117 1466 2149 corona
1503 2116 1642 2160 stipati,
1685 2117 1799 2150 lectica
1836 2127 1852 2150 e

1110 2168 1230 2212 palatio
1263 2174 1374 2202 nostro
1407 2169 1561 2203 Vaticano
1595 2170 1633 2203 ad
1680 2170 1850 2204 ecclesiam

1087 2253 1088 2261 ,
1110 2224 1140 2255 S.
1165 2223 1292 2256 Ioannis
1319 2223 1565 2263 Lateraneusis,
1600 2229 1633 2256 ut
1659 2223 1757 2256 moris
1783 2230 1852 2264 est,

1110 2276 1338 2320 processimus,
1369 2281 1399 2307 tu
1427 2286 1508 2309 unus
1535 2287 1570 2309 ex
1598 2276 1851 2310 adolescentulis

1110 2340 1166 2362 seu
1188 2329 1297 2373 pueris
1320 2329 1507 2363 honorariis
1528 2329 1717 2363 huiusmodi
1744 2330 1853 2363 extite—

1110 2383 1177 2416 ris:
1204 2393 1263 2417 nos
1288 2389 1480 2427 propterea,
1507 2390 1540 2417 ut
1565 2384 1698 2428 aliquod
1724 2385 1851 2427 paterni

1111 2437 1213 2470 nostri
1240 2436 1370 2470 affectus
1398 2438 1430 2470 iu
1458 2437 1577 2470 familia
1603 2440 1656 2470 tua
1682 2443 1767 2470 extet
1787 2448 1852 2470 1110-

1110 2491 1312 2530 nimentum‚
1350 2497 1378 2523 te
1416 2491 1571 2534 peculiari
1606 2490 1851 2524 benevolentiae

1109 2547 1238 2577 nostrae
1265 2544 1371 2577 favore
1397 2544 1553 2588 prosequi
1580 2545 1750 2583 volentes,
1779 2548 1810 2575 et
1834 2554 1850 2576 a

1110 2596 1276 2641 quibusvis
1294 2597 1652 2639 excommunicationis,
1667 2596 1851 2642 suspensio-

1863 192 1910 217 An.
1934 190 1960 216 (ἶ.
1982 189 2043 217 1721

1892 1482 1924 1502 Er
1936 1482 2012 1503 titium„

1894 1749 1975 1771 Creatio
1992 1751 2011 1771 u!
2029 1749 2048 1770 in

1863 1777 1958 1797 rubrica.
