<?xml version="1.0" encoding="UTF-8"?>
<!DOCTYPE html PUBLIC "-//W3C//DTD XHTML 1.0 Transitional//EN"
    "http://www.w3.org/TR/xhtml1/DTD/xhtml1-transitional.dtd">
<html xmlns="http://www.w3.org/1999/xhtml" xml:lang="en" lang="en">
 <head>
  <title>
</title>
<meta http-equiv="Content-Type" content="text/html;charset=utf-8" />
  <meta name='ocr-system' content='tesseract 3.04.00' />
  <meta name='ocr-capabilities' content='ocr_page ocr_carea ocr_par ocr_line ocrx_word'/>
</head>
<body>
  <div class='ocr_page' id='page_1' title='image "./bullarumdiplomat21cath_0485.png"; bbox 0 0 2269 3203; ppageno 0'>
   <div class='ocr_carea' id='block_1_1' title="bbox 44 237 224 265">
    <p class='ocr_par' dir='ltr' id='par_1_1' title="bbox 44 237 224 265">
     <span class='ocr_line' id='line_1_1' title="bbox 44 237 224 265; baseline -0.006 0"><span class='ocrx_word' id='word_1_1' title='bbox 44 238 92 265; x_wconf 71' lang='lat' dir='ltr'>An.</span> <span class='ocrx_word' id='word_1_2' title='bbox 115 237 142 263; x_wconf 84' lang='lat' dir='ltr'>C.</span> <span class='ocrx_word' id='word_1_3' title='bbox 162 238 224 264; x_wconf 71' lang='lat'>¹711</span> 
     </span>
    </p>
   </div>
   <div class='ocr_carea' id='block_1_2' title="bbox 45 1896 230 1970">
    <p class='ocr_par' dir='ltr' id='par_1_2' title="bbox 45 1896 230 1970">
     <span class='ocr_line' id='line_1_2' title="bbox 109 1896 230 1916; baseline 0 0"><span class='ocrx_word' id='word_1_4' title='bbox 109 1896 144 1916; x_wconf 52' lang='lat' dir='ltr'>Ite*</span> <span class='ocrx_word' id='word_1_5' title='bbox 155 1896 230 1916; x_wconf 70' lang='lat' dir='ltr'>laralia</span> 
     </span>
     <span class='ocr_line' id='line_1_3' title="bbox 45 1922 229 1944; baseline 0.011 -2"><span class='ocrx_word' id='word_1_6' title='bbox 45 1922 147 1943; x_wconf 56' lang='lat' dir='ltr'>nuntians</span> <span class='ocrx_word' id='word_1_7' title='bbox 166 1926 186 1943; x_wconf 91' lang='lat' dir='ltr'>ut</span> <span class='ocrx_word' id='word_1_8' title='bbox 209 1929 229 1944; x_wconf 83' lang='grc' dir='ltr'>ιι]</span> 
     </span>
     <span class='ocr_line' id='line_1_4' title="bbox 45 1950 138 1970; baseline 0 0"><span class='ocrx_word' id='word_1_9' title='bbox 45 1950 138 1970; x_wconf 69' lang='lat' dir='ltr'>rubrica.</span> 
     </span>
    </p>
   </div>
   <div class='ocr_carea' id='block_1_3' title="bbox 850 237 989 259">
    <p class='ocr_par' dir='ltr' id='par_1_3' title="bbox 850 237 989 259">
     <span class='ocr_line' id='line_1_5' title="bbox 850 237 989 259; baseline -0.007 -1"><span class='ocrx_word' id='word_1_10' title='bbox 850 237 989 259; x_wconf 49' lang='lat' dir='ltr'>litim-&gt;0⁴</span> 
     </span>
    </p>
   </div>
   <div class='ocr_carea' id='block_1_4' title="bbox 237 285 979 544">
    <p class='ocr_par' dir='ltr' id='par_1_4' title="bbox 237 285 979 544">
     <span class='ocr_line' id='line_1_6' title="bbox 238 285 977 329; baseline -0.004 -9"><span class='ocrx_word' id='word_1_11' title='bbox 238 287 301 320; x_wconf 84' lang='lat' dir='ltr'>lem</span> <span class='ocrx_word' id='word_1_12' title='bbox 327 287 374 320; x_wconf 79' lang='lat' dir='ltr'>vel</span> <span class='ocrx_word' id='word_1_13' title='bbox 401 287 500 320; x_wconf 88' lang='lat' dir='ltr'>alium</span> <span class='ocrx_word' id='word_1_14' title='bbox 527 286 718 326; x_wconf 82' lang='lat' dir='ltr'>otlicialem,</span> <span class='ocrx_word' id='word_1_15' title='bbox 746 286 799 329; x_wconf 84' lang='lat' dir='ltr'>qui</span> <span class='ocrx_word' id='word_1_16' title='bbox 826 285 857 317; x_wconf 92' lang='lat' dir='ltr'>in</span> <span class='ocrx_word' id='word_1_17' title='bbox 884 285 977 318; x_wconf 81' lang='lat' dir='ltr'>dietis</span> 
     </span>
     <span class='ocr_line' id='line_1_7' title="bbox 237 337 978 374; baseline -0.004 -1"><span class='ocrx_word' id='word_1_18' title='bbox 237 339 319 374; x_wconf 88' lang='lat' dir='ltr'>locis</span> <span class='ocrx_word' id='word_1_19' title='bbox 352 351 480 374; x_wconf 89' lang='lat' dir='ltr'>omnem</span> <span class='ocrx_word' id='word_1_20' title='bbox 513 339 771 373; x_wconf 83' lang='lat' dir='ltr'>iurisdietionem</span> <span class='ocrx_word' id='word_1_21' title='bbox 802 337 978 372; x_wconf 85' lang='lat' dir='ltr'>contentio-</span> 
     </span>
     <span class='ocr_line' id='line_1_8' title="bbox 239 391 977 437; baseline -0.003 -11"><span class='ocrx_word' id='word_1_22' title='bbox 239 404 305 426; x_wconf 81' lang='lat' dir='ltr'>sam</span> <span class='ocrx_word' id='word_1_23' title='bbox 331 394 452 437; x_wconf 86' lang='lat' dir='ltr'>absque</span> <span class='ocrx_word' id='word_1_24' title='bbox 488 403 622 426; x_wconf 85' lang='lat' dir='ltr'>recursu</span> <span class='ocrx_word' id='word_1_25' title='bbox 660 403 716 424; x_wconf 86' lang='lat' dir='ltr'>seu</span> <span class='ocrx_word' id='word_1_26' title='bbox 753 391 977 435; x_wconf 69' lang='lat' dir='ltr'>appellatione</span> 
     </span>
     <span class='ocr_line' id='line_1_9' title="bbox 240 445 979 490; baseline -0.003 -10"><span class='ocrx_word' id='word_1_27' title='bbox 240 447 279 480; x_wconf 86' lang='lat' dir='ltr'>ad</span> <span class='ocrx_word' id='word_1_28' title='bbox 305 447 479 490; x_wconf 87' lang='lat' dir='ltr'>ipsummet</span> <span class='ocrx_word' id='word_1_29' title='bbox 509 447 656 479; x_wconf 84' lang='lat' dir='ltr'>Carolum</span> <span class='ocrx_word' id='word_1_30' title='bbox 693 445 824 478; x_wconf 84' lang='lat' dir='ltr'>Mariam</span> <span class='ocrx_word' id='word_1_31' title='bbox 857 445 979 488; x_wconf 80' lang='lat' dir='ltr'>episeo-</span> 
     </span>
     <span class='ocr_line' id='line_1_10' title="bbox 239 499 979 544; baseline -0.004 -11"><span class='ocrx_word' id='word_1_32' title='bbox 239 512 317 544; x_wconf 89' lang='lat' dir='ltr'>pum</span> <span class='ocrx_word' id='word_1_33' title='bbox 343 506 374 534; x_wconf 89' lang='lat' dir='ltr'>et</span> <span class='ocrx_word' id='word_1_34' title='bbox 398 500 554 543; x_wconf 81' lang='lat' dir='ltr'>privative</span> <span class='ocrx_word' id='word_1_35' title='bbox 585 499 693 542; x_wconf 85' lang='lat' dir='ltr'>quoad</span> <span class='ocrx_word' id='word_1_36' title='bbox 729 499 818 532; x_wconf 88' lang='lat' dir='ltr'>illum</span> <span class='ocrx_word' id='word_1_37' title='bbox 845 499 979 531; x_wconf 77' lang='lat' dir='ltr'>dietam-</span> 
     </span>
    </p>
   </div>
   <div class='ocr_carea' id='block_1_5' title="bbox 240 551 1002 600">
    <p class='ocr_par' dir='ltr' id='par_1_5' title="bbox 240 551 1002 600">
     <span class='ocr_line' id='line_1_11' title="bbox 240 551 1002 600; baseline -0.003 -15"><span class='ocrx_word' id='word_1_38' title='bbox 240 564 301 597; x_wconf 86' lang='lat' dir='ltr'>que</span> <span class='ocrx_word' id='word_1_39' title='bbox 329 553 398 587; x_wconf 86' lang='lat' dir='ltr'>eius</span> <span class='ocrx_word' id='word_1_40' title='bbox 430 553 550 585; x_wconf 90' lang='lat' dir='ltr'>enriam</span> <span class='ocrx_word' id='word_1_41' title='bbox 583 551 804 595; x_wconf 82' lang='lat' dir='ltr'>episcopalem</span> <span class='ocrx_word' id='word_1_42' title='bbox 830 552 924 584; x_wconf 87' lang='lat' dir='ltr'>etiam</span> <span class='ocrx_word' id='word_1_43' title='bbox 948 551 978 583; x_wconf 92' lang='lat' dir='ltr'>in</span> <span class='ocrx_word' id='word_1_44' title='bbox 1000 597 1002 600; x_wconf 15' lang='grc' dir='ltr'><em>Α</em></span> 
     </span>
    </p>
   </div>
   <div class='ocr_carea' id='block_1_6' title="bbox 238 605 982 755">
    <p class='ocr_par' dir='ltr' id='par_1_6' title="bbox 238 605 982 755">
     <span class='ocr_line' id='line_1_12' title="bbox 238 605 980 650; baseline 0.001 -14"><span class='ocrx_word' id='word_1_45' title='bbox 238 606 342 650; x_wconf 80' lang='lat' dir='ltr'>prima</span> <span class='ocrx_word' id='word_1_46' title='bbox 368 606 523 639; x_wconf 71' lang='lat' dir='ltr'>instantia</span> <span class='ocrx_word' id='word_1_47' title='bbox 547 615 697 638; x_wconf 79' lang='lat' dir='ltr'>exercere</span> <span class='ocrx_word' id='word_1_48' title='bbox 723 611 853 647; x_wconf 81' lang='lat' dir='ltr'>posset,</span> <span class='ocrx_word' id='word_1_49' title='bbox 880 605 980 648; x_wconf 73' lang='lat' dir='ltr'>depo-</span> 
     </span>
     <span class='ocr_line' id='line_1_13' title="bbox 238 658 978 702; baseline -0.005 -9"><span class='ocrx_word' id='word_1_50' title='bbox 238 659 357 693; x_wconf 82' lang='lat' dir='ltr'>scentis</span> <span class='ocrx_word' id='word_1_51' title='bbox 397 658 658 702; x_wconf 85' lang='lat' dir='ltr'>praetensionem</span> <span class='ocrx_word' id='word_1_52' title='bbox 681 685 687 697; x_wconf 86' lang='lat'>,</span> <span class='ocrx_word' id='word_1_53' title='bbox 728 664 792 690; x_wconf 91' lang='lat' dir='ltr'>tum</span> <span class='ocrx_word' id='word_1_54' title='bbox 833 663 978 690; x_wconf 87' lang='lat' dir='ltr'>nostram</span> 
     </span>
     <span class='ocr_line' id='line_1_14' title="bbox 239 711 982 755; baseline -0.003 -10"><span class='ocrx_word' id='word_1_55' title='bbox 239 711 464 755; x_wconf 84' lang='lat' dir='ltr'>praetensioni</span> <span class='ocrx_word' id='word_1_56' title='bbox 486 711 670 745; x_wconf 84' lang='lat' dir='ltr'>huiusmodi</span> <span class='ocrx_word' id='word_1_57' title='bbox 684 711 924 755; x_wconf 81' lang='lat' dir='ltr'>oppositionem</span> <span class='ocrx_word' id='word_1_58' title='bbox 942 711 982 742; x_wconf 80' lang='lat' dir='ltr'>si-</span> 
     </span>
    </p>
   </div>
   <div class='ocr_carea' id='block_1_7' title="bbox 237 817 982 2675">
    <p class='ocr_par' dir='ltr' id='par_1_7' title="bbox 237 817 982 1874">
     <span class='ocr_line' id='line_1_15' title="bbox 238 817 978 852; baseline -0.001 -1"><span class='ocrx_word' id='word_1_59' title='bbox 238 818 323 851; x_wconf 87' lang='lat' dir='ltr'>dicta</span> <span class='ocrx_word' id='word_1_60' title='bbox 348 819 420 852; x_wconf 84' lang='lat' dir='ltr'>loca</span> <span class='ocrx_word' id='word_1_61' title='bbox 446 829 462 850; x_wconf 90' lang='lat' dir='ltr'>a</span> <span class='ocrx_word' id='word_1_62' title='bbox 489 818 635 851; x_wconf 84' lang='lat' dir='ltr'>dioecesi</span> <span class='ocrx_word' id='word_1_63' title='bbox 660 817 888 850; x_wconf 72' lang='lat' dir='ltr'>Vintimiliensi</span> <span class='ocrx_word' id='word_1_64' title='bbox 914 818 978 850; x_wconf 81' lang='lat' dir='ltr'>sere</span> 
     </span>
     <span class='ocr_line' id='line_1_16' title="bbox 237 871 979 916; baseline -0.001 -11"><span class='ocrx_word' id='word_1_65' title='bbox 237 876 408 916; x_wconf 75' lang='lat' dir='ltr'>separata,</span> <span class='ocrx_word' id='word_1_66' title='bbox 446 877 477 904; x_wconf 90' lang='lat' dir='ltr'>et</span> <span class='ocrx_word' id='word_1_67' title='bbox 513 883 530 904; x_wconf 83' lang='lat' dir='ltr'>a</span> <span class='ocrx_word' id='word_1_68' title='bbox 562 871 787 905; x_wconf 86' lang='lat' dir='ltr'>iurisdictione</span> <span class='ocrx_word' id='word_1_69' title='bbox 821 872 979 915; x_wconf 68' lang='lat' dir='ltr'>praedicti</span> 
     </span>
     <span class='ocr_line' id='line_1_17' title="bbox 238 923 979 969; baseline -0.001 -11"><span class='ocrx_word' id='word_1_70' title='bbox 238 923 341 959; x_wconf 85' lang='lat' dir='ltr'>Caroli</span> <span class='ocrx_word' id='word_1_71' title='bbox 361 924 475 958; x_wconf 79' lang='lat' dir='ltr'>Mariae</span> <span class='ocrx_word' id='word_1_72' title='bbox 498 925 653 969; x_wconf 79' lang='lat' dir='ltr'><strong>episcopi,</strong></span> <span class='ocrx_word' id='word_1_73' title='bbox 673 936 738 958; x_wconf 89' lang='lat' dir='ltr'>non</span> <span class='ocrx_word' id='word_1_74' title='bbox 755 925 824 958; x_wconf 90' lang='lat' dir='ltr'>sine</span> <span class='ocrx_word' id='word_1_75' title='bbox 843 925 979 958; x_wconf 84' lang='lat' dir='ltr'>notabili</span> 
     </span>
     <span class='ocr_line' id='line_1_18' title="bbox 237 977 981 1018; baseline -0.001 -7"><span class='ocrx_word' id='word_1_76' title='bbox 237 983 346 1011; x_wconf 79' lang='lat' dir='ltr'>rectae</span> <span class='ocrx_word' id='word_1_77' title='bbox 373 977 664 1011; x_wconf 67' lang='lat' dir='ltr'>administrationis</span> <span class='ocrx_word' id='word_1_78' title='bbox 702 978 867 1018; x_wconf 78' lang='lat' dir='ltr'>iustitiae,</span> <span class='ocrx_word' id='word_1_79' title='bbox 906 989 981 1011; x_wconf 83' lang='lat' dir='ltr'>con-</span> 
     </span>
     <span class='ocr_line' id='line_1_19' title="bbox 237 1031 981 1075; baseline 0 -10"><span class='ocrx_word' id='word_1_80' title='bbox 237 1031 430 1065; x_wconf 78' lang='lat' dir='ltr'>servationis</span> <span class='ocrx_word' id='word_1_81' title='bbox 455 1032 647 1075; x_wconf 82' lang='lat' dir='ltr'>disciplinae</span> <span class='ocrx_word' id='word_1_82' title='bbox 675 1031 924 1071; x_wconf 79' lang='lat' dir='ltr'>ecclesiastieae,</span> <span class='ocrx_word' id='word_1_83' title='bbox 951 1038 981 1065; x_wconf 89' lang='lat' dir='ltr'>et</span> 
     </span>
     <span class='ocr_line' id='line_1_20' title="bbox 238 1085 981 1128; baseline 0 -10"><span class='ocrx_word' id='word_1_84' title='bbox 238 1085 336 1118; x_wconf 88' lang='lat' dir='ltr'>divini</span> <span class='ocrx_word' id='word_1_85' title='bbox 362 1086 466 1118; x_wconf 80' lang='lat' dir='ltr'>cultus</span> <span class='ocrx_word' id='word_1_86' title='bbox 498 1085 723 1128; x_wconf 81' lang='lat' dir='ltr'>praeiudicio,</span> <span class='ocrx_word' id='word_1_87' title='bbox 758 1085 851 1127; x_wconf 86' lang='lat' dir='ltr'>quasi</span> <span class='ocrx_word' id='word_1_88' title='bbox 891 1085 981 1118; x_wconf 87' lang='lat' dir='ltr'>inde-</span> 
     </span>
     <span class='ocr_line' id='line_1_21' title="bbox 238 1138 980 1181; baseline 0.001 -12"><span class='ocrx_word' id='word_1_89' title='bbox 238 1138 415 1181; x_wconf 85' lang='lat' dir='ltr'>pendentia</span> <span class='ocrx_word' id='word_1_90' title='bbox 446 1144 658 1177; x_wconf 70' lang='lat' dir='ltr'>remaneant,</span> <span class='ocrx_word' id='word_1_91' title='bbox 697 1149 731 1170; x_wconf 78' lang='lat' dir='ltr'>ae</span> <span class='ocrx_word' id='word_1_92' title='bbox 770 1144 831 1170; x_wconf 90' lang='lat' dir='ltr'>tam</span> <span class='ocrx_word' id='word_1_93' title='bbox 867 1138 980 1171; x_wconf 85' lang='lat' dir='ltr'>eadem</span> 
     </span>
     <span class='ocr_line' id='line_1_22' title="bbox 237 1190 982 1234; baseline 0.003 -13"><span class='ocrx_word' id='word_1_94' title='bbox 237 1190 344 1223; x_wconf 80' lang='lat' dir='ltr'>vicarii</span> <span class='ocrx_word' id='word_1_95' title='bbox 371 1191 538 1234; x_wconf 82' lang='lat' dir='ltr'>deputatio</span> <span class='ocrx_word' id='word_1_96' title='bbox 565 1196 596 1223; x_wconf 86' lang='lat' dir='ltr'>et</span> <span class='ocrx_word' id='word_1_97' title='bbox 621 1191 789 1234; x_wconf 81' lang='lat' dir='ltr'>supplices</span> <span class='ocrx_word' id='word_1_98' title='bbox 816 1191 916 1224; x_wconf 78' lang='lat' dir='ltr'>libelli</span> <span class='ocrx_word' id='word_1_99' title='bbox 951 1196 982 1223; x_wconf 93' lang='lat' dir='ltr'>et</span> 
     </span>
     <span class='ocr_line' id='line_1_23' title="bbox 237 1244 980 1286; baseline -0.001 -9"><span class='ocrx_word' id='word_1_100' title='bbox 237 1254 386 1277; x_wconf 85' lang='lat' dir='ltr'>recursus</span> <span class='ocrx_word' id='word_1_101' title='bbox 410 1254 470 1286; x_wconf 85' lang='lat' dir='ltr'>per</span> <span class='ocrx_word' id='word_1_102' title='bbox 503 1244 625 1276; x_wconf 83' lang='lat' dir='ltr'>dictum</span> <span class='ocrx_word' id='word_1_103' title='bbox 662 1245 812 1277; x_wconf 71' lang='lat' dir='ltr'>tlarolmn</span> <span class='ocrx_word' id='word_1_104' title='bbox 850 1245 980 1277; x_wconf 79' lang='lat' dir='ltr'>Mariam</span> 
     </span>
     <span class='ocr_line' id='line_1_24' title="bbox 238 1297 980 1340; baseline 0 -10"><span class='ocrx_word' id='word_1_105' title='bbox 238 1297 430 1340; x_wconf 83' lang='lat' dir='ltr'>episcopum</span> <span class='ocrx_word' id='word_1_106' title='bbox 456 1297 494 1329; x_wconf 87' lang='lat' dir='ltr'>ad</span> <span class='ocrx_word' id='word_1_107' title='bbox 514 1297 660 1330; x_wconf 74' lang='lat' dir='ltr'>laicalem</span> <span class='ocrx_word' id='word_1_108' title='bbox 683 1303 876 1340; x_wconf 84' lang='lat' dir='ltr'>potestatem</span> <span class='ocrx_word' id='word_1_109' title='bbox 896 1299 980 1338; x_wconf 79' lang='lat' dir='ltr'>sacti,</span> 
     </span>
     <span class='ocr_line' id='line_1_25' title="bbox 238 1351 981 1395; baseline 0.003 -13"><span class='ocrx_word' id='word_1_110' title='bbox 238 1361 334 1395; x_wconf 88' lang='lat' dir='ltr'>quam</span> <span class='ocrx_word' id='word_1_111' title='bbox 360 1351 518 1394; x_wconf 83' lang='lat' dir='ltr'>rescripta</span> <span class='ocrx_word' id='word_1_112' title='bbox 536 1377 543 1390; x_wconf 86' lang='lat'>,</span> <span class='ocrx_word' id='word_1_113' title='bbox 571 1351 720 1384; x_wconf 77' lang='lat' dir='ltr'>mamlata</span> <span class='ocrx_word' id='word_1_114' title='bbox 757 1362 812 1384; x_wconf 85' lang='lat' dir='ltr'>seu</span> <span class='ocrx_word' id='word_1_115' title='bbox 851 1351 981 1384; x_wconf 83' lang='lat' dir='ltr'>decreta</span> 
     </span>
     <span class='ocr_line' id='line_1_26' title="bbox 238 1404 982 1448; baseline 0.003 -12"><span class='ocrx_word' id='word_1_116' title='bbox 238 1404 404 1448; x_wconf 79' lang='lat' dir='ltr'>praedicta</span> <span class='ocrx_word' id='word_1_117' title='bbox 429 1416 445 1436; x_wconf 93' lang='lat' dir='ltr'>a</span> <span class='ocrx_word' id='word_1_118' title='bbox 478 1404 617 1437; x_wconf 61' lang='lat' dir='ltr'>Victorio</span> <span class='ocrx_word' id='word_1_119' title='bbox 656 1405 798 1438; x_wconf 62' lang='lat' dir='ltr'>Amedeo</span> <span class='ocrx_word' id='word_1_120' title='bbox 835 1405 916 1438; x_wconf 84' lang='lat' dir='ltr'>duce</span> <span class='ocrx_word' id='word_1_121' title='bbox 952 1411 982 1438; x_wconf 88' lang='lat' dir='ltr'>et</span> 
     </span>
     <span class='ocr_line' id='line_1_27' title="bbox 239 1457 982 1500; baseline 0.001 -10"><span class='ocrx_word' id='word_1_122' title='bbox 239 1462 351 1490; x_wconf 86' lang='lat' dir='ltr'>senatu</span> <span class='ocrx_word' id='word_1_123' title='bbox 377 1457 520 1490; x_wconf 76' lang='lat' dir='ltr'>Niciensi</span> <span class='ocrx_word' id='word_1_124' title='bbox 547 1457 728 1500; x_wconf 68' lang='lat' dir='ltr'>respective</span> <span class='ocrx_word' id='word_1_125' title='bbox 755 1464 922 1498; x_wconf 80' lang='lat' dir='ltr'>emanata,</span> <span class='ocrx_word' id='word_1_126' title='bbox 948 1464 982 1492; x_wconf 86' lang='lat' dir='ltr'>ut</span> 
     </span>
     <span class='ocr_line' id='line_1_28' title="bbox 238 1509 981 1553; baseline 0.004 -11"><span class='ocrx_word' id='word_1_127' title='bbox 238 1509 440 1553; x_wconf 79' lang='lat' dir='ltr'>praefertur,</span> <span class='ocrx_word' id='word_1_128' title='bbox 468 1520 633 1543; x_wconf 83' lang='lat' dir='ltr'>sacrorum</span> <span class='ocrx_word' id='word_1_129' title='bbox 661 1521 820 1544; x_wconf 81' lang='lat' dir='ltr'>canonum</span> <span class='ocrx_word' id='word_1_130' title='bbox 847 1517 877 1544; x_wconf 89' lang='lat' dir='ltr'>et</span> <span class='ocrx_word' id='word_1_131' title='bbox 904 1523 981 1545; x_wconf 89' lang='lat' dir='ltr'>eon-</span> 
     </span>
     <span class='ocr_line' id='line_1_29' title="bbox 240 1563 981 1608; baseline 0.003 -12"><span class='ocrx_word' id='word_1_132' title='bbox 240 1563 445 1597; x_wconf 81' lang='lat' dir='ltr'>stitutionuin</span> <span class='ocrx_word' id='word_1_133' title='bbox 482 1565 735 1607; x_wconf 82' lang='lat' dir='ltr'>apostolicarum</span> <span class='ocrx_word' id='word_1_134' title='bbox 773 1565 981 1608; x_wconf 72' lang='lat' dir='ltr'>dispositioni</span> 
     </span>
     <span class='ocr_line' id='line_1_30' title="bbox 239 1618 981 1659; baseline 0.004 -9"><span class='ocrx_word' id='word_1_135' title='bbox 239 1618 463 1658; x_wconf 75' lang='lat' dir='ltr'>adversentur,</span> <span class='ocrx_word' id='word_1_136' title='bbox 490 1628 525 1651; x_wconf 82' lang='lat' dir='ltr'>ae</span> <span class='ocrx_word' id='word_1_137' title='bbox 550 1618 756 1659; x_wconf 81' lang='lat' dir='ltr'>libertatem,</span> <span class='ocrx_word' id='word_1_138' title='bbox 784 1619 981 1653; x_wconf 85' lang='lat' dir='ltr'>iurisdietio-</span> 
     </span>
     <span class='ocr_line' id='line_1_31' title="bbox 239 1671 981 1706; baseline 0.003 -2"><span class='ocrx_word' id='word_1_139' title='bbox 239 1682 314 1704; x_wconf 86' lang='lat' dir='ltr'>nem</span> <span class='ocrx_word' id='word_1_140' title='bbox 342 1676 373 1704; x_wconf 87' lang='lat' dir='ltr'>et</span> <span class='ocrx_word' id='word_1_141' title='bbox 389 1671 629 1704; x_wconf 84' lang='lat' dir='ltr'>imrmmitatem</span> <span class='ocrx_word' id='word_1_142' title='bbox 648 1673 900 1705; x_wconf 78' lang='lat' dir='ltr'>eeclesiasticam</span> <span class='ocrx_word' id='word_1_143' title='bbox 916 1685 981 1706; x_wconf 86' lang='lat' dir='ltr'>ma-</span> 
     </span>
     <span class='ocr_line' id='line_1_32' title="bbox 239 1725 981 1768; baseline 0.003 -11"><span class='ocrx_word' id='word_1_144' title='bbox 239 1725 356 1758; x_wconf 78' lang='lat' dir='ltr'>nifeste</span> <span class='ocrx_word' id='word_1_145' title='bbox 382 1725 515 1763; x_wconf 88' lang='lat' dir='ltr'>ledant,</span> <span class='ocrx_word' id='word_1_146' title='bbox 543 1735 762 1768; x_wconf 80' lang='lat' dir='ltr'>magnumque</span> <span class='ocrx_word' id='word_1_147' title='bbox 790 1727 893 1759; x_wconf 84' lang='lat' dir='ltr'>dietae</span> <span class='ocrx_word' id='word_1_148' title='bbox 930 1738 981 1759; x_wconf 81' lang='lat' dir='ltr'>ee-</span> 
     </span>
     <span class='ocr_line' id='line_1_33' title="bbox 241 1777 981 1822; baseline 0.004 -12"><span class='ocrx_word' id='word_1_149' title='bbox 241 1777 338 1810; x_wconf 86' lang='lat' dir='ltr'>lesiae</span> <span class='ocrx_word' id='word_1_150' title='bbox 365 1777 611 1810; x_wconf 67' lang='lat' dir='ltr'>Yintimiliensis</span> <span class='ocrx_word' id='word_1_151' title='bbox 637 1784 668 1810; x_wconf 84' lang='lat' dir='ltr'>et</span> <span class='ocrx_word' id='word_1_152' title='bbox 694 1780 902 1822; x_wconf 66' lang='lat' dir='ltr'>Apostolieae</span> <span class='ocrx_word' id='word_1_153' title='bbox 931 1780 981 1813; x_wconf 79' lang='lat' dir='ltr'>Se-</span> 
     </span>
     <span class='ocr_line' id='line_1_34' title="bbox 241 1831 882 1874; baseline 0.003 -11"><span class='ocrx_word' id='word_1_154' title='bbox 241 1831 288 1864; x_wconf 90' lang='lat' dir='ltr'>dis</span> <span class='ocrx_word' id='word_1_155' title='bbox 314 1831 441 1864; x_wconf 81' lang='lat' dir='ltr'>iuribus</span> <span class='ocrx_word' id='word_1_156' title='bbox 468 1832 703 1874; x_wconf 86' lang='lat' dir='ltr'>praeiudicium</span> <span class='ocrx_word' id='word_1_157' title='bbox 729 1832 882 1865; x_wconf 73' lang='lat' dir='ltr'>atl&#39;erant:</span> 
     </span>
    </p>

    <p class='ocr_par' dir='ltr' id='par_1_8' title="bbox 238 1884 981 2675">
     <span class='ocr_line' id='line_1_35' title="bbox 284 1884 980 1928; baseline 0.003 -11"><span class='ocrx_word' id='word_1_158' title='bbox 284 1885 299 1928; x_wconf 62' lang='grc' dir='ltr'>ξ</span> <span class='ocrx_word' id='word_1_159' title='bbox 324 1884 355 1917; x_wconf 67' lang='lat'>2.</span> <span class='ocrx_word' id='word_1_160' title='bbox 378 1884 459 1917; x_wconf 77' lang='lat' dir='ltr'>ilinc</span> <span class='ocrx_word' id='word_1_161' title='bbox 478 1890 524 1918; x_wconf 84' lang='lat' dir='ltr'>est</span> <span class='ocrx_word' id='word_1_162' title='bbox 543 1885 627 1928; x_wconf 91' lang='lat' dir='ltr'>quod</span> <span class='ocrx_word' id='word_1_163' title='bbox 648 1895 720 1925; x_wconf 83' lang='lat' dir='ltr'>nos,</span> <span class='ocrx_word' id='word_1_164' title='bbox 742 1886 793 1928; x_wconf 83' lang='lat' dir='ltr'>qui</span> <span class='ocrx_word' id='word_1_165' title='bbox 822 1886 980 1919; x_wconf 72' lang='lat' dir='ltr'>libertatis</span> 
     </span>
     <span class='ocr_line' id='line_1_36' title="bbox 240 1937 981 1982; baseline 0.003 -12"><span class='ocrx_word' id='word_1_166' title='bbox 240 1948 277 1970; x_wconf 82' lang='lat' dir='ltr'>ae</span> <span class='ocrx_word' id='word_1_167' title='bbox 294 1937 539 1979; x_wconf 78' lang='lat' dir='ltr'>iurisdictionis,</span> <span class='ocrx_word' id='word_1_168' title='bbox 561 1939 765 1982; x_wconf 87' lang='lat' dir='ltr'>aliorumque</span> <span class='ocrx_word' id='word_1_169' title='bbox 793 1939 910 1971; x_wconf 81' lang='lat' dir='ltr'>iuriam</span> <span class='ocrx_word' id='word_1_170' title='bbox 930 1950 981 1972; x_wconf 82' lang='lat' dir='ltr'>ee-</span> 
     </span>
     <span class='ocr_line' id='line_1_37' title="bbox 239 1991 981 2026; baseline 0.001 -1"><span class='ocrx_word' id='word_1_171' title='bbox 239 1991 500 2025; x_wconf 79' lang='lat' dir='ltr'>clesiasticorum</span> <span class='ocrx_word' id='word_1_172' title='bbox 519 1998 697 2025; x_wconf 69' lang='lat' dir='ltr'>assertores</span> <span class='ocrx_word' id='word_1_173' title='bbox 717 1992 746 2024; x_wconf 91' lang='lat' dir='ltr'>in</span> <span class='ocrx_word' id='word_1_174' title='bbox 773 1993 864 2025; x_wconf 76' lang='lat' dir='ltr'>terris</span> <span class='ocrx_word' id='word_1_175' title='bbox 884 2003 899 2025; x_wconf 88' lang='lat' dir='ltr'>a</span> <span class='ocrx_word' id='word_1_176' title='bbox 920 1993 981 2026; x_wconf 87' lang='lat' dir='ltr'>Do-</span> 
     </span>
     <span class='ocr_line' id='line_1_38' title="bbox 238 2044 981 2089; baseline 0 -11"><span class='ocrx_word' id='word_1_177' title='bbox 238 2044 326 2078; x_wconf 89' lang='lat' dir='ltr'>mino</span> <span class='ocrx_word' id='word_1_178' title='bbox 352 2044 520 2078; x_wconf 85' lang='lat' dir='ltr'>constituti</span> <span class='ocrx_word' id='word_1_179' title='bbox 547 2055 678 2084; x_wconf 83' lang='lat' dir='ltr'>sumus,</span> <span class='ocrx_word' id='word_1_180' title='bbox 704 2045 860 2078; x_wconf 79' lang='lat' dir='ltr'>eeclesiae</span> <span class='ocrx_word' id='word_1_181' title='bbox 888 2056 981 2089; x_wconf 81' lang='lat' dir='ltr'>prae-</span> 
     </span>
     <span class='ocr_line' id='line_1_39' title="bbox 239 2097 980 2142; baseline 0.001 -11"><span class='ocrx_word' id='word_1_182' title='bbox 239 2097 343 2132; x_wconf 78' lang='lat' dir='ltr'>dictae</span> <span class='ocrx_word' id='word_1_183' title='bbox 360 2098 608 2132; x_wconf 68' lang='lat' dir='ltr'>Yintimiliensis</span> <span class='ocrx_word' id='word_1_184' title='bbox 635 2099 807 2142; x_wconf 77' lang='lat' dir='ltr'>dictaeque</span> <span class='ocrx_word' id='word_1_185' title='bbox 829 2099 920 2132; x_wconf 78' lang='lat' dir='ltr'>Sedis</span> <span class='ocrx_word' id='word_1_186' title='bbox 938 2100 980 2132; x_wconf 92' lang='lat' dir='ltr'>iu-</span> 
     </span>
     <span class='ocr_line' id='line_1_40' title="bbox 239 2151 979 2196; baseline 0.001 -11"><span class='ocrx_word' id='word_1_187' title='bbox 239 2152 323 2186; x_wconf 88' lang='lat' dir='ltr'>rium</span> <span class='ocrx_word' id='word_1_188' title='bbox 348 2151 536 2186; x_wconf 87' lang='lat' dir='ltr'>huiusmodi</span> <span class='ocrx_word' id='word_1_189' title='bbox 563 2152 770 2186; x_wconf 78' lang='lat' dir='ltr'>indemnitati</span> <span class='ocrx_word' id='word_1_190' title='bbox 798 2154 979 2196; x_wconf 83' lang='lat' dir='ltr'>providere,</span> 
     </span>
     <span class='ocr_line' id='line_1_41' title="bbox 239 2206 980 2249; baseline 0 -10"><span class='ocrx_word' id='word_1_191' title='bbox 239 2217 275 2239; x_wconf 83' lang='lat' dir='ltr'>ac</span> <span class='ocrx_word' id='word_1_192' title='bbox 301 2212 362 2239; x_wconf 90' lang='lat' dir='ltr'>tam</span> <span class='ocrx_word' id='word_1_193' title='bbox 390 2206 540 2249; x_wconf 75' lang='lat' dir='ltr'>gravibus</span> <span class='ocrx_word' id='word_1_194' title='bbox 571 2212 601 2239; x_wconf 87' lang='lat' dir='ltr'>et</span> <span class='ocrx_word' id='word_1_195' title='bbox 626 2207 825 2239; x_wconf 75' lang='lat' dir='ltr'>seandalosis</span> <span class='ocrx_word' id='word_1_196' title='bbox 853 2207 980 2240; x_wconf 89' lang='lat' dir='ltr'>illorum</span> 
     </span>
     <span class='ocr_line' id='line_1_42' title="bbox 239 2259 981 2303; baseline -0.001 -10"><span class='ocrx_word' id='word_1_197' title='bbox 239 2259 448 2298; x_wconf 81' lang='lat' dir='ltr'>laesionibus,</span> <span class='ocrx_word' id='word_1_198' title='bbox 467 2265 622 2303; x_wconf 82' lang='lat' dir='ltr'>quantum</span> <span class='ocrx_word' id='word_1_199' title='bbox 642 2261 736 2293; x_wconf 85' lang='lat' dir='ltr'>nobis</span> <span class='ocrx_word' id='word_1_200' title='bbox 763 2271 798 2293; x_wconf 81' lang='lat' dir='ltr'>ex</span> <span class='ocrx_word' id='word_1_201' title='bbox 825 2261 890 2293; x_wconf 82' lang='lat' dir='ltr'>alto</span> <span class='ocrx_word' id='word_1_202' title='bbox 909 2271 981 2293; x_wconf 76' lang='lat' dir='ltr'>eon-</span> 
     </span>
     <span class='ocr_line' id='line_1_43' title="bbox 239 2312 979 2356; baseline 0.001 -11"><span class='ocrx_word' id='word_1_203' title='bbox 239 2312 376 2353; x_wconf 80' lang='lat' dir='ltr'>ceditur,</span> <span class='ocrx_word' id='word_1_204' title='bbox 394 2323 566 2346; x_wconf 86' lang='lat' dir='ltr'>occurrere</span> <span class='ocrx_word' id='word_1_205' title='bbox 585 2313 768 2356; x_wconf 54' lang='lat' dir='ltr'>cupientes</span> <span class='ocrx_word' id='word_1_206' title='bbox 782 2324 817 2346; x_wconf 86' lang='lat' dir='ltr'>ae</span> <span class='ocrx_word' id='word_1_207' title='bbox 837 2314 979 2347; x_wconf 82' lang='lat' dir='ltr'>oninium</span> 
     </span>
     <span class='ocr_line' id='line_1_44' title="bbox 241 2365 978 2410; baseline 0.003 -12"><span class='ocrx_word' id='word_1_208' title='bbox 241 2371 273 2398; x_wconf 87' lang='lat' dir='ltr'>et</span> <span class='ocrx_word' id='word_1_209' title='bbox 298 2365 504 2408; x_wconf 81' lang='lat' dir='ltr'>singulorum</span> <span class='ocrx_word' id='word_1_210' title='bbox 531 2367 562 2399; x_wconf 88' lang='lat' dir='ltr'>in</span> <span class='ocrx_word' id='word_1_211' title='bbox 589 2367 778 2410; x_wconf 74' lang='lat' dir='ltr'>praemissis</span> <span class='ocrx_word' id='word_1_212' title='bbox 806 2373 868 2400; x_wconf 81' lang='lat' dir='ltr'>tam</span> <span class='ocrx_word' id='word_1_213' title='bbox 889 2379 906 2400; x_wconf 81' lang='lat' dir='ltr'>a</span> <span class='ocrx_word' id='word_1_214' title='bbox 924 2368 978 2400; x_wconf 84' lang='lat' dir='ltr'>Ca-</span> 
     </span>
     <span class='ocr_line' id='line_1_45' title="bbox 240 2418 980 2463; baseline 0.005 -13"><span class='ocrx_word' id='word_1_215' title='bbox 240 2418 310 2451; x_wconf 78' lang='lat' dir='ltr'>rolo</span> <span class='ocrx_word' id='word_1_216' title='bbox 336 2418 434 2451; x_wconf 79' lang='lat' dir='ltr'>Maria</span> <span class='ocrx_word' id='word_1_217' title='bbox 458 2420 613 2463; x_wconf 84' lang='lat' dir='ltr'>episeopo</span> <span class='ocrx_word' id='word_1_218' title='bbox 635 2447 641 2459; x_wconf 94' lang='lat'>,</span> <span class='ocrx_word' id='word_1_219' title='bbox 669 2431 764 2463; x_wconf 84' lang='lat' dir='ltr'>quam</span> <span class='ocrx_word' id='word_1_220' title='bbox 791 2432 808 2453; x_wconf 80' lang='lat' dir='ltr'>a</span> <span class='ocrx_word' id='word_1_221' title='bbox 840 2421 980 2454; x_wconf 69' lang='lat' dir='ltr'>Victoiio</span> 
     </span>
     <span class='ocr_line' id='line_1_46' title="bbox 241 2471 981 2514; baseline 0.003 -11"><span class='ocrx_word' id='word_1_222' title='bbox 241 2471 384 2504; x_wconf 71' lang='lat' dir='ltr'>Amedeo</span> <span class='ocrx_word' id='word_1_223' title='bbox 410 2471 490 2504; x_wconf 89' lang='lat' dir='ltr'>duee</span> <span class='ocrx_word' id='word_1_224' title='bbox 517 2478 549 2505; x_wconf 86' lang='lat' dir='ltr'>et</span> <span class='ocrx_word' id='word_1_225' title='bbox 573 2479 686 2506; x_wconf 77' lang='lat' dir='ltr'>senatu</span> <span class='ocrx_word' id='word_1_226' title='bbox 712 2473 868 2514; x_wconf 80' lang='lat' dir='ltr'>Niciensi,</span> <span class='ocrx_word' id='word_1_227' title='bbox 895 2474 981 2507; x_wconf 79' lang='lat' dir='ltr'>aliis-</span> 
     </span>
     <span class='ocr_line' id='line_1_47' title="bbox 242 2524 980 2571; baseline 0.007 -16"><span class='ocrx_word' id='word_1_228' title='bbox 242 2534 305 2568; x_wconf 89' lang='lat' dir='ltr'>que</span> <span class='ocrx_word' id='word_1_229' title='bbox 331 2524 535 2567; x_wconf 77' lang='lat' dir='ltr'>supradietis,</span> <span class='ocrx_word' id='word_1_230' title='bbox 562 2536 619 2568; x_wconf 86' lang='lat' dir='ltr'>per</span> <span class='ocrx_word' id='word_1_231' title='bbox 644 2537 676 2559; x_wconf 84' lang='lat' dir='ltr'>se</span> <span class='ocrx_word' id='word_1_232' title='bbox 702 2527 749 2559; x_wconf 90' lang='lat' dir='ltr'>vel</span> <span class='ocrx_word' id='word_1_233' title='bbox 781 2527 859 2560; x_wconf 84' lang='lat' dir='ltr'>alios</span> <span class='ocrx_word' id='word_1_234' title='bbox 887 2538 980 2571; x_wconf 86' lang='lat' dir='ltr'>quos-</span> 
     </span>
     <span class='ocr_line' id='line_1_48' title="bbox 241 2577 979 2623; baseline 0.004 -13"><span class='ocrx_word' id='word_1_235' title='bbox 241 2587 379 2621; x_wconf 86' lang='lat' dir='ltr'>cumque</span> <span class='ocrx_word' id='word_1_236' title='bbox 405 2577 653 2620; x_wconf 82' lang='lat' dir='ltr'>quomodolibet</span> <span class='ocrx_word' id='word_1_237' title='bbox 679 2584 826 2612; x_wconf 81' lang='lat' dir='ltr'>aetorum</span> <span class='ocrx_word' id='word_1_238' title='bbox 858 2586 887 2612; x_wconf 85' lang='lat' dir='ltr'>ct</span> <span class='ocrx_word' id='word_1_239' title='bbox 925 2591 979 2623; x_wconf 76' lang='lat' dir='ltr'>ge-</span> 
     </span>
     <span class='ocr_line' id='line_1_49' title="bbox 242 2630 978 2675; baseline 0 -10"><span class='ocrx_word' id='word_1_240' title='bbox 242 2636 365 2665; x_wconf 86' lang='lat' dir='ltr'>storum</span> <span class='ocrx_word' id='word_1_241' title='bbox 391 2630 532 2671; x_wconf 84' lang='lat' dir='ltr'>seriem,</span> <span class='ocrx_word' id='word_1_242' title='bbox 559 2641 671 2664; x_wconf 81' lang='lat' dir='ltr'>causas</span> <span class='ocrx_word' id='word_1_243' title='bbox 702 2637 731 2664; x_wconf 90' lang='lat' dir='ltr'>et</span> <span class='ocrx_word' id='word_1_244' title='bbox 765 2633 952 2666; x_wconf 74' lang='lat' dir='ltr'>occasiones</span> <span class='ocrx_word' id='word_1_245' title='bbox 971 2661 978 2675; x_wconf 86' lang='lat'>,</span> 
     </span>
    </p>
   </div>
   <div class='ocr_carea' id='block_1_8' title="bbox 1000 291 1006 2329">
    <p class='ocr_par' dir='ltr' id='par_1_9' title="bbox 1000 291 1006 2329">
     <span class='ocr_line' id='line_1_50' title="bbox 1000 291 1006 2329; baseline 0 0"><span class='ocrx_word' id='word_1_246' title='bbox 1000 291 1006 2329; x_wconf 95' lang='lat' dir='ltr'> </span> 
     </span>
    </p>
   </div>
   <div class='ocr_carea' id='block_1_9' title="bbox 1000 291 1006 2675">
    <p class='ocr_par' dir='ltr' id='par_1_10' title="bbox 1000 291 1006 2675">
     <span class='ocr_line' id='line_1_51' title="bbox 1000 291 1006 2675; baseline 0 0"><span class='ocrx_word' id='word_1_247' title='bbox 1000 291 1006 2675; x_wconf 95' lang='lat' dir='ltr'> </span> 
     </span>
    </p>
   </div>
   <div class='ocr_carea' id='block_1_10' title="bbox 1023 227 1765 542">
    <p class='ocr_par' dir='ltr' id='par_1_11' title="bbox 1670 227 1724 259">
     <span class='ocr_line' id='line_1_52' title="bbox 1670 227 1724 259; baseline -0.056 -2"><span class='ocrx_word' id='word_1_248' title='bbox 1670 227 1724 259; x_wconf 59' lang='grc' dir='ltr'>ΗΓ.</span> 
     </span>
    </p>

    <p class='ocr_par' dir='ltr' id='par_1_12' title="bbox 1023 284 1765 542">
     <span class='ocr_line' id='line_1_53' title="bbox 1023 284 1762 328; baseline 0 -11"><span class='ocrx_word' id='word_1_249' title='bbox 1023 285 1124 318; x_wconf 86' lang='lat' dir='ltr'>aliave</span> <span class='ocrx_word' id='word_1_250' title='bbox 1162 284 1349 328; x_wconf 82' lang='lat' dir='ltr'>quaelibet,</span> <span class='ocrx_word' id='word_1_251' title='bbox 1387 284 1482 317; x_wconf 80' lang='lat' dir='ltr'>etiam</span> <span class='ocrx_word' id='word_1_252' title='bbox 1521 284 1705 327; x_wconf 72' lang='lat' dir='ltr'>specificam</span> <span class='ocrx_word' id='word_1_253' title='bbox 1731 290 1762 317; x_wconf 88' lang='lat' dir='ltr'>et</span> 
     </span>
     <span class='ocr_line' id='line_1_54' title="bbox 1023 338 1760 382; baseline -0.001 -11"><span class='ocrx_word' id='word_1_254' title='bbox 1023 339 1222 372; x_wconf 89' lang='lat' dir='ltr'>individuam</span> <span class='ocrx_word' id='word_1_255' title='bbox 1250 339 1450 372; x_wconf 88' lang='lat' dir='ltr'>mentionem</span> <span class='ocrx_word' id='word_1_256' title='bbox 1469 344 1499 371; x_wconf 88' lang='lat' dir='ltr'>ct</span> <span class='ocrx_word' id='word_1_257' title='bbox 1518 338 1760 382; x_wconf 70' lang='lat' dir='ltr'>expressionem</span> 
     </span>
     <span class='ocr_line' id='line_1_55' title="bbox 1024 392 1763 436; baseline -0.001 -12"><span class='ocrx_word' id='word_1_258' title='bbox 1024 393 1240 436; x_wconf 78' lang='lat' dir='ltr'>requirentia,</span> <span class='ocrx_word' id='word_1_259' title='bbox 1267 393 1494 436; x_wconf 82' lang='lat' dir='ltr'>praesentibus</span> <span class='ocrx_word' id='word_1_260' title='bbox 1521 403 1578 435; x_wconf 87' lang='lat' dir='ltr'>pro</span> <span class='ocrx_word' id='word_1_261' title='bbox 1604 393 1700 436; x_wconf 83' lang='lat' dir='ltr'>plene</span> <span class='ocrx_word' id='word_1_262' title='bbox 1726 392 1763 424; x_wconf 86' lang='lat' dir='ltr'>it-</span> 
     </span>
     <span class='ocr_line' id='line_1_56' title="bbox 1023 446 1763 489; baseline -0.001 -11"><span class='ocrx_word' id='word_1_263' title='bbox 1023 446 1108 479; x_wconf 86' lang='lat' dir='ltr'>idem</span> <span class='ocrx_word' id='word_1_264' title='bbox 1146 452 1176 479; x_wconf 87' lang='lat' dir='ltr'>et</span> <span class='ocrx_word' id='word_1_265' title='bbox 1201 446 1399 479; x_wconf 81' lang='lat' dir='ltr'>sufficienter</span> <span class='ocrx_word' id='word_1_266' title='bbox 1431 446 1591 489; x_wconf 78' lang='lat' dir='ltr'>expressis</span> <span class='ocrx_word' id='word_1_267' title='bbox 1623 458 1657 478; x_wconf 82' lang='lat' dir='ltr'>ac</span> <span class='ocrx_word' id='word_1_268' title='bbox 1693 456 1763 477; x_wconf 63' lang='lat' dir='ltr'>exa-</span> 
     </span>
     <span class='ocr_line' id='line_1_57' title="bbox 1024 498 1765 542; baseline -0.001 -11"><span class='ocrx_word' id='word_1_269' title='bbox 1024 499 1166 532; x_wconf 72' lang='lat' dir='ltr'>ctissime</span> <span class='ocrx_word' id='word_1_270' title='bbox 1194 506 1225 533; x_wconf 87' lang='lat' dir='ltr'>et</span> <span class='ocrx_word' id='word_1_271' title='bbox 1245 500 1484 532; x_wconf 71' lang='lat' dir='ltr'>accuratissime</span> <span class='ocrx_word' id='word_1_272' title='bbox 1502 498 1695 542; x_wconf 76' lang='lat' dir='ltr'>specilicatis</span> <span class='ocrx_word' id='word_1_273' title='bbox 1713 499 1765 531; x_wconf 81' lang='lat' dir='ltr'>lia-</span> 
     </span>
    </p>
   </div>
   <div class='ocr_carea' id='block_1_11' title="bbox 1018 237 1120 259">
    <p class='ocr_par' dir='ltr' id='par_1_13' title="bbox 1018 237 1120 259">
     <span class='ocr_line' id='line_1_58' title="bbox 1018 237 1120 259; baseline 0.01 -1"><span class='ocrx_word' id='word_1_274' title='bbox 1018 237 1047 258; x_wconf 56' lang='lat' dir='ltr'>xl</span> <span class='ocrx_word' id='word_1_275' title='bbox 1075 238 1120 259; x_wconf 71' lang='lat' dir='ltr'>l‘l&#39;.</span> 
     </span>
    </p>
   </div>
   <div class='ocr_carea' id='block_1_12' title="bbox 1024 551 1766 644">
    <p class='ocr_par' dir='ltr' id='par_1_14' title="bbox 1024 551 1766 644">
     <span class='ocr_line' id='line_1_59' title="bbox 1024 551 1766 595; baseline -0.003 -10"><span class='ocrx_word' id='word_1_276' title='bbox 1024 553 1150 592; x_wconf 50' lang='lat' dir='ltr'>benus</span> <span class='ocrx_word' id='word_1_277' title='bbox 1177 558 1264 585; x_wconf 89' lang='lat' dir='ltr'>motu</span> <span class='ocrx_word' id='word_1_278' title='bbox 1284 553 1429 595; x_wconf 75' lang='lat' dir='ltr'>proprio,</span> <span class='ocrx_word' id='word_1_279' title='bbox 1449 564 1483 585; x_wconf 78' lang='lat' dir='ltr'>ae</span> <span class='ocrx_word' id='word_1_280' title='bbox 1503 564 1537 584; x_wconf 77' lang='lat' dir='ltr'>ex</span> <span class='ocrx_word' id='word_1_281' title='bbox 1558 554 1644 583; x_wconf 77' lang='lat' dir='ltr'>certa</span> <span class='ocrx_word' id='word_1_282' title='bbox 1663 551 1766 584; x_wconf 64' lang='lat' dir='ltr'>scienu</span> 
     </span>
     <span class='ocr_line' id='line_1_60' title="bbox 1025 605 1765 644; baseline 0 -7"><span class='ocrx_word' id='word_1_283' title='bbox 1025 606 1067 638; x_wconf 76' lang='lat' dir='ltr'>tia</span> <span class='ocrx_word' id='word_1_284' title='bbox 1093 612 1121 637; x_wconf 84' lang='lat' dir='ltr'>et</span> <span class='ocrx_word' id='word_1_285' title='bbox 1148 608 1270 638; x_wconf 74' lang='lat' dir='ltr'>matura</span> <span class='ocrx_word' id='word_1_286' title='bbox 1298 606 1538 639; x_wconf 71' lang='lat' dir='ltr'>deliberatione</span> <span class='ocrx_word' id='word_1_287' title='bbox 1558 605 1690 644; x_wconf 81' lang='lat' dir='ltr'>nostris,</span> <span class='ocrx_word' id='word_1_288' title='bbox 1711 605 1765 637; x_wconf 80' lang='lat' dir='ltr'>de-</span> 
     </span>
    </p>
   </div>
   <div class='ocr_carea' id='block_1_13' title="bbox 239 659 1765 808">
    <p class='ocr_par' dir='ltr' id='par_1_15' title="bbox 239 659 1765 808">
     <span class='ocr_line' id='line_1_61' title="bbox 1025 659 1763 702; baseline 0.001 -13"><span class='ocrx_word' id='word_1_289' title='bbox 1025 672 1086 702; x_wconf 59' lang='lat' dir='ltr'>que</span> <span class='ocrx_word' id='word_1_290' title='bbox 1114 660 1315 702; x_wconf 84' lang='lat' dir='ltr'>apostolicae</span> <span class='ocrx_word' id='word_1_291' title='bbox 1350 659 1519 702; x_wconf 78' lang='lat' dir='ltr'>potestatis</span> <span class='ocrx_word' id='word_1_292' title='bbox 1545 659 1763 702; x_wconf 81' lang='lat' dir='ltr'>plenitudine,</span> 
     </span>
     <span class='ocr_line' id='line_1_62' title="bbox 1000 704 1765 761; baseline -0.001 -16"><span class='ocrx_word' id='word_1_293' title='bbox 1000 704 1002 761; x_wconf 25' lang='grc' dir='ltr'>ζ</span> <span class='ocrx_word' id='word_1_294' title='bbox 1025 713 1268 756; x_wconf 81' lang='lat' dir='ltr'>deputationem</span> <span class='ocrx_word' id='word_1_295' title='bbox 1295 712 1451 755; x_wconf 72' lang='lat' dir='ltr'>praedicti</span> <span class='ocrx_word' id='word_1_296' title='bbox 1479 712 1633 744; x_wconf 83' lang='lat' dir='ltr'>dominici</span> <span class='ocrx_word' id='word_1_297' title='bbox 1659 712 1765 744; x_wconf 84' lang='lat' dir='ltr'>Caroli</span> 
     </span>
     <span class='ocr_line' id='line_1_63' title="bbox 239 764 1002 808; baseline -0.004 -10"><span class='ocrx_word' id='word_1_298' title='bbox 239 764 514 808; x_wconf 60' lang='lat' dir='ltr'>gnificat-eramus,</span> <span class='ocrx_word' id='word_1_299' title='bbox 542 765 622 797; x_wconf 82' lang='lat' dir='ltr'>sacta</span> <span class='ocrx_word' id='word_1_300' title='bbox 650 765 754 805; x_wconf 84' lang='lat' dir='ltr'>suerit,</span> <span class='ocrx_word' id='word_1_301' title='bbox 782 775 817 797; x_wconf 86' lang='lat' dir='ltr'>ac</span> <span class='ocrx_word' id='word_1_302' title='bbox 835 775 891 807; x_wconf 88' lang='lat' dir='ltr'>per</span> <span class='ocrx_word' id='word_1_303' title='bbox 910 775 977 797; x_wconf 89' lang='lat' dir='ltr'>eam</span> <span class='ocrx_word' id='word_1_304' title='bbox 1000 764 1002 771; x_wconf 81' lang='lat'><em>&#39;</em></span> 
     </span>
    </p>
   </div>
   <div class='ocr_carea' id='block_1_14' title="bbox 1024 765 1770 2667">
    <p class='ocr_par' dir='ltr' id='par_1_16' title="bbox 1024 765 1770 2667">
     <span class='ocr_line' id='line_1_64' title="bbox 1025 765 1766 799; baseline 0 -1"><span class='ocrx_word' id='word_1_305' title='bbox 1025 766 1064 798; x_wconf 88' lang='lat' dir='ltr'>de</span> <span class='ocrx_word' id='word_1_306' title='bbox 1090 765 1237 799; x_wconf 78' lang='lat' dir='ltr'>Robiolis</span> <span class='ocrx_word' id='word_1_307' title='bbox 1263 765 1292 798; x_wconf 88' lang='lat' dir='ltr'>in</span> <span class='ocrx_word' id='word_1_308' title='bbox 1321 765 1473 797; x_wconf 81' lang='lat' dir='ltr'>vicarium</span> <span class='ocrx_word' id='word_1_309' title='bbox 1506 777 1578 797; x_wconf 80' lang='lat' dir='ltr'>eum</span> <span class='ocrx_word' id='word_1_310' title='bbox 1615 765 1766 798; x_wconf 69' lang='lat' dir='ltr'>facultate</span> 
     </span>
     <span class='ocr_line' id='line_1_65' title="bbox 1025 818 1767 862; baseline 0.004 -14"><span class='ocrx_word' id='word_1_311' title='bbox 1025 820 1234 862; x_wconf 62' lang='lat' dir='ltr'>praeputiata</span> <span class='ocrx_word' id='word_1_312' title='bbox 1260 829 1276 850; x_wconf 84' lang='lat' dir='ltr'>a</span> <span class='ocrx_word' id='word_1_313' title='bbox 1308 824 1483 851; x_wconf 88' lang='lat' dir='ltr'>memorato</span> <span class='ocrx_word' id='word_1_314' title='bbox 1518 818 1634 852; x_wconf 83' lang='lat' dir='ltr'>Carolo</span> <span class='ocrx_word' id='word_1_315' title='bbox 1668 818 1767 851; x_wconf 77' lang='lat' dir='ltr'>Maria</span> 
     </span>
     <span class='ocr_line' id='line_1_66' title="bbox 1025 871 1767 916; baseline 0 -11"><span class='ocrx_word' id='word_1_316' title='bbox 1025 873 1178 916; x_wconf 81' lang='lat' dir='ltr'>episeopo</span> <span class='ocrx_word' id='word_1_317' title='bbox 1206 872 1335 912; x_wconf 84' lang='lat' dir='ltr'>saetam,</span> <span class='ocrx_word' id='word_1_318' title='bbox 1350 883 1385 904; x_wconf 86' lang='lat' dir='ltr'>ac</span> <span class='ocrx_word' id='word_1_319' title='bbox 1401 872 1566 916; x_wconf 78' lang='lat' dir='ltr'>supplices</span> <span class='ocrx_word' id='word_1_320' title='bbox 1585 871 1714 905; x_wconf 82' lang='lat' dir='ltr'>libellos</span> <span class='ocrx_word' id='word_1_321' title='bbox 1732 882 1767 905; x_wconf 84' lang='lat' dir='ltr'>ac</span> 
     </span>
     <span class='ocr_line' id='line_1_67' title="bbox 1025 925 1768 969; baseline 0 -11"><span class='ocrx_word' id='word_1_322' title='bbox 1025 937 1176 959; x_wconf 79' lang='lat' dir='ltr'>recursus</span> <span class='ocrx_word' id='word_1_323' title='bbox 1204 937 1261 969; x_wconf 84' lang='lat' dir='ltr'>pet·</span> <span class='ocrx_word' id='word_1_324' title='bbox 1288 936 1360 959; x_wconf 86' lang='lat' dir='ltr'>eum</span> <span class='ocrx_word' id='word_1_325' title='bbox 1386 925 1424 959; x_wconf 85' lang='lat' dir='ltr'>ad</span> <span class='ocrx_word' id='word_1_326' title='bbox 1451 925 1597 959; x_wconf 81' lang='lat' dir='ltr'>laicalem</span> <span class='ocrx_word' id='word_1_327' title='bbox 1623 931 1768 969; x_wconf 84' lang='lat' dir='ltr'>potesta-</span> 
     </span>
     <span class='ocr_line' id='line_1_68' title="bbox 1027 979 1764 1022; baseline -0.001 -10"><span class='ocrx_word' id='word_1_328' title='bbox 1027 985 1089 1012; x_wconf 90' lang='lat' dir='ltr'>tem</span> <span class='ocrx_word' id='word_1_329' title='bbox 1118 979 1273 1019; x_wconf 84' lang='lat' dir='ltr'>habitos,</span> <span class='ocrx_word' id='word_1_330' title='bbox 1299 990 1425 1012; x_wconf 87' lang='lat' dir='ltr'>necnon</span> <span class='ocrx_word' id='word_1_331' title='bbox 1452 979 1632 1022; x_wconf 84' lang='lat' dir='ltr'>rescripta,</span> <span class='ocrx_word' id='word_1_332' title='bbox 1670 990 1764 1012; x_wconf 90' lang='lat' dir='ltr'>man-</span> 
     </span>
     <span class='ocr_line' id='line_1_69' title="bbox 1026 1031 1769 1075; baseline -0.001 -9"><span class='ocrx_word' id='word_1_333' title='bbox 1026 1033 1100 1066; x_wconf 80' lang='lat' dir='ltr'>data</span> <span class='ocrx_word' id='word_1_334' title='bbox 1124 1043 1180 1065; x_wconf 91' lang='lat' dir='ltr'>seu</span> <span class='ocrx_word' id='word_1_335' title='bbox 1215 1032 1346 1065; x_wconf 83' lang='lat' dir='ltr'>decreta</span> <span class='ocrx_word' id='word_1_336' title='bbox 1379 1032 1519 1075; x_wconf 89' lang='lat' dir='ltr'>desuper</span> <span class='ocrx_word' id='word_1_337' title='bbox 1544 1044 1561 1064; x_wconf 90' lang='lat' dir='ltr'>a</span> <span class='ocrx_word' id='word_1_338' title='bbox 1586 1031 1689 1065; x_wconf 79' lang='lat' dir='ltr'>laicali</span> <span class='ocrx_word' id='word_1_339' title='bbox 1713 1043 1769 1075; x_wconf 88' lang='lat' dir='ltr'>po-</span> 
     </span>
     <span class='ocr_line' id='line_1_70' title="bbox 1027 1085 1767 1128; baseline -0.001 -10"><span class='ocrx_word' id='word_1_340' title='bbox 1027 1091 1140 1119; x_wconf 86' lang='lat' dir='ltr'>testate</span> <span class='ocrx_word' id='word_1_341' title='bbox 1168 1085 1352 1118; x_wconf 82' lang='lat' dir='ltr'>liuiusmodi</span> <span class='ocrx_word' id='word_1_342' title='bbox 1379 1085 1489 1125; x_wconf 88' lang='lat' dir='ltr'>edita,</span> <span class='ocrx_word' id='word_1_343' title='bbox 1516 1091 1550 1117; x_wconf 87' lang='lat' dir='ltr'>ut</span> <span class='ocrx_word' id='word_1_344' title='bbox 1574 1086 1767 1128; x_wconf 76' lang='lat' dir='ltr'>praefertur,</span> 
     </span>
     <span class='ocr_line' id='line_1_71' title="bbox 1026 1139 1767 1182; baseline 0.001 -11"><span class='ocrx_word' id='word_1_345' title='bbox 1026 1139 1153 1182; x_wconf 87' lang='lat' dir='ltr'>aliaque</span> <span class='ocrx_word' id='word_1_346' title='bbox 1180 1139 1289 1172; x_wconf 82' lang='lat' dir='ltr'>omnia</span> <span class='ocrx_word' id='word_1_347' title='bbox 1314 1144 1342 1172; x_wconf 91' lang='lat' dir='ltr'>et</span> <span class='ocrx_word' id='word_1_348' title='bbox 1370 1139 1497 1181; x_wconf 71' lang='lat' dir='ltr'>singula</span> <span class='ocrx_word' id='word_1_349' title='bbox 1525 1144 1587 1171; x_wconf 90' lang='lat' dir='ltr'>tam</span> <span class='ocrx_word' id='word_1_350' title='bbox 1613 1150 1628 1172; x_wconf 86' lang='lat' dir='ltr'>a</span> <span class='ocrx_word' id='word_1_351' title='bbox 1654 1139 1767 1172; x_wconf 80' lang='lat' dir='ltr'>Carolo</span> 
     </span>
     <span class='ocr_line' id='line_1_72' title="bbox 1025 1192 1768 1236; baseline 0 -11"><span class='ocrx_word' id='word_1_352' title='bbox 1025 1193 1123 1226; x_wconf 83' lang='lat' dir='ltr'>Maria</span> <span class='ocrx_word' id='word_1_353' title='bbox 1164 1193 1317 1236; x_wconf 83' lang='lat' dir='ltr'>episeopo</span> <span class='ocrx_word' id='word_1_354' title='bbox 1356 1198 1387 1224; x_wconf 86' lang='lat' dir='ltr'>et</span> <span class='ocrx_word' id='word_1_355' title='bbox 1420 1192 1586 1226; x_wconf 89' lang='lat' dir='ltr'>Dominieo</span> <span class='ocrx_word' id='word_1_356' title='bbox 1627 1193 1768 1234; x_wconf 55' lang='grc' dir='ltr'><strong>(λιι-010,</strong></span> 
     </span>
     <span class='ocr_line' id='line_1_73' title="bbox 1026 1246 1766 1290; baseline 0 -12"><span class='ocrx_word' id='word_1_357' title='bbox 1026 1257 1122 1290; x_wconf 87' lang='lat' dir='ltr'>quam</span> <span class='ocrx_word' id='word_1_358' title='bbox 1144 1258 1161 1279; x_wconf 86' lang='lat' dir='ltr'>a</span> <span class='ocrx_word' id='word_1_359' title='bbox 1178 1247 1316 1278; x_wconf 55' lang='lat' dir='ltr'>victorio</span> <span class='ocrx_word' id='word_1_360' title='bbox 1339 1246 1482 1278; x_wconf 60' lang='lat' dir='ltr'>At‘nedeo</span> <span class='ocrx_word' id='word_1_361' title='bbox 1504 1246 1585 1278; x_wconf 80' lang='lat' dir='ltr'>duee</span> <span class='ocrx_word' id='word_1_362' title='bbox 1608 1252 1639 1279; x_wconf 87' lang='lat' dir='ltr'>et</span> <span class='ocrx_word' id='word_1_363' title='bbox 1655 1252 1766 1279; x_wconf 84' lang='lat' dir='ltr'>senatu</span> 
     </span>
     <span class='ocr_line' id='line_1_74' title="bbox 1026 1299 1769 1343; baseline 0 -11"><span class='ocrx_word' id='word_1_364' title='bbox 1026 1300 1166 1332; x_wconf 75' lang='lat' dir='ltr'>Nieiensi</span> <span class='ocrx_word' id='word_1_365' title='bbox 1194 1299 1389 1342; x_wconf 80' lang='lat' dir='ltr'>praedictis,</span> <span class='ocrx_word' id='word_1_366' title='bbox 1422 1310 1476 1331; x_wconf 84' lang='lat' dir='ltr'>seu</span> <span class='ocrx_word' id='word_1_367' title='bbox 1512 1309 1624 1332; x_wconf 86' lang='lat' dir='ltr'>eorum</span> <span class='ocrx_word' id='word_1_368' title='bbox 1659 1310 1769 1343; x_wconf 78' lang='lat' dir='ltr'>respe-</span> 
     </span>
     <span class='ocr_line' id='line_1_75' title="bbox 1026 1353 1767 1393; baseline 0.001 -8"><span class='ocrx_word' id='word_1_369' title='bbox 1026 1354 1106 1386; x_wconf 71' lang='lat' dir='ltr'>ctive</span> <span class='ocrx_word' id='word_1_370' title='bbox 1144 1353 1259 1393; x_wconf 73' lang='lat' dir='ltr'>iussu,</span> <span class='ocrx_word' id='word_1_371' title='bbox 1297 1353 1449 1386; x_wconf 83' lang='lat' dir='ltr'>mandato</span> <span class='ocrx_word' id='word_1_372' title='bbox 1483 1354 1531 1385; x_wconf 81' lang='lat' dir='ltr'>vel</span> <span class='ocrx_word' id='word_1_373' title='bbox 1568 1353 1700 1386; x_wconf 84' lang='lat' dir='ltr'>nomine</span> <span class='ocrx_word' id='word_1_374' title='bbox 1728 1354 1767 1386; x_wconf 88' lang='lat' dir='ltr'>ab</span> 
     </span>
     <span class='ocr_line' id='line_1_76' title="bbox 1026 1406 1769 1451; baseline -0.001 -10"><span class='ocrx_word' id='word_1_375' title='bbox 1026 1408 1097 1441; x_wconf 87' lang='lat' dir='ltr'>aliis</span> <span class='ocrx_word' id='word_1_376' title='bbox 1123 1407 1409 1451; x_wconf 78' lang='lat' dir='ltr'>quilmsetniiqtie,</span> <span class='ocrx_word' id='word_1_377' title='bbox 1437 1406 1533 1439; x_wconf 87' lang='lat' dir='ltr'>etiam</span> <span class='ocrx_word' id='word_1_378' title='bbox 1561 1406 1710 1450; x_wconf 72' lang='lat' dir='ltr'>specifica</span> <span class='ocrx_word' id='word_1_379' title='bbox 1738 1413 1769 1440; x_wconf 86' lang='lat' dir='ltr'>et</span> 
     </span>
     <span class='ocr_line' id='line_1_77' title="bbox 1026 1461 1770 1504; baseline -0.001 -9"><span class='ocrx_word' id='word_1_380' title='bbox 1026 1462 1190 1495; x_wconf 76' lang='lat' dir='ltr'>individua</span> <span class='ocrx_word' id='word_1_381' title='bbox 1217 1461 1383 1494; x_wconf 86' lang='lat' dir='ltr'>mentione</span> <span class='ocrx_word' id='word_1_382' title='bbox 1411 1466 1440 1494; x_wconf 88' lang='lat' dir='ltr'>et</span> <span class='ocrx_word' id='word_1_383' title='bbox 1474 1461 1684 1504; x_wconf 59' lang='lat' dir='ltr'>expressione</span> <span class='ocrx_word' id='word_1_384' title='bbox 1723 1461 1770 1494; x_wconf 92' lang='lat' dir='ltr'>di-</span> 
     </span>
     <span class='ocr_line' id='line_1_78' title="bbox 1026 1514 1768 1559; baseline 0 -11"><span class='ocrx_word' id='word_1_385' title='bbox 1026 1515 1108 1558; x_wconf 73' lang='lat' dir='ltr'>gnis,</span> <span class='ocrx_word' id='word_1_386' title='bbox 1134 1516 1165 1548; x_wconf 90' lang='lat' dir='ltr'>in</span> <span class='ocrx_word' id='word_1_387' title='bbox 1193 1514 1381 1558; x_wconf 80' lang='lat' dir='ltr'>praemissis</span> <span class='ocrx_word' id='word_1_388' title='bbox 1408 1520 1438 1547; x_wconf 83' lang='lat' dir='ltr'>et</span> <span class='ocrx_word' id='word_1_389' title='bbox 1466 1515 1550 1548; x_wconf 75' lang='lat' dir='ltr'>circa</span> <span class='ocrx_word' id='word_1_390' title='bbox 1576 1525 1612 1547; x_wconf 85' lang='lat' dir='ltr'>ea</span> <span class='ocrx_word' id='word_1_391' title='bbox 1638 1526 1768 1559; x_wconf 84' lang='lat' dir='ltr'>quomo-</span> 
     </span>
     <span class='ocr_line' id='line_1_79' title="bbox 1026 1568 1770 1612; baseline -0.001 -10"><span class='ocrx_word' id='word_1_392' title='bbox 1026 1570 1208 1612; x_wconf 74' lang='lat' dir='ltr'>documque</span> <span class='ocrx_word' id='word_1_393' title='bbox 1235 1574 1264 1601; x_wconf 83' lang='lat' dir='ltr'>et</span> <span class='ocrx_word' id='word_1_394' title='bbox 1290 1568 1574 1612; x_wconf 74' lang='lat' dir='ltr'>‹pialitereunique</span> <span class='ocrx_word' id='word_1_395' title='bbox 1601 1575 1693 1606; x_wconf 77' lang='lat' dir='ltr'>acta,</span> <span class='ocrx_word' id='word_1_396' title='bbox 1727 1569 1770 1601; x_wconf 81' lang='lat' dir='ltr'>sa-</span> 
     </span>
     <span class='ocr_line' id='line_1_80' title="bbox 1025 1621 1769 1663; baseline -0.001 -8"><span class='ocrx_word' id='word_1_397' title='bbox 1025 1628 1073 1655; x_wconf 81' lang='lat' dir='ltr'>eta</span> <span class='ocrx_word' id='word_1_398' title='bbox 1091 1649 1098 1661; x_wconf 88' lang='lat'>‚</span> <span class='ocrx_word' id='word_1_399' title='bbox 1125 1628 1224 1663; x_wconf 65' lang='lat' dir='ltr'>gesta,</span> <span class='ocrx_word' id='word_1_400' title='bbox 1252 1621 1423 1661; x_wconf 83' lang='lat' dir='ltr'>mandata,</span> <span class='ocrx_word' id='word_1_401' title='bbox 1449 1621 1588 1659; x_wconf 72' lang='lat' dir='ltr'>decreta,</span> <span class='ocrx_word' id='word_1_402' title='bbox 1616 1622 1769 1655; x_wconf 83' lang='lat' dir='ltr'>ordinata</span> 
     </span>
     <span class='ocr_line' id='line_1_81' title="bbox 1026 1674 1768 1718; baseline 0 -11"><span class='ocrx_word' id='word_1_403' title='bbox 1026 1676 1072 1707; x_wconf 91' lang='lat' dir='ltr'>vel</span> <span class='ocrx_word' id='word_1_404' title='bbox 1099 1675 1310 1718; x_wconf 84' lang='lat' dir='ltr'>dispensata,</span> <span class='ocrx_word' id='word_1_405' title='bbox 1337 1686 1371 1706; x_wconf 65' lang='lat' dir='ltr'>an:</span> <span class='ocrx_word' id='word_1_406' title='bbox 1410 1675 1518 1707; x_wconf 84' lang='lat' dir='ltr'>t&#39;orsan</span> <span class='ocrx_word' id='word_1_407' title='bbox 1555 1674 1586 1706; x_wconf 87' lang='lat' dir='ltr'>in</span> <span class='ocrx_word' id='word_1_408' title='bbox 1625 1676 1768 1707; x_wconf 83' lang='lat' dir='ltr'>l&#39;uturnm</span> 
     </span>
     <span class='ocr_line' id='line_1_82' title="bbox 1027 1727 1766 1771; baseline 0.003 -12"><span class='ocrx_word' id='word_1_409' title='bbox 1027 1728 1132 1771; x_wconf 65' lang='lat' dir='ltr'>tquod</span> <span class='ocrx_word' id='word_1_410' title='bbox 1159 1727 1241 1759; x_wconf 81' lang='lat' dir='ltr'>Deus</span> <span class='ocrx_word' id='word_1_411' title='bbox 1267 1732 1413 1762; x_wconf 77' lang='lat' dir='ltr'>avertat)</span> <span class='ocrx_word' id='word_1_412' title='bbox 1440 1727 1577 1769; x_wconf 60' lang='lat' dir='ltr'>agenda,</span> <span class='ocrx_word' id='word_1_413' title='bbox 1605 1728 1766 1768; x_wconf 78' lang='lat' dir='ltr'>facienda,</span> 
     </span>
     <span class='ocr_line' id='line_1_83' title="bbox 1026 1781 1769 1823; baseline 0.005 -13"><span class='ocrx_word' id='word_1_414' title='bbox 1026 1781 1178 1823; x_wconf 62' lang='lat' dir='ltr'>geiwida,</span> <span class='ocrx_word' id='word_1_415' title='bbox 1206 1781 1410 1819; x_wconf 80' lang='lat' dir='ltr'>nmndanda,</span> <span class='ocrx_word' id='word_1_416' title='bbox 1437 1781 1644 1813; x_wconf 68' lang='lat' dir='ltr'>decernenda</span> <span class='ocrx_word' id='word_1_417' title='bbox 1671 1786 1700 1813; x_wconf 85' lang='lat' dir='ltr'>et</span> <span class='ocrx_word' id='word_1_418' title='bbox 1718 1791 1769 1814; x_wconf 90' lang='lat' dir='ltr'>or-</span> 
     </span>
     <span class='ocr_line' id='line_1_84' title="bbox 1026 1833 1768 1876; baseline 0.001 -10"><span class='ocrx_word' id='word_1_419' title='bbox 1026 1834 1177 1871; x_wconf 83' lang='lat' dir='ltr'>dinanda,</span> <span class='ocrx_word' id='word_1_420' title='bbox 1203 1844 1273 1865; x_wconf 86' lang='lat' dir='ltr'>cum</span> <span class='ocrx_word' id='word_1_421' title='bbox 1301 1834 1451 1865; x_wconf 77' lang='lat' dir='ltr'>omnibus</span> <span class='ocrx_word' id='word_1_422' title='bbox 1478 1838 1509 1866; x_wconf 86' lang='lat' dir='ltr'>et.</span> <span class='ocrx_word' id='word_1_423' title='bbox 1533 1833 1670 1876; x_wconf 78' lang='lat' dir='ltr'>singulis</span> <span class='ocrx_word' id='word_1_424' title='bbox 1692 1835 1768 1867; x_wconf 83' lang='lat' dir='ltr'>inde</span> 
     </span>
     <span class='ocr_line' id='line_1_85' title="bbox 1025 1887 1768 1931; baseline 0 -12"><span class='ocrx_word' id='word_1_425' title='bbox 1025 1887 1140 1931; x_wconf 52' lang='lat' dir='ltr'>qia-›vis</span> <span class='ocrx_word' id='word_1_426' title='bbox 1167 1887 1261 1919; x_wconf 89' lang='lat' dir='ltr'>modo</span> <span class='ocrx_word' id='word_1_427' title='bbox 1287 1887 1406 1919; x_wconf 75' lang='lat' dir='ltr'>secutis</span> <span class='ocrx_word' id='word_1_428' title='bbox 1436 1893 1467 1919; x_wconf 87' lang='lat' dir='ltr'>et</span> <span class='ocrx_word' id='word_1_429' title='bbox 1495 1887 1768 1930; x_wconf 81' lang='lat' dir='ltr'>quandocumque</span> 
     </span>
     <span class='ocr_line' id='line_1_86' title="bbox 1025 1941 1768 1984; baseline 0.003 -12"><span class='ocrx_word' id='word_1_430' title='bbox 1025 1941 1202 1980; x_wconf 77' lang='lat' dir='ltr'>secuturis,</span> <span class='ocrx_word' id='word_1_431' title='bbox 1226 1941 1355 1984; x_wconf 83' lang='lat' dir='ltr'>penitus</span> <span class='ocrx_word' id='word_1_432' title='bbox 1383 1946 1409 1973; x_wconf 86' lang='lat' dir='ltr'>et</span> <span class='ocrx_word' id='word_1_433' title='bbox 1439 1941 1573 1973; x_wconf 84' lang='lat' dir='ltr'>omniuo</span> <span class='ocrx_word' id='word_1_434' title='bbox 1601 1942 1701 1981; x_wconf 78' lang='lat' dir='ltr'>nulla,</span> <span class='ocrx_word' id='word_1_435' title='bbox 1720 1942 1768 1974; x_wconf 90' lang='lat' dir='ltr'>in-</span> 
     </span>
     <span class='ocr_line' id='line_1_87' title="bbox 1024 1994 1770 2038; baseline 0.003 -12"><span class='ocrx_word' id='word_1_436' title='bbox 1024 1994 1127 2027; x_wconf 84' lang='lat' dir='ltr'>valida</span> <span class='ocrx_word' id='word_1_437' title='bbox 1153 1999 1183 2026; x_wconf 84' lang='lat' dir='ltr'>et</span> <span class='ocrx_word' id='word_1_438' title='bbox 1208 1994 1336 2033; x_wconf 80' lang='lat' dir='ltr'>inania,</span> <span class='ocrx_word' id='word_1_439' title='bbox 1364 1994 1547 2038; x_wconf 87' lang='lat' dir='ltr'>nulliusque</span> <span class='ocrx_word' id='word_1_440' title='bbox 1574 1994 1702 2028; x_wconf 83' lang='lat' dir='ltr'>roboris</span> <span class='ocrx_word' id='word_1_441' title='bbox 1738 2001 1770 2028; x_wconf 91' lang='lat' dir='ltr'>et</span> 
     </span>
     <span class='ocr_line' id='line_1_88' title="bbox 1026 2047 1766 2088; baseline 0.003 -8"><span class='ocrx_word' id='word_1_442' title='bbox 1026 2048 1181 2080; x_wconf 85' lang='lat' dir='ltr'>momenti</span> <span class='ocrx_word' id='word_1_443' title='bbox 1207 2049 1255 2080; x_wconf 89' lang='lat' dir='ltr'>vel</span> <span class='ocrx_word' id='word_1_444' title='bbox 1282 2047 1443 2080; x_wconf 77' lang='lat' dir='ltr'>efficaciae</span> <span class='ocrx_word' id='word_1_445' title='bbox 1462 2058 1545 2088; x_wconf 87' lang='lat' dir='ltr'>esse,</span> <span class='ocrx_word' id='word_1_446' title='bbox 1564 2053 1595 2081; x_wconf 90' lang='lat' dir='ltr'>et</span> <span class='ocrx_word' id='word_1_447' title='bbox 1612 2049 1650 2081; x_wconf 80' lang='lat' dir='ltr'>ab</span> <span class='ocrx_word' id='word_1_448' title='bbox 1672 2048 1766 2083; x_wconf 91' lang='lat' dir='ltr'>initio</span> 
     </span>
     <span class='ocr_line' id='line_1_89' title="bbox 1026 2101 1769 2146; baseline 0.004 -13"><span class='ocrx_word' id='word_1_449' title='bbox 1026 2101 1143 2141; x_wconf 75' lang='lat' dir='ltr'>fuisse,</span> <span class='ocrx_word' id='word_1_450' title='bbox 1169 2112 1203 2133; x_wconf 86' lang='lat' dir='ltr'>ae</span> <span class='ocrx_word' id='word_1_451' title='bbox 1230 2106 1391 2144; x_wconf 85' lang='lat' dir='ltr'>perpetuo</span> <span class='ocrx_word' id='word_1_452' title='bbox 1419 2101 1506 2142; x_wconf 81' lang='lat' dir='ltr'>sore,</span> <span class='ocrx_word' id='word_1_453' title='bbox 1535 2106 1649 2135; x_wconf 90' lang='lat' dir='ltr'>tenore</span> <span class='ocrx_word' id='word_1_454' title='bbox 1674 2113 1769 2146; x_wconf 79' lang='lat' dir='ltr'>prae-</span> 
     </span>
     <span class='ocr_line' id='line_1_90' title="bbox 1025 2154 1768 2196; baseline 0.003 -9"><span class='ocrx_word' id='word_1_455' title='bbox 1025 2154 1165 2187; x_wconf 84' lang='lat' dir='ltr'>sentium</span> <span class='ocrx_word' id='word_1_456' title='bbox 1192 2154 1395 2187; x_wconf 82' lang='lat' dir='ltr'>declaramus</span> <span class='ocrx_word' id='word_1_457' title='bbox 1422 2160 1452 2188; x_wconf 79' lang='lat' dir='ltr'>et</span> <span class='ocrx_word' id='word_1_458' title='bbox 1478 2155 1703 2196; x_wconf 86' lang='lat' dir='ltr'>decernimus,</span> <span class='ocrx_word' id='word_1_459' title='bbox 1730 2156 1768 2189; x_wconf 92' lang='lat' dir='ltr'>il-</span> 
     </span>
     <span class='ocr_line' id='line_1_91' title="bbox 1026 2209 1767 2252; baseline 0.003 -11"><span class='ocrx_word' id='word_1_460' title='bbox 1026 2209 1120 2251; x_wconf 81' lang='lat' dir='ltr'>laque</span> <span class='ocrx_word' id='word_1_461' title='bbox 1146 2209 1334 2241; x_wconf 81' lang='lat' dir='ltr'>danmamus</span> <span class='ocrx_word' id='word_1_462' title='bbox 1354 2214 1385 2240; x_wconf 88' lang='lat' dir='ltr'>et</span> <span class='ocrx_word' id='word_1_463' title='bbox 1406 2209 1630 2252; x_wconf 77' lang='lat' dir='ltr'>reprobamus.</span> <span class='ocrx_word' id='word_1_464' title='bbox 1653 2211 1707 2250; x_wconf 79' lang='lat' dir='ltr'>Ae,</span> <span class='ocrx_word' id='word_1_465' title='bbox 1729 2210 1767 2243; x_wconf 85' lang='lat' dir='ltr'>ad</span> 
     </span>
     <span class='ocr_line' id='line_1_92' title="bbox 1026 2261 1768 2305; baseline 0.003 -11"><span class='ocrx_word' id='word_1_466' title='bbox 1026 2261 1180 2294; x_wconf 86' lang='lat' dir='ltr'>maiorem</span> <span class='ocrx_word' id='word_1_467' title='bbox 1218 2267 1249 2294; x_wconf 89' lang='lat' dir='ltr'>et</span> <span class='ocrx_word' id='word_1_468' title='bbox 1282 2261 1553 2295; x_wconf 79' lang='lat' dir='ltr'>abundantiorem</span> <span class='ocrx_word' id='word_1_469' title='bbox 1586 2264 1768 2305; x_wconf 81' lang='lat' dir='ltr'>cautelam,</span> 
     </span>
     <span class='ocr_line' id='line_1_93' title="bbox 1026 2315 1768 2357; baseline 0.001 -10"><span class='ocrx_word' id='word_1_470' title='bbox 1026 2320 1058 2347; x_wconf 84' lang='lat' dir='ltr'>et</span> <span class='ocrx_word' id='word_1_471' title='bbox 1083 2320 1242 2357; x_wconf 86' lang='lat' dir='ltr'>quatenus</span> <span class='ocrx_word' id='word_1_472' title='bbox 1268 2325 1349 2357; x_wconf 86' lang='lat' dir='ltr'>opus</span> <span class='ocrx_word' id='word_1_473' title='bbox 1375 2315 1424 2354; x_wconf 80' lang='lat' dir='ltr'>sit,</span> <span class='ocrx_word' id='word_1_474' title='bbox 1451 2315 1507 2348; x_wconf 81' lang='lat' dir='ltr'>illa</span> <span class='ocrx_word' id='word_1_475' title='bbox 1530 2316 1638 2348; x_wconf 85' lang='lat' dir='ltr'>omnia</span> <span class='ocrx_word' id='word_1_476' title='bbox 1656 2321 1687 2348; x_wconf 85' lang='lat' dir='ltr'>et</span> <span class='ocrx_word' id='word_1_477' title='bbox 1704 2316 1768 2348; x_wconf 84' lang='lat' dir='ltr'>sin-</span> 
     </span>
     <span class='ocr_line' id='line_1_94' title="bbox 1025 2368 1766 2411; baseline 0.004 -14"><span class='ocrx_word' id='word_1_478' title='bbox 1025 2368 1120 2410; x_wconf 76' lang='lat' dir='ltr'>gula,</span> <span class='ocrx_word' id='word_1_479' title='bbox 1145 2372 1312 2410; x_wconf 19' lang='lat' dir='ltr'>&#39;quatenus</span> <span class='ocrx_word' id='word_1_480' title='bbox 1339 2368 1378 2400; x_wconf 84' lang='lat' dir='ltr'>de</span> <span class='ocrx_word' id='word_1_481' title='bbox 1407 2369 1488 2400; x_wconf 76' lang='lat' dir='ltr'>tarto</span> <span class='ocrx_word' id='word_1_482' title='bbox 1516 2374 1766 2411; x_wconf 88' lang='lat' dir='ltr'>processerunt,</span> 
     </span>
     <span class='ocr_line' id='line_1_95' title="bbox 1026 2421 1766 2461; baseline 0.001 -8"><span class='ocrx_word' id='word_1_483' title='bbox 1026 2431 1216 2453; x_wconf 81' lang='lat' dir='ltr'>revocamus</span> <span class='ocrx_word' id='word_1_484' title='bbox 1233 2448 1240 2460; x_wconf 93' lang='lat'>‚</span> <span class='ocrx_word' id='word_1_485' title='bbox 1268 2431 1452 2461; x_wconf 79' lang='lat' dir='ltr'>cassamus,</span> <span class='ocrx_word' id='word_1_486' title='bbox 1479 2421 1642 2455; x_wconf 80' lang='lat' dir='ltr'>irritamus</span> <span class='ocrx_word' id='word_1_487' title='bbox 1668 2428 1698 2454; x_wconf 89' lang='lat' dir='ltr'>et</span> <span class='ocrx_word' id='word_1_488' title='bbox 1716 2433 1766 2454; x_wconf 89' lang='lat' dir='ltr'>an-</span> 
     </span>
     <span class='ocr_line' id='line_1_96' title="bbox 1025 2474 1764 2517; baseline 0.001 -11"><span class='ocrx_word' id='word_1_489' title='bbox 1025 2475 1211 2513; x_wconf 86' lang='lat' dir='ltr'>nullamus,</span> <span class='ocrx_word' id='word_1_490' title='bbox 1239 2474 1426 2517; x_wconf 84' lang='lat' dir='ltr'>viribusque</span> <span class='ocrx_word' id='word_1_491' title='bbox 1454 2481 1481 2507; x_wconf 87' lang='lat' dir='ltr'>et</span> <span class='ocrx_word' id='word_1_492' title='bbox 1510 2474 1649 2513; x_wconf 78' lang='lat' dir='ltr'>etl&#39;eetu,</span> <span class='ocrx_word' id='word_1_493' title='bbox 1685 2475 1764 2508; x_wconf 81' lang='lat' dir='ltr'>itaut</span> 
     </span>
     <span class='ocr_line' id='line_1_97' title="bbox 1024 2528 1768 2571; baseline 0 -11"><span class='ocrx_word' id='word_1_494' title='bbox 1024 2529 1147 2560; x_wconf 84' lang='lat' dir='ltr'>nullum</span> <span class='ocrx_word' id='word_1_495' title='bbox 1175 2538 1317 2570; x_wconf 82' lang='lat' dir='ltr'>unquam</span> <span class='ocrx_word' id='word_1_496' title='bbox 1343 2528 1579 2571; x_wconf 81' lang='lat' dir='ltr'>praeiudicium</span> <span class='ocrx_word' id='word_1_497' title='bbox 1601 2528 1696 2561; x_wconf 82' lang='lat' dir='ltr'>etiam</span> <span class='ocrx_word' id='word_1_498' title='bbox 1714 2528 1768 2560; x_wconf 87' lang='lat' dir='ltr'>mi-</span> 
     </span>
     <span class='ocr_line' id='line_1_98' title="bbox 1024 2581 1767 2620; baseline 0.001 -8"><span class='ocrx_word' id='word_1_499' title='bbox 1024 2581 1146 2613; x_wconf 88' lang='lat' dir='ltr'>nimum</span> <span class='ocrx_word' id='word_1_500' title='bbox 1185 2581 1352 2620; x_wconf 77' lang='lat' dir='ltr'>libertati,</span> <span class='ocrx_word' id='word_1_501' title='bbox 1385 2581 1599 2614; x_wconf 81' lang='lat' dir='ltr'>iurisdietioni</span> <span class='ocrx_word' id='word_1_502' title='bbox 1638 2586 1670 2613; x_wconf 82' lang='lat' dir='ltr'>et</span> <span class='ocrx_word' id='word_1_503' title='bbox 1709 2581 1767 2613; x_wconf 88' lang='lat' dir='ltr'>im-</span> 
     </span>
     <span class='ocr_line' id='line_1_99' title="bbox 1024 2633 1765 2667; baseline 0.001 -1"><span class='ocrx_word' id='word_1_504' title='bbox 1024 2633 1171 2666; x_wconf 78' lang='lat' dir='ltr'>munitati</span> <span class='ocrx_word' id='word_1_505' title='bbox 1191 2634 1428 2666; x_wconf 62' lang='lat' dir='ltr'>ecclesiastieae</span> <span class='ocrx_word' id='word_1_506' title='bbox 1448 2640 1498 2666; x_wconf 83' lang='lat' dir='ltr'>am</span> <span class='ocrx_word' id='word_1_507' title='bbox 1520 2634 1674 2667; x_wconf 63' lang='lat' dir='ltr'>ecelesiae</span> <span class='ocrx_word' id='word_1_508' title='bbox 1694 2633 1765 2667; x_wconf 63' lang='lat' dir='ltr'>tin-</span> 
     </span>
    </p>
   </div>
   <div class='ocr_carea' id='block_1_15' title="bbox 1774 236 1949 262">
    <p class='ocr_par' dir='ltr' id='par_1_17' title="bbox 1774 236 1949 262">
     <span class='ocr_line' id='line_1_100' title="bbox 1774 236 1949 262; baseline 0 -2"><span class='ocrx_word' id='word_1_509' title='bbox 1774 239 1808 260; x_wconf 68' lang='grc' dir='ltr'>Ᾱιι</span> <span class='ocrx_word' id='word_1_510' title='bbox 1843 236 1949 262; x_wconf 68' lang='grc' dir='ltr'>4Ῑ.1Ἶ11</span> 
     </span>
    </p>
   </div>
  </div>
 </body>
</html>
