2269 3203
107 197 157 228 An.
179 198 206 226 C.
227 198 295 228 1708

946 201 1086 227 cmfflxs
1113 202 1144 225 λἹ
1170 202 1218 228 ΡΡ.

304 259 361 284 seu
386 250 465 284 alias
492 249 626 294 speciali
646 253 676 284 et
692 248 857 287 individua
879 249 1046 283 mentione

303 303 405 346 digni,
430 303 496 336 illis
516 313 580 337 non
602 302 841 342 consenserint,
862 312 923 335 nec
948 302 986 334 ad
1009 313 1046 334 ea

304 356 416 395 vocati,
455 355 543 388 citati
581 360 611 389 ct
649 355 762 395 auditi,
791 365 897 398 neque
918 365 1043 395 causae,

303 414 437 453 propter
458 419 536 453 quas
554 408 686 442 caedem
704 413 893 452 praesentes
918 408 1044 441 litterae

302 462 495 502 emanarint,
523 461 691 502 adductae,
718 460 924 504 specificatae
952 466 979 494 et
1003 461 1046 493 iu-

301 514 457 548 stilicatae
478 514 610 554 sinerint,
628 519 682 546 aut
701 525 736 546 ex
757 514 818 547 alia
840 525 1043 557 quacumque

301 567 505 611 quantumvis
543 567 640 607 iusta,
678 567 823 610 legitima
857 573 886 600 et
912 567 1044 611 privile-

300 621 382 663 giata
403 623 509 661 causa,
533 623 652 661 colore,
672 627 842 665 praetextu
869 627 899 655 et
924 622 1040 665 capite,

300 674 397 707 ctiam
434 675 466 707 in
503 685 641 719 corpore
678 674 759 707 iuris
796 676 916 715 clauso,
946 675 1041 708 etiam

300 728 455 767 enormis,
480 728 728 761 cnorinissimae
749 733 780 760 et
798 728 906 761 totalis
926 728 1042 761 laesio-

298 779 358 820 nis,
387 781 478 814 nullo
504 791 648 824 unquam
671 786 817 824 tempore
856 781 895 814 de
932 781 1042 813 subre-

298 833 420 876 ptionis
446 834 496 867 vel
522 833 726 877 obreptionis
745 838 798 866 aut
815 833 973 867 nullitatis
998 833 1042 866 vi—

297 885 353 926 tio,
367 897 425 919 seu
442 886 634 920 intentionis
652 893 793 928 nostrae,
810 893 863 920 ant
881 887 1041 920 interesse

297 939 487 973 habentium
528 942 730 978 consensus,
758 941 860 974 aliove
894 940 1041 984 quolibet

298 993 394 1027 etiam
411 994 628 1038 quamtumvis
646 1005 765 1037 magno
784 1000 814 1028 et
836 994 1039 1027 substantiali

298 1045 428 1079 defectu
454 1047 573 1087 notari,
598 1047 794 1091 impugnari,
823 1046 964 1089 infringi,
992 1058 1063 1097 rem

298 1099 437 1141 tractari,
459 1100 498 1133 ad
516 1099 597 1133 viam
626 1111 681 1133 seu
709 1100 861 1134 terminos
887 1099 966 1132 iuris
991 1110 1039 1133 re-

297 1152 380 1192 duci,
408 1161 463 1185 aut
487 1152 520 1186 in
546 1154 801 1187 controversiam
835 1153 950 1193 vocari,
984 1163 1038 1186 seu

295 1205 448 1238 adversus
473 1206 546 1238 illas
572 1206 765 1249 aperitionis
803 1206 879 1247 oris,
911 1206 1039 1239 restitu-

297 1259 394 1292 tionis
412 1259 444 1293 in
466 1260 640 1303 integrum,
658 1261 786 1294 aliudve
808 1260 1037 1304 quodcumque

294 1315 384 1356 iuris,
408 1316 481 1348 sacti
507 1317 555 1349 vel
583 1316 703 1358 gratiae
731 1317 909 1349 remedium
935 1317 1038 1350 inten-

295 1370 361 1402 tari.
380 1370 429 1403 vel
460 1369 646 1413 impetrari,
673 1376 727 1402 aut
752 1371 949 1414 impetrato,
981 1382 1036 1404 seu

294 1422 390 1456 etiam
411 1428 512 1463 motu,
537 1423 673 1456 scientia
691 1429 723 1457 et
747 1424 917 1467 potcstatis
933 1424 1037 1468 pleni—

294 1529 477 1574 quempiam
502 1530 535 1563 in
560 1530 679 1564 iudicio
706 1532 754 1564 rel
781 1536 869 1564 extra
888 1531 968 1565 illud
989 1533 1034 1565 uti

292 1594 407 1627 posse,
435 1583 491 1616 scd
517 1584 603 1627 ipsas
635 1592 825 1628 praesentes
858 1584 981 1618 litteras
1006 1592 1058 1619 ott

292 1638 325 1670 in
355 1637 400 1671 eis
433 1642 587 1670 contenta
612 1638 799 1672 huiusmodi
825 1650 958 1683 semper
982 1640 1035 1672 sn·-
1056 1664 1057 1672 i

291 1701 354 1731 ma,
378 1690 486 1724 valida
511 1694 542 1723 et
567 1690 709 1724 efficacia
735 1692 875 1724 existere
896 1698 929 1725 ct
954 1692 1034 1733 sore,

292 1753 435 1787 suosque
460 1743 628 1786 plenarios
667 1749 695 1776 et
730 1744 878 1787 integros
903 1745 1034 1779 effectus

291 1796 400 1830 sortiri
438 1802 469 1829 et
501 1796 662 1837 obtinere,
700 1808 735 1830 ac
767 1797 843 1837 illis,
880 1798 918 1831 ad
955 1809 1035 1842 quos

289 1855 415 1895 spectat
441 1856 472 1884 ct
496 1862 557 1894 pro
586 1856 731 1894 tempore
763 1853 1034 1897 quandocumque

290 1905 461 1949 spectabit,
483 1905 514 1938 in
541 1905 691 1938 omnibus
715 1910 742 1938 et
770 1917 828 1949 per
845 1907 951 1939 omnia
970 1908 1035 1950 ple-

289 1958 422 1992 nissime
448 1958 629 2002 suffragari,
646 1964 677 1992 ct
698 1960 736 1991 ab
762 1959 825 1992 illis
850 1960 1034 2003 respective
1055 2000 1056 2006 ἵ

1055 2011 1057 2023 ⁴
1079 2022 1142 2054 qua
1159 2011 1220 2044 alia
1237 2012 1395 2054 exquisita
1410 2012 1514 2045 forma
1531 2012 1570 2045 ad
1586 2012 1649 2046 hoc
1664 2014 1822 2048 servanda

289 2011 526 2046 iuviolabiliter
562 2017 592 2045 et
629 2013 823 2045 inconcusse
853 2014 1031 2053 observari,

288 2065 401 2110 sicque
430 2071 461 2099 et
486 2076 552 2099 non
578 2066 675 2099 aliter
699 2067 731 2098 in
757 2066 943 2109 praemissis
975 2079 1035 2111 per

289 2129 512 2163 quoscumque
538 2119 662 2152 iudices
681 2119 865 2153 ordinarios
891 2126 923 2153 et
948 2121 1035 2154 dele-

288 2177 392 2215 gatos,
415 2171 510 2205 etiam
535 2182 707 2205 causarum
731 2173 843 2216 palatii
860 2174 1034 2216 apostolici

287 2225 469 2265 auditores,
496 2235 533 2258 ac
556 2225 588 2258 S.
609 2225 646 2258 R.
666 2226 699 2258 E.
721 2227 908 2269 praedictae
930 2228 1033 2260 carili-

287 2279 378 2311 nales
414 2283 445 2311 et
484 2277 565 2311 alios
606 2278 788 2322 quoslibet,
830 2290 1031 2325 quacumque

286 2329 547 2374 praeeminentia
573 2337 604 2364 et
624 2337 784 2375 potestate
804 2333 975 2376 fungentes
1001 2340 1032 2368 et

287 2383 463 2424 suncturos,
485 2384 612 2417 sublata
637 2385 682 2418 eis
710 2391 871 2419 eteorum
898 2387 1032 2421 cuilibet

288 2436 400 2479 quavis
421 2437 516 2470 aliter
539 2437 707 2471 iudicandi
733 2444 766 2472 et
790 2439 1030 2483 interpretandi

287 2490 440 2522 facultate
465 2495 497 2522 et
521 2491 723 2532 auctoritate,
749 2492 889 2526 iudicari
920 2499 951 2527 et
976 2495 1032 2528 de-

286 2541 374 2576 finiri
387 2541 524 2583 debere;
539 2553 575 2576 ac
587 2543 713 2578 irritum
730 2551 762 2578 et
776 2546 874 2580 inane
891 2547 918 2580 si
935 2558 1030 2581 secus

285 2605 388 2639 super
410 2595 463 2627 his
481 2605 499 2628 a
519 2605 691 2640 quoquam,
718 2600 833 2642 quavis
854 2602 1030 2635 auctorita-

379 2657 461 2687 Butt.
481 2657 566 2687 Rom.
584 2673 617 2679 —
635 2659 696 2688 Vol.
719 2660 794 2691 XXI.
939 2662 974 2690 43

1735 193 1799 229 ’337

1093 254 1133 289 te,
1156 249 1297 283 scienter
1314 251 1362 284 vel
1386 250 1586 294 ignoranter,
1601 250 1772 293 contigerit
1791 256 1836 283 at-

1093 303 1221 335 tentari.

1135 355 1149 395 ,S
1175 355 1204 387 si.
1231 355 1298 388 Non
1332 356 1537 389 obstantibus
1562 358 1760 400 praemissis,
1789 370 1834 397 ac,

1091 414 1249 452 (pullenus
1268 420 1348 453 opus
1366 409 1418 449 sit,
1437 412 1547 442 nostra
1566 416 1595 442 et
1614 404 1849 444 Cancellariac'

1090 463 1290 506 apostolieae
1316 464 1431 506 regula
1457 464 1495 496 sle
1514 464 1584 497 inre
1603 464 1750 507 quaesito
1769 476 1833 497 non

1091 516 1247 553 tollendo,
1267 522 1298 549 ct
1315 517 1346 549 in
1373 516 1520 549 conciliis
1546 517 1643 549 etiam
1670 517 1835 551 universa-

1089 568 1172 601 libus
1199 569 1302 608 oditis,
1319 569 1526 612 generalibus
1553 570 1601 602 vel
1628 570 1833 613 specialibus,

1088 622 1378 655 constitutionibus
1405 628 1434 656 et
1465 623 1744 663 ordinationilms‚
1774 635 1833 658 nec

1087 686 1151 708 non
1191 675 1387 718 paroehialis
1429 677 1587 710 ecelesiae
1624 677 1832 720 praedictae,

1087 728 1225 772 aliisque
1252 728 1432 772 quibusvis,
1460 729 1518 762 sub
1545 729 1830 774 quibuscumque',

1087 781 1183 814 etiam
1210 781 1407 822 iuramento,
1433 781 1682 816 confirmatione
1704 788 1833 826 aposto-

1086 834 1160 874 lica,
1184 835 1233 867 vel
1255 834 1367 878 quavis
1393 834 1548 868 firmitate
1566 835 1630 868 alia
1656 835 1832 877 roboratis,

1085 887 1211 920 statutis
1230 893 1261 921 et
1277 888 1571 921 consuetudinibus
1601 888 1698 921 etiam
1719 888 1832 922 imme-

1085 940 1308 981 morabilibus,
1328 940 1513 985 privilegiis
1533 952 1674 985 quoque,
1694 941 1830 975 indultis

1085 999 1117 1027 et
1142 994 1261 1027 litteris
1291 994 1480 1038 apostolicis
1507 995 1612 1028 eidem
1647 995 1829 1039 parochiali

1085 1047 1253 1087 ecelesiae,
1272 1048 1424 1092 dictoque
1443 1049 1530 1082 illius
1551 1049 1671 1082 rectori
1697 1059 1753 1082 seu
1775 1060 1830 1093 pa-

1084 1101 1199 1141 rocho,
1227 1101 1365 1145 aliisque
1404 1102 1579 1146 quibusvis,
1605 1102 1664 1135 sub
1697 1102 1830 1146 quibus-

1083 1164 1221 1198 cumque
1249 1155 1421 1188 verborum
1449 1155 1617 1189 tenoribus
1651 1161 1682 1188 et
1706 1155 1828 1196 soi-inis,

1083 1218 1118 1240 ae
1139 1218 1210 1240 cnm
1233 1208 1399 1251 quibusvis
1424 1209 1519 1242 etiam
1547 1209 1829 1252 derogatoriarum

1083 1261 1307 1303 derogatoriis,
1332 1263 1469 1306 aliisque
1496 1263 1741 1304 efficacioribus,
1764 1263 1829 1297 effi-

1058 1322 1060 1330 '
1082 1315 1257 1348 cac-issimis
1283 1323 1313 1349 ct
1337 1316 1479 1350 insolitis
1505 1318 1671 1358 clausulis,
1698 1318 1828 1351 irritan-

1083 1369 1235 1413 tibusque
1266 1376 1297 1403 et
1322 1370 1392 1403 aliis
1419 1371 1570 1411 decretis,
1598 1372 1696 1405 etiam
1722 1378 1823 1411 motu,

1077 1420 1215 1455 'seientia
1243 1428 1274 1456 et
1305 1424 1476 1467 potestatis
1502 1424 1707 1467 plenitudine
1733 1426 1826 1469 pari-

294 1476 406 1510 tudine
438 1476 573 1521 paribus
599 1487 755 1510 concesso
792 1479 842 1510 vel
875 1475 1149 1520 einanato‚bi1s,
1176 1487 1231 1510 seu
1258 1477 1336 1509 alias
1356 1478 1608 1520 quomodolibet
1637 1479 1669 1511 in
1699 1485 1826 1513 eontra-

1056 1526 1058 1542 *
1080 1530 1163 1562 rium
1182 1530 1441 1573 praemissorum
1458 1532 1637 1572 concessis,
1653 1532 1825 1566 confirma⁸⁵

1081 1583 1127 1623 tis,
1154 1594 1188 1616 ac
1214 1583 1336 1627 pluries
1362 1584 1525 1618 innovatis
1556 1591 1589 1618 et
1609 1586 1821 1629 approbatis;

1080 1636 1197 1680 quibus
1219 1637 1370 1670 omnibus
1396 1643 1427 1671 et
1452 1637 1601 1681 singulis,
1620 1639 1745 1672 etiamsi
1765 1650 1824 1682 pro

1080 1689 1212 1722 illorum
1239 1689 1414 1723 sufficienti
1447 1692 1660 1734 derogatione
1695 1693 1734 1725 de
1760 1692 1824 1726 illis

1080 1753 1259 1787 eorumque
1279 1743 1353 1776 totis
1380 1744 1549 1777 tenoribus
1576 1745 1738 1788 specialis,
1755 1756 1825 1789 spe·

1078 1796 1176 1836 cilicii,
1200 1807 1349 1840 expressa
1368 1802 1400 1830 et
1417 1797 1591 1839 individua,
1613 1810 1648 1832 ac
1667 1799 1706 1832 de
1724 1800 1823 1832 verbo

1079 1850 1117 1882 ad
1136 1850 1279 1889 verbum,
1298 1860 1364 1883 non
1383 1854 1490 1884 aulem
1509 1861 1568 1894 per
1588 1852 1748 1885 clausulas
1766 1846 1825 1895 ge?

1054 1904 1206 1936 *nerales
1240 1904 1326 1937 idem
1358 1904 1590 1947 importantes,
1619 1906 1740 1939 mentio
1766 1917 1821 1939 seu

1079 1957 1188 2000 quavis
1214 1958 1276 1990 alia
1302 1958 1468 2001 expressio
1496 1958 1659 1999 habenda,
1686 1964 1740 1992 aut
1764 1960 1822 1994 ali-

1079 2064 1173 2104 soret,
1193 2069 1321 2098 tenores
1340 2065 1540 2106 huiusmodi,
1559 2076 1595 2098 ac
1621 2066 1648 2099 si
1666 2066 1705 2099 de
1721 2067 1821 2101 verbo

1054 2103 1057 2146 Ῐ
1078 2117 1117 2150 ad
1143 2118 1289 2158 verbum,
1307 2118 1390 2151 nihil
1409 2119 1537 2162 penitus
1559 2118 1690 2160 omisso,
1709 2125 1740 2152 et
1759 2120 1820 2154 sor-

1078 2174 1128 2205 ma
1152 2172 1185 2204 in
1210 2172 1274 2205 illis
1310 2172 1423 2205 tradita
1453 2172 1621 2206 observata
1636 2201 1643 2215 ,
1665 2174 1821 2217 exprime-

1076 2231 1191 2258 rentur
1208 2230 1239 2258 et
1258 2225 1491 2265 insererentur,
1515 2226 1742 2270 praesentibus
1760 2237 1819 2271 pro

1075 2279 1171 2322 plene
1191 2284 1219 2312 et
1238 2279 1436 2312 sufficienter
1457 2279 1618 2322 expressis
1635 2285 1667 2313 et
1687 2280 1817 2314 insertis

1076 2331 1247 2372 habentes,
1273 2331 1339 2365 illis
1365 2332 1446 2365 alias
1467 2332 1498 2365 in
1521 2343 1580 2365 suo
1606 2334 1726 2366 robore
1748 2344 1818 2376 per-

1074 2384 1246 2425 mansuris,
1281 2385 1320 2418 ad
1355 2385 1608 2428 praemissorum
1645 2385 1792 2419 effectum
1809 2414 1815 2426 ,

1074 2439 1136 2471 hac
1152 2439 1221 2472 vice
1241 2439 1417 2479 dumtaxat,
1434 2439 1622 2482 specialiter
1638 2445 1669 2472 et
1690 2450 1818 2483 expres-

1073 2503 1106 2525 se
1124 2493 1318 2536 derogamus
1335 2504 1342 2533 ;
1359 2493 1547 2536 ceterisque
1561 2493 1733 2526 contrariis
1749 2494 1817 2536 qui-

1072 2548 1287 2591 buscumque.

1110 2611 1117 2637 l
1141 2608 1229 2638 Verba
1247 2609 1298 2637 sub
1319 2609 1549 2645 quibuscumque
1569 2607 1688 2637 delenda
1709 2608 1746 2643 (n.
1765 2610 1814 2645 r.).

1848 202 1893 229 An.
1916 202 1943 230 C.
1963 201 2029 232 ¹508

1874 370 1992 392 (leutramni
1999 378 2032 393 nm

1854 396 1879 415 lei
1887 400 1965 419 ‹matt-i,
