2269 3203
270 219 319 246 An.
336 218 365 245 C.
387 219 451 246 1712

296 442 360 462 Pul-ti·
370 442 412 461 atio
424 442 453 461 iu-

268 474 340 489 cursus
364 468 384 487 ir.

268 501 328 514 suras
360 495 403 514 San

268 521 320 541 Serti
358 526 452 540 reserva-

269 550 307 568 1⁴3.

405 473 453 488 crn-

406 497 452 515 vtae

498 210 562 243 534

463 268 513 308 lis,
540 268 690 301 invalidis
716 274 747 301 et
773 268 902 301 abolitis
920 294 927 307 ,
956 266 1143 309 viribusque
1171 271 1202 298 et

463 320 577 354 ell'eetu
592 321 721 364 penitus
739 326 769 354 et
787 320 919 354 omnino
938 320 1055 360 vacuis,
1073 328 1202 362 semper

464 373 576 407 baberi
598 375 743 407 volumus
768 380 799 407 et
820 373 1021 406 mandamus.

508 428 570 470 53.
595 427 774 465 Praeterea,
791 431 892 465 motu,
910 424 1059 464 seientia,
1078 423 1202 457 delibe-

464 480 588 513 ratione
607 486 638 512 et
652 478 819 522 potestatis
838 476 1041 521 plenitudine
1059 476 1199 520 paribus,

463 544 499 566 ex
526 538 616 576 parte
642 531 876 574 omnipotentis
900 530 977 569 Dei,
1008 529 1200 563 auctoritate

463 596 593 630 quoque
619 585 786 618 beatorum
811 584 1033 628 apostolorum
1058 582 1143 615 Petri
1170 587 1202 615 et

463 640 552 673 Pauli
590 650 625 672 ac
663 640 794 678 nostra,
826 637 959 671 eosdem
993 636 1199 669 vincentium

462 692 627 725 Auceltnm
652 692 787 734 eiusque
817 696 970 733 nepotem
992 688 1198 722 Franciscum

461 745 638 783 Aucelhun,
661 744 814 777 loannem
833 743 1008 786 Baptistam
1028 742 1065 775 de
1085 742 1199 775 Alber-

461 798 500 830 tis
525 797 688 830 notarium
710 824 716 836 ,
744 796 909 829 Nicolaum
934 795 1063 828 Seiaeea
1090 800 1198 827 aetua-

461 852 555 890 rium,
573 851 783 884 Laurentium
808 848 1026 882 Mani-icellum
1049 848 1114 880 sive
1136 847 1200 880 Mo-

461 905 578 938 rellum
593 910 624 937 et
642 903 814 947 loseplutm
838 902 975 935 Xl‘iiaxia
1000 906 1198 941 executores,

461 959 557 1000 vulgo
596 957 768 1000 ulqozirios
808 961 1032 999 nuncupatOS‚
1071 964 1199 988 necnon

460 1010 497 1044 N.
516 1010 554 1044 N.
573 1010 608 1043 N.
629 1010 664 1042 N.
685 1009 720 1042 N.
741 1009 776 1041 N.
800 1015 831 1041 et
847 1008 884 1042 N.
913 1007 1121 1042 stationarios
1146 1007 1199 1040 mi·
1220 1029 1221 1034 ,

461 1065 546 1104 lites,
574 1063 627 1106 qui
655 1062 822 1107 praedicto
854 1061 1023 1094 Vincentio
1050 1060 1081 1093 in
1107 1071 1199 1104 prae-

461 1115 568 1149 missis
588 1114 805 1148 damnabilem
824 1124 957 1158 operam
980 1120 1010 1147 et
1035 1113 1199 1153 auxilium,

462 1175 496 1202 ut
520 1168 704 1213 praefertur
724 1195 730 1208 ,
769 1168 1024 1211 praestiterunt,
1063 1171 1200 1210 propter

461 1222 574 1256 eadem
606 1220 784 1265 praemissa
816 1220 848 1252 in
880 1219 1037 1252 maiorem
1072 1229 1200 1252 exeom-

461 1275 712 1308 municationem
750 1284 784 1306 ae
815 1273 846 1306 in
878 1273 955 1306 alias
984 1283 1140 1306 censuras
1170 1277 1201 1304 et

460 1338 582 1372 poenas
607 1339 625 1360 a
650 1326 749 1360 saeris
783 1326 984 1365 canonibus,
1011 1324 1201 1358 universali-

461 1382 519 1414 bus
539 1381 699 1421 eonciliis,
717 1390 845 1413 necnon
865 1379 1038 1423 praedietis
1065 1379 1200 1421 aliisque

462 1434 750 1468 constitutionibus
765 1432 963 1477 apostolicis,
978 1443 1013 1465 ae
1032 1431 1199 1475 speciatim

462 1488 516 1521 illa
536 1487 708 1531 quotannis
734 1486 764 1519 iu
784 1486 836 1519 die
851 1485 977 1518 Coenae
993 1484 1117 1518 Domini
1137 1485 1198 1527 legi

461 1541 565 1580 solita,
591 1546 705 1574 contra
731 1539 848 1572 similia
874 1532 1099 1582 perpetrantes
1120 1538 1199 1570 inili-

462 1599 540 1634 ctas,
556 1594 777 1637 promulgatas
795 1597 824 1625 et
845 1592 1035 1630 fulminatus,
1051 1602 1067 1624 a
1085 1591 1200 1634 quibus

463 1647 590 1680 nonnisi
618 1657 634 1679 a
652 1646 746 1679 nobis
762 1650 793 1678 et
809 1655 866 1688 pro
885 1650 1027 1687 tempore
1043 1643 1199 1677 existente

463 1700 611 1733 Romano
629 1698 784 1732 Pontifice
802 1699 1050 1742 (praeterquam
1068 1697 1099 1729 in
1117 1707 1201 1730 mor-

464 1755 503 1786 tis
539 1753 673 1786 articulo
693 1780 700 1793 ,
732 1763 793 1785 nee
825 1751 918 1785 etiam
947 1756 1044 1791 tune,
1072 1750 1133 1783 nisi
1160 1750 1200 1783 de

463 1806 576 1839 stando
594 1805 755 1838 Erclesiae
777 1803 936 1837 mandatis
957 1806 987 1837 et
1005 1803 1201 1836 satisfacien-

463 1860 503 1893 do
529 1859 680 1892 cautione
706 1858 874 1902 praesuta,
895 1863 991 1900 atque
1016 1867 1089 1890 eum
1115 1857 1201 1889 reiu—

463 1912 604 1946 eidentisi
629 1922 667 1945 eo
692 1911 763 1955 ipso
789 1922 854 1954 quo
879 1909 1120 1952 convaluerint)
1146 1909 1201 1942 ab·

463 1966 543 1998 solvi
569 1966 716 2004 valeant,
743 1963 973 1998 damnabiliter
998 1962 1174 1995 incurrisse.
1191 1989 1198 2003 ,

463 2018 650 2051 earumdem
677 2023 790 2051 tenore
816 2016 1034 2060 praesentium
1059 2016 1201 2049 deelara-

464 2081 545 2111 muS‚
571 2071 723 2114 ipsosque
749 2076 780 2103 et
806 2080 917 2103 eorum
944 2068 1122 2112 quemlibet
1148 2079 1200 2101 ex-

464 2124 720 2156 communicatos
741 2123 943 2166 publicamus
969 2128 1001 2155 et
1025 2122 1200 2155 denuncia—

464 2187 546 2209 mus.
566 2177 702 2210 Easdem
732 2186 830 2220 porro
851 2185 1007 2209 censuras
1028 2180 1057 2208 et
1079 2185 1201 2218 poenas

464 2240 496 2262 se
522 2229 696 2261 incurrisse
723 2229 826 2261 sciant
851 2228 968 2261 nedum
994 2228 1046 2260 alii
1074 2237 1198 2267 omnes,

464 2282 694 2325 cuiuscumque
722 2282 851 2314 tandem
877 2286 988 2321 status,
1006 2280 1136 2323 gradus,
1155 2290 1201 2312 or-

465 2334 560 2373 dinis,
585 2333 863 2377 praeeminentiae
890 2339 920 2366 et
945 2332 1110 2376 dignitatis
1135 2333 1200 2365 sue-

465 2387 541 2428 rint,
565 2387 619 2431 qui
643 2387 823 2431 praemissa
847 2387 1056 2426 mandarunt,
1084 2396 1201 2428 perpe-

466 2445 590 2473 trarunt
615 2445 645 2473 et
669 2440 795 2473 executi
821 2440 960 2479 suerunt,
978 2449 1035 2472 seu
1060 2439 1123 2471 illis
1149 2448 1201 2470 au-

464 2493 583 2533 xilium,
609 2492 778 2526 consilium
796 2492 844 2525 vel
863 2492 1004 2525 savorem
1022 2491 1201 2535 quomodo-

464 2547 544 2581 libet
568 2547 820 2590 praestiterunt,
846 2546 903 2578 sed
934 2551 965 2578 et
994 2545 1066 2579 illos
1091 2544 1145 2588 qui
1169 2544 1200 2576 in

465 2610 577 2634 eorum
610 2599 775 2643 sequelam
803 2603 833 2632 et
858 2597 1083 2633 executionem
1110 2601 1223 2641 gesta,

1044 217 1223 242 BULLARIUM
1247 217 1401 241 ROMANUM

1244 265 1467 309 approbarunt
1482 271 1512 298 et
1531 271 1598 297 rata
1615 265 1807 304 babuerunt,
1826 273 1881 297 seu
1900 262 1977 296 alias

1243 318 1275 350 in
1302 318 1422 351 eisdem
1448 318 1634 362 praemissis
1659 318 1768 361 quovis
1794 316 1890 350 modo
1915 317 1980 350 eul-

1244 370 1368 414 paliiles
1393 371 1533 410 suerunt,
1563 380 1660 413 seque
1688 375 1854 413 praeterea
1871 380 1887 402 a
1907 380 1980 402 ceu-

1244 424 1328 457 suris
1353 430 1383 457 et
1410 424 1522 468 poenis
1550 424 1737 456 huiusmodi
1769 423 1898 456 nonnisi
1924 433 1980 465 pa-

1244 476 1324 509 riter
1349 488 1364 509 a
1390 477 1484 510 nobis
1509 483 1563 509 aut
1588 476 1730 509 Romano
1747 475 1900 508 Pontifiee
1920 485 1980 518 pro

1245 534 1390 573 tempore
1409 530 1562 563 existente
1582 530 1822 573 (praeterquam
1844 528 1876 560 in
1901 537 1982 560 mor-

1244 582 1282 616 tis
1307 582 1441 616 articulo
1467 583 1525 616 sub
1562 582 1658 615 certis
1694 582 1788 615 modo
1822 587 1852 615 et
1878 581 1980 614 forma

1242 636 1392 679 superius
1424 636 1611 679 expressis)
1637 635 1762 668 absolvi
1790 639 1821 668 et
1846 633 1978 667 liberari

1242 699 1350 732 posse.
1378 689 1609 729 Decernentes,
1634 688 1763 722 easdem
1789 691 1980 731 praesentes

1242 742 1363 775 litteras
1388 748 1420 775 et
1444 744 1474 775 in
1502 742 1547 775 eis
1566 747 1718 775 contenta
1740 749 1976 784 quaecumque,

1241 795 1337 828 etiam
1363 805 1399 828 ex
1434 806 1472 828 eo
1501 795 1588 838 quod
1618 800 1680 827 tam
1706 793 1893 837 specialiter
1921 802 1980 825 no-

1242 848 1351 880 minati
1378 859 1413 881 ae
1440 848 1538 881 ceteri
1565 847 1764 890 supradicti,
1797 856 1892 890 quam
1925 845 1978 878 alii

1241 900 1436 944 quencumque
1463 901 1493 933 in
1522 900 1708 944 praemissis
1740 900 1897 932 interesse
1924 899 1981 931 lia-

1241 953 1366 993 bentes,
1393 964 1450 987 seu
1477 953 1598 987 babere
1625 952 1874 996 quomodolibet
1891 962 1981 996 prae-

1243 1007 1422 1047 tendentes,
1444 1007 1582 1040 euiusvis
1608 1011 1720 1046 status,
1748 1006 1874 1049 gradus,
1894 1005 1981 1038 ordi-

1243 1060 1302 1099 nis,
1318 1059 1593 1103 praeeminentiae
1605 1064 1635 1091 et
1649 1058 1815 1101 dignitatis
1833 1057 1979 1098 existant,

1242 1123 1295 1145 seu
1314 1112 1393 1146 alias
1413 1111 1561 1155 specifica
1580 1117 1612 1144 et
1633 1110 1798 1144 individua
1815 1109 1980 1143 mentione

1242 1171 1274 1199 et
1298 1165 1508 1209 expressione
1535 1164 1634 1208 digni,
1666 1163 1729 1197 illis
1755 1174 1820 1196 non
1845 1173 1981 1197 consen-

1243 1219 1359 1259 seriut,
1379 1228 1438 1251 nec
1465 1218 1502 1251 ad
1524 1228 1559 1251 ea
1587 1216 1700 1257 vocati,
1719 1216 1806 1249 citati
1832 1221 1864 1249 e‘t
1880 1215 1979 1248 auditi

1244 1271 1370 1311 suerint,
1386 1277 1439 1304 aut
1465 1282 1501 1304 ex
1520 1270 1581 1303 alia
1602 1270 1747 1313 qualibet
1767 1269 1862 1302 etiam
1881 1279 1982 1312 quan-

1245 1325 1360 1358 tumvis
1386 1325 1523 1358 juridica
1558 1330 1588 1357 et
1622 1323 1824 1367 privilegiata
1861 1324 1979 1361 eausa,

1220 1382 1222 1388 '
1242 1379 1363 1418 colore,
1381 1382 1550 1421 praetextu
1569 1382 1600 1410 et
1613 1376 1727 1419 capite,
1747 1376 1842 1409 etiam
1862 1376 1894 1408 in
1913 1385 1982 1409 cor-

1243 1442 1320 1476 pore
1346 1431 1425 1464 iuris
1452 1432 1583 1469 clauso,
1615 1430 1703 1462 nullo
1737 1439 1878 1472 unquam
1907 1434 1982 1461 tem-

1243 1495 1323 1527 pore
1355 1484 1395 1517 de
1432 1482 1652 1526 subreptionis
1689 1482 1737 1514 vel
1775 1481 1980 1525 obreptionis

1243 1544 1297 1570 aut
1322 1536 1478 1570 nullitatis
1503 1535 1590 1574 vitio,
1618 1545 1671 1568 seu
1700 1534 1888 1567 intentionis
1918 1545 1982 1567 no-

1243 1596 1340 1630 strae,
1369 1590 1419 1622 vel
1446 1589 1602 1622 interesse
1629 1587 1821 1620 habentium
1847 1597 1983 1620 consen-

1243 1645 1297 1677 sus
1314 1671 1321 1682 ‚
1348 1643 1451 1676 aliove
1478 1641 1625 1685 quolibet
1657 1641 1752 1673 etiam
1779 1640 1982 1684 quantumvis

1243 1706 1360 1739 magno
1398 1701 1429 1729 et
1462 1693 1765 1727 substantialissimo
1797 1704 1833 1726 ae
1866 1692 1983 1735 incogi-

1244 1754 1309 1783 tato
1328 1753 1357 1781 et
1375 1747 1617 1790 inexcogitabili
1649 1746 1914 1789 individuamque
1934 1755 1983 1778 ex-

1242 1802 1445 1846 pressionem
1476 1801 1661 1844 requirente
1698 1799 1823 1832 deseetu
1857 1798 1982 1838 notari,

1243 1855 1440 1899 impugnari,
1469 1853 1611 1896 infringi,
1639 1852 1821 1891 retractari,
1847 1852 1879 1884 in
1905 1862 1982 1885 con-

1245 1908 1433 1942 troversiam
1454 1907 1572 1947 vocari,
1594 1911 1648 1938 aut
1672 1905 1711 1938 ad
1733 1904 1887 1939 terminos
1905 1904 1982 1937 iuris

1243 1962 1374 2001 reduei,
1401 1971 1460 1994 seu
1493 1960 1644 1993 adversus
1681 1959 1752 1991 illas
1792 1957 1981 2001 aperitionis

1244 2015 1318 2055 oris,
1337 2012 1550 2047 restitutionis
1577 2012 1609 2045 in
1635 2011 1807 2054 integrum,
1832 2009 1982 2054 aliudque

1243 2068 1472 2112 quodcumque
1498 2066 1586 2106 iuris,
1613 2064 1689 2098 sacti
1711 2065 1761 2097 vel
1785 2063 1907 2107 gratiae
1934 2073 1983 2096 re-

1243 2121 1385 2155 medium
1407 2120 1558 2153 intentari
1577 2119 1627 2152 vel
1653 2117 1835 2162 impetrari,
1852 2121 1906 2150 aut
1929 2116 1985 2149 im·

1243 2180 1385 2218 petrato,
1405 2184 1461 2206 seu
1481 2173 1575 2206 etiam
1595 2177 1691 2213 motu,
1713 2170 1847 2203 seientia
1868 2174 1900 2201 et
1926 2180 1984 2212 po-

1245 2227 1366 2260 testatis
1399 2225 1602 2269 plenitudine
1636 2223 1792 2256 similibus
1824 2232 1982 2254 concesso

1243 2281 1292 2313 vel
1319 2284 1467 2313 emanato
1484 2305 1491 2318 ,
1518 2277 1704 2321 quempiam
1729 2275 1762 2307 in
1787 2274 1907 2308 iudicio
1932 2275 1983 2308 vel

1244 2338 1333 2366 extra
1350 2331 1430 2365 illud
1458 2331 1500 2364 uti
1526 2340 1584 2362 seu
1609 2339 1642 2362 se
1663 2329 1769 2361 iuvare
1792 2328 1860 2360 ullo
1886 2327 1982 2360 modo

1243 2395 1355 2428 posse;
1374 2384 1431 2416 sed
1449 2383 1536 2426 ipsas
1553 2386 1740 2425 praesentes
1758 2381 1885 2414 litteras
1903 2390 1983 2413 sem-

1243 2448 1301 2480 per
1326 2436 1444 2475 firmas,
1462 2435 1585 2468 validas
1609 2439 1641 2467 et
1666 2433 1813 2467 efficaces
1840 2433 1982 2466 existere

1243 2496 1275 2523 et
1300 2490 1386 2529 sore,
1415 2498 1558 2531 suosque
1583 2487 1750 2530 plenarios
1776 2492 1808 2520 et
1834 2486 1986 2528 integros

1244 2543 1377 2577 effeetus
1394 2542 1505 2575 sortiri
1526 2547 1557 2574 et
1583 2541 1750 2581 obtinere,
1776 2550 1812 2572 ae
1834 2539 1874 2572 ab
1901 2538 1980 2579 illis,

1244 2597 1282 2630 ad
1305 2606 1384 2639 quos
1410 2599 1536 2639 spectat
1561 2599 1591 2628 et
1616 2603 1675 2637 pro
1701 2598 1849 2638 tempore
1883 2593 1983 2636 quan-

1989 214 2037 241 ΛΠ.
2058 214 2086 242 C.
2104 215 2170 242 1712

2019 695 2137 718 cumulari.
