2269 3203
230 203 280 231 An.
302 203 330 231 C.
349 204 416 231 1705

239 905 340 926 Exocuuo
351 911 410 932 prae-

228 937 317 962 Seullllm
356 939 410 954 (30111-

226 962 322 981 mlllllut’.

267 1807 416 1833 Transumpto-

230 1839 276 1855 rum
291 1833 351 1855 fidos,

261 2231 349 2253 Sanctio
368 2236 419 2259 poe-

233 2259 298 2280 natis.

462 194 526 229 236
1004 202 1184 227 ammaum
1209 201 1365 226 ROMANUM
1952 197 2002 225 An.
2022 196 2052 225 c.
2069 197 2138 226 ¹705

420 257 609 296 praesentes
635 255 665 286 et
690 252 910 296 praeinsertas
927 251 1052 285 litteras
1079 262 1161 284 sern-

421 317 482 349 per
508 312 539 339 et
558 311 717 349 perpetuo
738 305 859 338 validas
877 310 908 337 et
925 305 1071 337 efficaces
1097 305 1162 337 exi-

422 365 507 392 stere
533 365 564 392 et
589 360 678 398 sore,
704 368 844 401 suosque
870 358 1033 401 plenarios
1059 363 1091 391 et
1114 358 1162 390 in-

422 417 532 454 tegros
550 411 681 444 effeetus
699 411 808 444 sortiri
824 417 855 444 et
870 411 1030 450 obtinere,
1052 410 1160 454 sicque

421 475 480 508 per
506 475 729 508 quoscumque
764 464 888 497 iudices
920 464 1105 497 ordinarios
1130 468 1162 496 et

422 519 586 560 delegatos
611 518 733 561 ubique
752 517 887 550 iudicari
907 523 939 550 et
958 516 1086 550 deliniri
1110 517 1162 549 de·

420 571 511 611 bere,
527 572 652 604 sublata
666 571 711 604 eis
727 575 883 603 eteorum
900 570 1035 603 cuilibet
1049 569 1161 613 quavis
1183 574 1184 577 ’

422 624 517 657 aliter
541 624 704 657 iudicandi
732 629 763 657 et
792 623 1032 666 interpretandi
1063 623 1162 655 sacul-

424 682 486 710 tate
513 682 544 710 et
570 677 782 717 auetoritate;
810 687 846 710 ac
868 676 994 710 irritum
1013 681 1045 709 et
1065 675 1161 708 inane

423 730 448 763 si
474 741 566 764 secus
603 741 702 773 super
727 730 777 762 his
803 741 820 762 a
844 740 1022 773 quoquam,
1051 729 1160 772 quavis

422 783 626 821 auctoritate.
644 783 785 816 scienter
801 784 850 816 vel
867 782 1066 826 ignoranter,
1086 793 1158 815 eon-

422 837 532 880 tigerit
557 837 722 870 attentari.

466 890 480 932 g
506 888 537 922 8.
554 889 709 927 Quocirca
735 889 979 922 venerabilibus
1007 888 1161 921 fratribus

423 943 678 986 archiepiscopis
704 948 735 976 et
761 943 939 986 episcopis,
962 942 1098 984 aliisque
1119 943 1162 974 lo-

423 1007 534 1029 corum
570 996 778 1036 Ordinariis,
808 1006 936 1028 necnon
974 995 1160 1027 haereticae

421 1044 589 1093 pravitatis
614 1049 866 1092 inquisitoribus
885 1053 916 1081 et
932 1047 1093 1081 iudicibus
1111 1057 1162 1080 ec-

421 1102 623 1141 clesiasticis,
651 1103 690 1134 ad
717 1113 796 1144 quos
825 1102 988 1144 pertinet,
1015 1099 1162 1133 commit-

421 1155 519 1187 timus
546 1161 577 1188 et
601 1155 802 1193 mandamus,
827 1159 870 1194 ut,
890 1153 1010 1196 singuli
1040 1153 1073 1185 in
1098 1152 1163 1185 suis

422 1208 604 1251 respective
641 1207 849 1240 dioecesibus
887 1217 923 1239 ac
967 1206 1047 1239 locis
1088 1216 1163 1238 suae

422 1261 638 1294 iurisdictioni
665 1260 829 1299 subiectis,
855 1260 943 1302 ipsas
972 1264 1163 1302 praesentes

422 1314 546 1347 litteras
572 1320 604 1346 et
628 1314 660 1346 in
687 1314 733 1346 eis
755 1317 908 1345 contenta
934 1322 1163 1355 quaecun‘ique

423 1374 624 1410 exequantur
650 1372 682 1400 et
712 1366 920 1409 exequutioni
958 1365 1106 1398 mandari
1134 1370 1165 1398 et

424 1421 589 1454 observari
615 1421 654 1453 ab
680 1420 831 1453 omnibus
857 1424 981 1458 curent,
999 1425 1030 1452 et
1054 1419 1165 1451 inobe-

424 1474 551 1507 dientes
592 1478 623 1506 et
662 1474 806 1505 rebelles
840 1482 1066 1515 quoscumque
1106 1483 1165 1515 per

423 1537 578 1561 censuras
606 1532 637 1559 et
661 1536 785 1569 poenas
821 1526 1005 1569 praefatas,
1037 1525 1165 1569 aliaque

423 1580 504 1612 iuris
522 1585 553 1612 et
574 1579 647 1611 sacti
666 1579 823 1619 remedia,
842 1579 1062 1622 appellatione
1079 1585 1167 1622 post-

423 1632 539 1676 posita,
566 1632 715 1665 invocato
741 1632 839 1665 etiam
864 1632 903 1664 ad
931 1632 1007 1672 hoc,
1034 1632 1059 1664 si
1084 1643 1166 1675 opus

424 1686 532 1726 suerit,
550 1685 675 1718 brachii
695 1685 870 1718 saecularis
885 1684 1016 1725 auxilio,
1032 1685 1166 1718 omnino

426 1741 598 1772 coerceant
618 1744 650 1770 et
674 1739 886 1781 compellant.

471 1794 540 1838 ἐξ).
576 1794 728 1827 volumus
766 1799 873 1826 autem
906 1798 941 1826 ut
977 1794 1165 1827 earumdem

426 1848 647 1892 praesentium
674 1847 892 1890 transumptis,
912 1847 1007 1879 etiam
1034 1847 1167 1890 impres-

427 1901 469 1934 sis
485 1928 492 1940 ,
513 1910 609 1933 manu
635 1900 771 1933 alicuius
797 1899 916 1932 notarii
951 1900 1073 1942 publici
1098 1901 1167 1933 sub-

427 1954 564 1998 scriptis,
593 1959 624 1986 et
649 1954 757 1996 sigillo
779 1963 940 1997 personae
960 1953 991 1985 in
1010 1953 1166 1996 dignitate

428 2008 647 2042 ecelesiastica
668 2007 863 2040 constitutae
885 2007 1031 2046 munitis,
1056 2007 1168 2040 eadem

426 2062 508 2096 fides
533 2072 664 2105 prorsus
683 2061 887 2100 adhibeatur,
905 2071 988 2104 quae
1007 2060 1086 2103 ipsis
1105 2061 1168 2093 ori-

428 2115 591 2159 ginalibus
615 2114 732 2149 litteris
752 2115 964 2147 adhiberetur
1000 2113 1025 2146 si
1062 2114 1170 2147 forent

429 2169 590 2202 exhibitae
615 2171 664 2202 vel
685 2174 846 2202 ostensae.

474 2223 566 2267 510.
601 2224 685 2257 Nulli
719 2235 797 2266 ergo
831 2224 964 2257 omnino
997 2224 1167 2257 hominum

429 2278 526 2312 liceat
550 2277 633 2309 hanc
658 2277 809 2320 paginam
833 2283 965 2310 nostrae
991 2277 1166 2311 confirma-

428 2331 537 2371 tionis,
564 2330 823 2374 approbationis,
848 2331 1090 2371 innovationis,
1116 2332 1170 2364 de-

430 2384 532 2424 creti,
558 2384 813 2424 declarationis,
840 2384 952 2417 statuti
985 2390 1017 2418 et
1041 2385 1170 2417 ordina-

430 2438 529 2471 tionis
554 2437 746 2479 insringere,
765 2440 814 2472 vel
841 2437 869 2471 ei
895 2449 973 2471 ausu
997 2438 1169 2471 temerario

431 2491 614 2531 contraire;
642 2491 667 2523 si
693 2490 763 2534 quis
787 2495 895 2524 autem
922 2491 986 2524 hoc
1011 2495 1170 2525 attentare

430 2544 708 2588 praesumpserit,
735 2544 993 2585 indignationem
1023 2543 1170 2587 omnipo-

431 2596 529 2631 tentis
555 2596 611 2631 Dei
637 2608 672 2631 ac
706 2598 878 2632 beatorum
909 2596 996 2631 Petri
1021 2601 1052 2631 et
1079 2596 1171 2631 Pauli

1206 251 1430 293 apostolorum
1475 248 1543 282 eius
1589 257 1622 281 se
1662 246 1793 280 noverit
1831 245 1942 279 incur-

1206 315 1327 336 surum.

1249 357 1362 389 Datum
1389 356 1521 395 Romae,
1541 354 1626 398 apud
1652 354 1684 387 S.
1703 354 1833 387 Mariam
1853 353 1947 387 Maio-

1206 407 1625 447 rem,annolncarnationis
1637 407 1945 447 dominicaeMDccv‚

1205 473 1269 495 xvir
1295 461 1451 494 kalendas
1476 460 1602 504 augusti
1619 487 1627 501 ,
1654 458 1862 503 pontificatus
1892 469 1948 493 no-

1206 515 1261 547 stri
1287 524 1372 547 anno
1401 525 1428 546 v.

1242 578 1306 604 Dat.
1329 576 1373 604 die
1396 577 1448 603 16⁴
1470 576 1528 603 iulii
1548 576 1629 611 1705,
1652 575 1750 611 pontis.
1772 583 1844 603 anno
1861 582 1888 602 v.

1504 721 1648 754 LXXVII.

1208 800 1430 842 Confirmalur
1474 800 1637 832 decretum
1677 798 1947 842 Conqreqationis

1250 854 1470 897 episcoporum
1487 857 1515 886 et
1532 853 1739 896 reqularz'um
1763 852 1948 896 approbans

1251 906 1493 939 Caeremom'ale
1526 906 1714 949 provinciae.
1748 905 1785 938 de
1824 906 1947 938 Mexz'co

1251 959 1385 993 Ordinis
1410 959 1575 992 Minorum
1602 959 1639 992 de
1665 954 1908 992 Observantia’.

1428 1039 1562 1067 Clemens
1584 1041 1664 1073 Papa
1684 1040 1732 1074 XI,

1348 1084 1385 1111 ad
1404 1084 1538 1111 futuram
1553 1084 1597 1111 rei
1624 1084 1806 1111 memoriam.

1250 1156 1265 1199 ἓ
1284 1155 1314 1188 1.
1334 1155 1454 1199 Nuper,
1472 1167 1530 1199 pro
1547 1161 1638 1199 parte
1654 1155 1848 1189 dilectorum
1868 1154 1947 1188 filio-
1978 1161 2098 1193 Αοᾳρῑωιο
2108 1167 2144 1188 μ.

1206 1220 1277 1242 rum
1296 1209 1429 1242 fratrum
1444 1209 1632 1252 provinciae
1651 1208 1682 1242 S.
1699 1208 1866 1251 Evangelii
1884 1208 1948 1241 Me·
1958 1189 2144 1237 ffiiiinimcsfii‘i‘xii

1208 1262 1338 1295 xicanae
1361 1262 1392 1294 in
1419 1262 1518 1294 indiis
1537 1261 1803 1294 Occidentalibus
1817 1260 1947 1294 Ordinis
1958 1244 2144 1306 3ᾋῖωὸιῖῐᾶἷῖἶῦ

1207 1315 1366 1348 Minorum
1388 1316 1488 1348 saneti
1504 1315 1664 1348 Francisci
1683 1315 1722 1347 de
1737 1299 2144 1347 observantiaiffiimai&

1209 1373 1478 1411 nuncupatorum,
1503 1367 1756 1411 Congregationi
1781 1367 1950 1400 venerabi-

1210 1422 1287 1455 lium
1306 1422 1441 1454 fratrum
1465 1427 1651 1455 nostrorum
1670 1421 1781 1454 S.R.E.
1803 1420 1950 1454 cardina·

1210 1475 1287 1508 lium
1304 1474 1445 1517 negotiis
1461 1479 1491 1508 et
1506 1474 1808 1507 consultationibus
1822 1473 1950 1517 episco-

1210 1539 1325 1572 porum
1352 1534 1382 1561 et
1408 1527 1605 1570 regularium
1627 1527 1833 1570 praepositae
1852 1537 1952 1570 expo-

1210 1582 1280 1619 sito,
1296 1582 1380 1625 quod
1400 1581 1477 1614 alias
1492 1581 1524 1613 in
1543 1581 1688 1623 capitulo
1707 1580 1854 1623 generali
1874 1579 1951 1613 dieti

1211 1635 1340 1668 Ordinis·
1358 1634 1390 1666 in
1409 1634 1470 1667 hac
1487 1634 1570 1667 alma
1588 1632 1674 1666 Urbe
1693 1643 1780 1666 anno
1795 1643 1881 1667 1111166
1900 1643 1952 1666 ce-

1210 1688 1336 1722 lebrato
1354 1698 1413 1730 pro
1434 1687 1521 1720 bono
1547 1686 1707 1729 regimine
1733 1685 1894 1728 spirituali
1920 1690 1952 1719 et

1211 1740 1382 1784 temporali
1408 1739 1555 1772 omnium
1581 1738 1822 1783 provinciarum
1846 1738 1952 1771 India-

1211 1805 1282 1827 rum
1297 1793 1373 1827 dicti
1387 1793 1526 1832 Ordinis,
1543 1803 1579 1825 ac
1597 1793 1636 1825 ad
1654 1792 1892 1825 occurrendum
1907 1791 1952 1824 in-

1211 1847 1391 1880 commodis
1416 1851 1448 1879 et
1468 1845 1616 1888 gravibus
1639 1845 1745 1884 malis,
1762 1855 1846 1888 quae
1865 1843 1951 1877 orie-

1211 1902 1330 1933 bantur
1345 1911 1381 1933 ex
1392 1899 1606 1932 instabilitate
1619 1897 1902 1931 caeremoniarum
1919 1902 1952 1930 et

1212 1955 1342 1993 rituum,
1360 1963 1440 1997 quos
1470 1952 1682 1985 commissarii
1704 1951 1810 1984 Novae
1836 1951 1951 1994 Hispa-

1213 2008 1285 2040 niae
1311 2011 1343 2039 et
1360 2005 1452 2048 regni
1478 2005 1617 2038 Peruani
1644 2004 1773 2037 Ordinis
1790 2004 1951 2048 praedicti

1212 2061 1327 2093 ritibus
1356 2059 1508 2103 propriae
1538 2058 1740 2102 alteriusque
1765 2058 1950 2101 provinciae

1213 2114 1419 2147 conformare
1437 2111 1634 2151 nitebantur,
1651 2111 1820 2151 sancitum,
1839 2120 1876 2143 ac
1892 2110 1951 2143 suh

1213 2167 1403 2213 privationis
1421 2165 1517 2199 officii
1535 2168 1640 2208 poena
1657 2165 1752 2198 dictis
1766 2164 1952 2197 commissa-

1214 2222 1269 2255 riis
1289 2221 1471 2254 iniunctum
1484 2219 1586 2252 suerat
1598 2223 1631 2250 ut
1643 2217 1873 2261 permitterent
1882 2227 1952 2260 pro-

1213 2275 1334 2308 vincias
1351 2274 1458 2306 vivere
1480 2272 1567 2304 iuxta
1587 2282 1661 2304 suas
1682 2271 1863 2304 laudabiles
1884 2280 1954 2303 cae-

1214 2326 1377 2360 remonias
1404 2331 1435 2358 et
1451 2325 1533 2357 ritus
1549 2325 1582 2356 in
1608 2323 1657 2356 his
1674 2333 1756 2367 quae
1774 2333 1839 2356 non
1858 2326 1953 2356 erant

1214 2386 1328 2415 contra
1351 2379 1486 2413 Sanctae
1505 2377 1597 2411 Sedis
1615 2377 1863 2421 praescriptum,
1889 2385 1950 2409 nec

1251 2471 1261 2497 1
1284 2468 1355 2496 Edit.
1378 2468 1459 2495 lilain.
1480 2467 1513 2494 ad
1534 2474 1620 2501 marg.
1641 2470 1717 2494 notat
1738 2467 1770 2494 14
1788 2467 1827 2498 (a.
1843 2467 1893 2497 τ.).

1248 2514 1264 2541 2
1284 2514 1314 2541 In
1335 2511 1484 2539 Innocentii
1503 2511 1549 2538 XlI
1570 2515 1657 2538 const.
1675 2510 1718 2538 ed.
1741 2516 1893 2545 anexevrn,
1908 2508 1953 2538 die

1212 2559 1248 2586 10
1266 2556 1432 2589 novembris,
1453 2555 1549 2593 pontif.
1569 2562 1626 2589 viu,
1648 2555 1826 2583 confirmatus
1850 2554 1901 2583 fuit
1922 2563 1953 2584 u-

1213 2611 1261 2633 sus
1279 2602 1412 2631 librorum
1432 2601 1516 2629 divini
1536 2600 1629 2628 officii.
