2269 3203
269 220 315 244 tin.
337 218 362 244 c.
387 217 452 244 1707
498 208 562 242 300

461 265 544 299 serie
569 266 775 300 absolventes
801 269 833 299 et
857 265 1020 300 absolutas
1038 264 1106 298 fore
1127 274 1200 297 cen-

462 325 579 359 sentes,
593 319 888 363 supplicationibus
903 319 1048 352 eiusdem
1066 317 1201 350 Michae-

462 372 502 405 lis
523 373 657 405 nomine
683 372 777 405 nobis
811 383 911 416 super
944 372 1007 404 hoc
1031 370 1202 404 humiliter

461 426 624 470 porrectis
670 426 817 459 inclinati
837 453 844 466 ,
887 426 926 458 de
966 424 1201 458 venerabilium

463 481 596 512 fratrum
622 484 807 512 nostrorum
826 478 857 511 S.
878 478 915 510 R.
933 478 967 510 E.
988 476 1201 510 cardinalium

462 531 604 574 negotiis
622 537 653 564 et
668 530 960 564 consultationibus
975 530 1203 573 episcoporum

464 591 495 618 et
520 585 717 628 regularium
742 584 1008 628 praepositorum
1034 583 1172 616 consilio
1193 609 1200 623 ‚

464 643 496 670 et
520 639 643 670 attenta
675 637 833 669 relatione
869 635 978 669 dilecti
1011 635 1068 668 snii
1100 635 1202 667 nostri

463 691 606 724 Thomae
631 690 749 723 Mariae
774 689 913 722 Ferrarii
948 688 1030 721 tituli
1064 688 1096 721 S.
1134 688 1204 721 Cle-

464 743 581 776 mentis
618 742 762 776 eiusdem
799 742 830 775 S.
865 741 902 774 R.
940 741 975 774 E.
1019 741 1203 785 presbyteri

464 795 639 829 cardinalis
654 794 879 829 S.Cle1nentis
904 794 1083 837 nuncupati
1107 803 1206 837 super

463 849 650 893 praemissis
681 848 776 881 dictis
811 846 1030 880 cardinalibus
1058 847 1150 886 sacta,
1175 856 1205 878 0-

464 902 552 935 mnia
570 907 602 935 et
618 902 747 945 singula
760 900 941 945 privilegia,
953 900 1204 944 praerogativas,

465 956 696 989 concessiones
713 981 720 995 ,
748 955 873 987 favores
892 980 898 993 ‚
924 954 1093 986 facultates
1113 979 1119 992 ‚
1157 952 1206 985 de-

464 1009 660 1041 clarationes
676 1034 683 1047 ,
708 1006 985 1044 conservatoi-ias,
1014 1005 1202 1037 immunita-

464 1067 513 1094 tes
534 1088 540 1100 ‚
568 1061 816 1103 exemptiones,
843 1060 1010 1093 libertates
1032 1086 1038 1098 ,
1065 1064 1206 1090 ceteras-

465 1125 527 1158 que
554 1114 672 1155 gratias
690 1140 697 1154 ,
723 1111 997 1155 praeeminentias
1024 1116 1055 1144 et
1080 1111 1205 1143 indulta

464 1167 603 1199 cuiusvis
630 1166 759 1209 generis
796 1164 987 1205 existentia,
1025 1163 1206 1207 spiritualia

465 1226 497 1253 et
521 1219 735 1263 temporalia,
765 1219 1015 1262 qualiacumque
1041 1218 1096 1250 illa
1121 1217 1204 1257 sint,

466 1273 641 1306 dummodo
660 1276 768 1305 tamen
790 1272 855 1304 sint
871 1272 903 1304 in
918 1282 988 1311 usu,
1008 1276 1039 1304 et
1056 1281 1119 1303 non
1143 1270 1207 1303 sint

465 1331 614 1359 revocata
652 1326 702 1358 vel
736 1325 794 1357 sub
829 1324 992 1367 aliquibus
1029 1323 1207 1357 revocatio-

466 1378 562 1411 nibus
584 1378 834 1421 comprehensa,
855 1388 891 1409 ac
909 1377 1009 1409 sacris
1027 1376 1206 1409 canonibus

467 1438 498 1464 et
523 1431 657 1464 Concilii
678 1430 857 1463 Tridentini
884 1429 1024 1462 decretis
1050 1435 1103 1461 aut
1130 1440 1207 1473 apo-

467 1484 589 1517 stolicis
630 1482 919 1516 constitutionibus
956 1487 986 1514 et
1022 1482 1206 1515 ordinatio-

467 1537 563 1570 nibus
589 1537 640 1569 vel
665 1535 850 1569 memoratis
877 1535 1081 1578 regularibus
1103 1535 1206 1568 dictae

467 1589 737 1633 Congregationis
763 1589 1030 1622 Bethlemitarum
1051 1588 1206 1621 institutis

468 1654 534 1676 non
560 1644 792 1681 adversentur,
824 1642 999 1686 praedictis
1033 1641 1206 1675 Ordinibus

468 1696 720 1730 Mendicantium
748 1701 779 1729 et
803 1695 1054 1738 Congrcgationi
1073 1695 1208 1728 clerico·

469 1760 541 1782 rum
565 1749 763 1792 regularium
789 1748 1040 1781 lllinistrantium
1058 1748 1206 1784 infirmis,

469 1812 647 1845 eorumque
674 1802 901 1841 conventibus,
919 1801 1068 1834 domibus
1087 1806 1119 1833 et
1135 1801 1206 1833 aliis

468 1855 549 1888 locis
574 1855 798 1897 regularibus,
825 1865 861 1887 ac
884 1854 1040 1887 Ordinum
1071 1858 1103 1887 et
1127 1853 1208 1886 Con-

470 1908 670 1952 gregationis
686 1907 870 1940 huiusmodi
881 1908 1101 1950 generalibus,
1116 1918 1209 1950 prae-

470 1961 651 1994 sidentibus
673 1987 680 2001 ,
707 1966 738 1993 et
763 1961 930 2004 quibusvis
956 1960 1026 1993 aliis
1059 1961 1208 2003 superio-

472 2014 581 2054 ribus,
607 2014 760 2057 praelatis
786 2019 818 2047 et
842 2014 995 2057 capitulis
1024 2014 1120 2046 etiam
1157 2024 1210 2057 ge-

470 2067 660 2106 neralibus,
685 2066 950 2110 provincialibus,
976 2077 1030 2099 seu
1060 2066 1210 2099 interme—

472 2120 544 2160 diis,
570 2130 748 2163 eorumque
774 2119 1012 2160 definitoribus,
1032 2119 1208 2163 prioribus,

472 2174 626 2214 novitiis,
653 2173 826 2212 fratribus,
853 2173 1041 2212 conversis,
1069 2173 1210 2212 donatis,

474 2233 504 2260 et
520 2227 689 2270 quibusvis
705 2237 815 2259 eorum
828 2226 1032 2268 regularibus
1050 2226 1208 2268 personis,

474 2285 536 2312 tam
556 2280 587 2311 in
609 2279 693 2311 Urbe
716 2290 810 2321 quani
833 2279 929 2312 etiam
951 2278 983 2310 in
1005 2278 1210 2321 quibuscum-

473 2344 535 2376 que
561 2333 669 2365 mundi
695 2333 843 2375 partibus
868 2332 1090 2371 existentibus,
1117 2337 1149 2363 et
1173 2331 1211 2363 il-

473 2388 576 2420 lorum
601 2386 740 2426 intuitu,
767 2391 819 2418 aut
845 2382 922 2418 alias
948 2384 1208 2428 quomodolibet,

474 2449 533 2484 per
543 2449 762 2483 quoscumque
773 2439 932 2471 Romanos
944 2437 1114 2470 Pontifices
1124 2448 1211 2480 prae-

475 2495 662 2526 decessores
689 2498 827 2531 nostros,
854 2502 907 2523 seu
934 2501 992 2534 per
1017 2501 1076 2523 nos
1094 2496 1126 2523 et
1142 2501 1211 2522 suc-

474 2556 623 2579 cessores
648 2551 788 2584 nostros,
816 2549 870 2576 aut
888 2544 967 2576 alias
985 2543 1209 2575 auctoritatem

474 2599 633 2634 habentes
658 2607 813 2631 concessa
839 2601 957 2630 suntet
977 2595 1211 2637 concedentur,

1041 214 1220 240 natantum
1246 213 1401 238 ROMANL'M

1244 273 1279 296 ac
1303 262 1421 307 quibus
1457 261 1496 295 de
1521 260 1616 301 iure,
1640 269 1700 293 usu
1731 259 1781 294 vel
1808 263 1982 293 consuetu-

1245 316 1319 349 dine
1337 343 1344 357 ,
1371 314 1552 359 privilegio,
1580 323 1635 347 seu
1666 312 1877 346 concessione
1903 322 1982 356 apo-

1246 369 1368 409 stolica,
1384 368 1415 401 in
1442 377 1562 410 genere
1587 367 1637 400 vel
1664 367 1695 399 in
1721 366 1838 410 specie,
1866 377 1902 399 ac
1921 371 1984 398 tam

1246 421 1442 455 coniunctim
1469 431 1564 464 quam
1584 419 1719 459 divisim,
1740 425 1791 452 aut
1808 419 1886 451 alias
1905 429 1986 461 quo-

1247 474 1428 508 modolibet
1456 478 1599 513 utuntur,
1628 473 1790 513 fruuntur,
1815 471 1987 515 potiuntur

1247 533 1279 561 et
1302 527 1470 570 gaudent,
1499 536 1535 559 ac
1567 525 1637 565 uti,
1674 524 1734 557 srui
1773 529 1805 557 et
1841 523 1986 566 gaudere

1247 586 1385 625 possunt
1421 586 1452 613 ct
1486 584 1639 623 poterunt
1679 579 1711 611 in
1745 578 1912 617 futurum,
1947 577 1987 610 ad

1247 634 1449 678 praedictam
1474 631 1770 675 Congregationem
1807 630 1989 663 Bethlemi-

1250 693 1349 720 tarum
1377 692 1408 720 et
1433 686 1561 729 singula
1587 686 1674 718 illius
1701 684 1874 729 hospitalia
1891 711 1898 724 ,
1937 684 1989 717 do-

1248 751 1316 774 mos
1343 746 1373 773 et
1399 740 1460 773 alia
1484 740 1555 772 loca
1579 737 1762 782 regularia,
1790 737 1988 780 illorumque

1248 794 1466 838 superiores,
1504 794 1671 837 praelatos
1706 796 1737 825 et
1767 801 1988 835 quascumque

1249 847 1416 890 regulares
1440 856 1617 890 personaS‚
1644 844 1834 878 auctoritate
1861 848 1989 887 aposto-

1249 899 1328 940 lica,
1357 904 1467 932 tenore
1493 898 1725 942 praesentium,
1751 902 1910 940 perpetuo
1936 906 1988 928 cx-

1251 952 1427 991 tendimus,
1456 952 1579 993 illaque
1604 951 1650 983 eis
1672 949 1944 983 communicamus
1959 952 1989 982 et

1251 1005 1289 1037 de
1315 1015 1396 1037 novo
1422 1004 1634 1036 concedimus
1672 1014 1709 1035 ac
1740 1001 1909 1045 sutl'ragari
1935 1012 1988 1034 vo-

1250 1060 1366 1091 lumus.
1394 1057 1627 1097 Dccernentes,
1653 1056 1779 1088 easdem
1798 1060 1988 1098 praesentes

1250 1111 1376 1144 litteras
1400 1120 1529 1153 semper
1547 1115 1578 1142 et
1595 1114 1756 1153 perpetuo
1772 1108 1892 1149 firmas,
1913 1107 1990 1141 vali-

1251 1164 1307 1197 das
1333 1170 1365 1196 et
1389 1164 1536 1196 efficaces
1562 1163 1699 1196 existere
1725 1167 1757 1195 et
1786 1162 1871 1202 fore,
1904 1171 1991 1194 suos-

1251 1228 1312 1261 que
1330 1217 1496 1261 plenarios
1516 1221 1547 1249 et
1564 1216 1709 1259 integros
1729 1215 1860 1249 effectus
1881 1215 1991 1248 sortiri

1251 1275 1282 1304 et
1306 1270 1464 1309 obtinere,
1485 1280 1520 1302 ac
1546 1269 1620 1310 illis,
1642 1269 1680 1302 ad
1707 1278 1788 1312 quos
1807 1272 1935 1311 spectat
1959 1272 1991 1300 et

1250 1334 1310 1366 pro
1336 1329 1483 1366 tempore
1518 1321 1790 1366 quandocumque
1816 1320 1991 1364 spectabit,

1250 1376 1282 1409 in
1317 1376 1468 1410 omnibus
1499 1381 1531 1409 et
1569 1386 1627 1419 per
1663 1375 1770 1408 onmia
1804 1373 1991 1417 plenissime

1251 1429 1428 1473 suffragari,
1456 1435 1486 1462 et
1512 1429 1551 1462 ab
1577 1429 1622 1462 eis
1650 1428 1833 1472 respective
1858 1426 1992 1460 inviola-

1250 1483 1361 1516 biliter
1381 1482 1572 1523 observari,
1601 1482 1711 1525 sicque
1743 1481 1775 1514 in
1806 1479 1992 1524 praemissis

1250 1548 1309 1580 per
1341 1547 1564 1580 quoscumque
1594 1535 1718 1568 iudices
1751 1533 1935 1568 ordinarios
1961 1538 1994 1566 et

1251 1591 1431 1632 delegatos,
1457 1590 1552 1622 etiam
1581 1599 1750 1621 causarum
1775 1587 1887 1632 palatii
1913 1598 1992 1631 apo-

1251 1643 1357 1676 stolici
1384 1643 1562 1682 auditores,
1586 1641 1722 1674 iudicari
1744 1646 1775 1675 et
1792 1640 1921 1674 definiri
1944 1640 1994 1673 de-

1251 1696 1340 1737 bere,
1368 1706 1404 1728 ac
1429 1695 1556 1728 irritum
1585 1701 1616 1728 et
1645 1695 1741 1728 inane
1767 1695 1791 1727 si
1818 1704 1912 1726 secus
1938 1703 1991 1726 su-

1251 1759 1309 1792 per
1335 1748 1385 1781 his
1411 1759 1427 1780 a
1452 1758 1628 1791 quoquam,
1651 1747 1762 1790 quavis
1788 1745 1991 1786 auctoritate,

1251 1802 1391 1834 scienter
1424 1802 1473 1833 vel
1503 1801 1712 1843 ignoranter,
1746 1799 1922 1842 contigerit
1945 1804 1993 1831 at-

1253 1855 1383 1888 tentari.
1399 1854 1556 1892 Quocirca
1576 1853 1820 1886 venerabilibus
1838 1853 1991 1886 fratribus

1252 1907 1458 1951 patriarchis,
1486 1905 1728 1949 acliiepiscopis
1754 1910 1784 1938 et
1809 1905 1988 1949 episeopis,

1252 1961 1387 2004 aliisque
1414 1961 1557 1993 locorum
1580 1958 1759 1991 Ordinariis
1785 1957 1992 2001 quibuscum-

1254 2025 1328 2058 que,
1353 2024 1482 2047 necnon
1508 2013 1626 2045 dilecto
1651 2011 1717 2045 tilio
1742 2021 1911 2044 causarum
1936 2022 1989 2044 cu-

1253 2068 1319 2101 riae
1345 2067 1497 2100 Gamerae
1525 2065 1734 2109 Apostolicae
1765 2064 1910 2107 generali
1935 2075 1991 2097 au-

1254 2121 1362 2161 ditori,
1388 2131 1448 2163 per
1478 2124 1671 2163 praesentes
1703 2118 1936 2151 committimus
1961 2123 1993 2150 et

1253 2174 1451 2213 mandamus,
1469 2177 1629 2216 quatenus
1646 2171 1783 2215 quilibet
1797 2181 1992 2214 eorum,per

1254 2238 1296 2266 se,
1313 2228 1362 2259 vel
1388 2227 1498 2265 alium,
1527 2236 1583 2257 seu
1609 2224 1701 2263 alios,
1726 2229 1915 2267 praesentes
1941 2224 1992 2256 lit-

1255 2286 1338 2313 teras
1374 2285 1404 2312 et
1429 2279 1460 2310 in
1487 2278 1533 2310 eis
1567 2283 1718 2310 contenta
1750 2287 1990 2320 quaecumque,

1253 2332 1306 2364 ubi
1334 2338 1365 2365 et
1391 2332 1522 2375 quando
1548 2341 1629 2373 opus
1654 2330 1768 2369 fuerit,
1801 2340 1838 2362 ac
1863 2329 1992 2372 quoties

1254 2395 1313 2427 pro
1339 2390 1430 2427 parte
1465 2382 1625 2425 generalis
1661 2388 1691 2415 et
1729 2382 1862 2414 fratrum
1888 2382 1992 2414 dictae

1254 2435 1522 2479 Congregationis
1562 2435 1831 2468 Bctlilemitarum
1873 2434 1993 2467 fuerint

1254 2489 1415 2532 requisiti,
1435 2487 1626 2521 solemniter
1647 2488 1863 2530 publicantes,
1879 2488 1991 2531 eisque

1254 2542 1286 2575 in
1311 2540 1497 2586 praemissis
1524 2540 1664 2574 efficacis
1683 2540 1881 2574 defensionis
1899 2551 1993 2583 prae-

1255 2596 1338 2629 sidio
1353 2594 1555 2634 assistentes,
1574 2594 1692 2627 faciant
1710 2594 1900 2628 auctoritate
1914 2604 1990 2631 nos,-

1988 203 2038 237 Αιι.
2060 211 2089 238 c.
2109 210 2174 239 «ποτ

2027 1064 2148 1085 clausulae.

2042 1858 2187 1879 Praesentium

2001 1885 2126 1911 publicatio.
