2269 3203
122 207 171 235 Αη.
195 209 223 233 (ἶ.
249 207 315 234 ¹718

124 690 238 713 Exordium
247 697 258 712 a
268 691 308 711 sul-

123 718 233 739 licxtudine
262 724 308 744 pta-

124 745 221 766 morendi
237 751 310 765 sarra-

125 778 169 792 rum
193 772 308 791 litterarum

124 804 149 819 ac
183 801 308 823 praesertin!

125 825 259 849 thautagicae
276 826 309 844 la-

124 852 208 872 cultatts
218 852 295 872 stu-lia.

944 204 1084 226 CLEMENS
1112 203 1141 225 x1
1167 203 1213 226 ΓΡ.

626 255 747 288 (ῙΩΙᾸΥ.

317 327 565 368 confirmantur
592 325 838 358 constitutiones
863 321 1061 356 Academiae

362 380 556 421 tlieoloqicac
571 380 605 411 in
614 380 638 412 A
647 378 893 420 rcln'wmiiii.s·io
906 377 1059 414 Romano,
1081 407 1082 412 ,

1081 307 1083 321 t

360 444 434 465 cam
460 433 668 476 deputatione
697 435 912 474 protectorum
940 434 967 461 et
993 439 1083 461 con-r

361 487 500 519 cessione
524 485 779 529 privileqi'orum
794 483 813 516 ¹.

531 566 666 592 Clemens
688 565 769 597 Papa
789 564 843 597 XI,

441 612 476 637 ad
497 612 672 643 perpetuam
693 608 738 635 rei
758 607 943 634 memoriam.

364 678 566 711 lnscrutabili
587 678 712 710 divinae
733 677 888 710 bonitatis
907 683 1003 720 atque
1019 688 1063 710 sa-

320 731 464 776 pientiae
490 731 694 774 providentia
713 731 750 763 ad
771 730 933 764 Ecclesiae
951 731 1062 764 catho-

322 785 402 818 licae
421 795 479 828 per
495 784 679 816 universum
701 789 858 816 terrarum
879 784 990 817 orbem
1007 784 1061 817 dis-

320 839 410 871 susae
436 838 592 880 regimen,
616 837 739 869 meritis
765 837 840 870 lieet
868 836 1059 879 imparibus,

320 891 431 932 erecti,
458 891 542 923 inter
568 890 763 933 multiplices
789 890 962 933 pastoralis
989 890 1064 933 rigi-

319 946 438 978 lantiae
463 950 593 978 nostrae
620 954 727 984 curas,
755 954 915 976 sacrarum
942 944 1063 976 littera-

319 1011 389 1033 rum
420 1010 456 1032 ae
488 998 674 1042 praesertim
703 998 907 1041 theologicae
935 998 1064 1031 faculta-

321 1052 360 1085 tis
379 1051 495 1091 studia,
515 1062 574 1094 per
592 1062 684 1094 quae,
703 1051 838 1094 depulsa
857 1051 1063 1092 ignorantiae

321 1105 470 1148 caligine,
490 1105 676 1137 mortalium
691 1110 817 1136 mentes
834 1105 905 1136 luce
920 1104 1062 1136 veritatis

320 1159 536 1196 illustrantur,
555 1157 593 1190 ad
620 1168 782 1200 supernae
804 1157 934 1189 deitatis
955 1167 1063 1189 essen-

322 1212 397 1243 tiam
413 1210 573 1243 veraciter
591 1211 876 1254 contemplandam
902 1210 965 1243 iter
990 1221 1064 1253 pan-

321 1264 417 1304 ditur,
435 1274 513 1295 sana
532 1263 680 1296 doctrina
699 1263 867 1300 asseritur,
884 1263 1064 1296 catholicae

319 1316 395 1348 tidci
428 1316 553 1359 puritas
591 1315 630 1347 ab
667 1316 856 1348 haeresibus
893 1316 1064 1358 pravisque

321 1368 525 1411 dogmatibus
544 1368 652 1410 gladio
669 1368 804 1411 spiritus
824 1369 983 1401 vindicata
1002 1369 1065 1401 eni-

322 1422 422 1463 tescit,
449 1422 601 1465 illiusque
628 1428 658 1456 et
691 1422 789 1456 divini
816 1424 921 1456 cultus
946 1434 1065 1467 propa-

321 1476 444 1519 gationi
470 1486 506 1509 ac
531 1475 603 1509 aliis
636 1476 831 1509 christianae
863 1477 1064 1520 reipublicae

322 1529 502 1563 commodis
529 1529 726 1570 consulitur,
751 1530 872 1572 ubique
899 1532 1064 1571 locorum,

322 1593 357 1615 ac
381 1582 556 1625 praecipue
582 1583 613 1615 in
641 1583 702 1616 hac
728 1584 812 1616 alma
831 1584 915 1617 Urbe
941 1587 1063 1624 nostra,

323 1647 358 1669 ex
387 1646 449 1679 qua
475 1636 643 1669 doctrinae
681 1643 710 1669 ct
743 1638 903 1671 bonorum
929 1648 1063 1680 operum

322 1690 473 1732 exempla
513 1689 544 1721 in
584 1690 726 1732 reliquas
765 1691 937 1723 christiani
978 1691 1065 1724 orbis

321 1747 428 1786 partes
454 1742 582 1775 assidue
609 1749 811 1786 promanant,
831 1749 985 1786 quantum
1010 1755 1066 1777 no-

321 1795 372 1828 bis
397 1806 433 1828 ex
453 1796 515 1828 alto
534 1796 733 1835 conceditur,
754 1806 960 1838 promovere,
982 1796 1066 1828 exci—

324 1855 389 1881 tare
408 1854 440 1882 et
457 1849 630 1881 consovere
649 1850 827 1889 studemus,
848 1850 940 1888 sicut,
962 1851 1066 1882 omni-

322 1903 382 1935 bus
400 1907 542 1935 maturae
561 1902 833 1935 considerationis
851 1902 971 1935 trutina
993 1913 1066 1945 per-

322 1955 434 1999 pensis
451 1982 459 1996 ‚
486 1955 525 1988 ad
551 1955 784 1998 omnipotentis
816 1955 872 1988 Dei
905 1955 1062 1998 gloriam,

322 2008 550 2052 Ecclesiaeque
576 2009 675 2042 decus
709 2014 740 2041 et
771 2008 996 2052 praesidium,
1030 2019 1065 2041 ac

360 2117 368 2142 1
394 2115 486 2142 Const.
508 2114 572 2142 edit.
588 2121 702 2146 nocent,
716 2114 758 2141 die
776 2115 808 2141 12
821 2114 898 2148 iunii,
910 2114 1005 2150 pontif.
1022 2122 1064 2147 xv,

322 2160 481 2187 confirmata
499 2160 574 2187 fuere
594 2163 695 2186 statuta
711 2159 870 2186 Academiae
886 2159 1066 2186 Seientiarum

322 2203 509 2237 Bononiensis;
522 2207 607 2230 const.
626 2203 690 2230 edit.
708 2210 835 2237 MDCCxw,
850 2203 893 2229 die
910 2204 942 2229 18
957 2211 1067 2230 novem-

323 2247 396 2281 bris,
417 2248 513 2284 pontif.
532 2255 594 2282 xw,
615 2256 746 2283 suspensa
767 2248 906 2283 privilegia
932 2247 1068 2274 facultatis

324 2293 491 2328 theologicae
512 2293 693 2326 Parisiensis3
724 2297 810 2320 const.
840 2293 906 2318 edit.
934 2299 1066 2325 nocent,

324 2337 367 2364 die
383 2338 416 2363 19
435 2337 537 2369 martii,
557 2337 653 2372 pontif.
670 2345 723 2368 xxx,
740 2337 936 2363 confirmantur
957 2337 1066 2372 privile-

323 2381 368 2416 gia
387 2381 570 2408 universitatis
585 2385 612 2408 et
632 2381 736 2416 collegii
755 2381 954 2414 Urbinatensi53
972 2382 999 2407 in
1016 2382 1066 2407 Be—

325 2425 426 2452 nedicti
441 2424 499 2451 XIll
515 2429 600 2452 const.
617 2425 682 2452 edit.
700 2432 843 2456 nnccxxlv,
859 2425 902 2451 die
918 2426 952 2451 ’ΖΟ
963 2425 1065 2460 aprilis,

324 2469 421 2505 pontif.
437 2475 460 2502 1,
477 2469 592 2503 erigitur
611 2469 755 2504 collegium
777 2469 962 2503 theologorum
983 2470 1010 2496 in
1031 2470 1067 2496 ci—

324 2514 407 2540 vitate
423 2513 614 2539 Caesenatensi
626 2522 633 2546 ;
648 2517 674 2540 et
688 2518 774 2540 const.
791 2513 856 2541 edit.
869 2520 1012 2545 mnecxxu,
1024 2513 1067 2539 die

325 2558 342 2585 6
368 2558 449 2591 maii,
479 2556 574 2592 pontif.
604 2563 641 2590 ιι,
671 2558 846 2586 confirmatur
866 2563 894 2586 et.
923 2558 1068 2593 ampliatur

325 2609 455 2639 praesens
475 2600 642 2628 constitutio.

439 2656 519 2685 Ball.
536 2655 618 2687 Rom.
635 2670 670 2676 —-
689 2656 749 2684 t'oz.
767 2656 841 2685 XXI.
988 2657 1021 2684 99

1740 190 1803 223 785

1103 250 1367 283 christifidelium
1406 249 1574 281 utilitatem
1614 248 1846 291 cognoscimus

1104 303 1133 335 in
1161 303 1298 335 Domino
1325 301 1498 334 salubriter
1519 301 1684 344 expedire.

1148 357 1162 399 ἓ
1189 356 1220 388 4Ῑ.
1244 356 1318 388 Cum
1338 355 1447 398 itaque
1465 355 1555 394 alias,
1575 365 1691 396 nctupv
1711 353 1749 385 ah
1770 353 1846 396 ipis
1868 365 2046 387 {matanatis-:us

1861 396 1878 410 vt
1899 392 1972 411 lauda-s
1984 392 2046 411 huius

1853 198 1903 224 An.
1922 198 1950 224 C.
1978 196 2044 224 ¹718

1081 422 1082 425 ¹
1104 408 1309 452 pontificatus
1336 407 1436 440 nostri
1464 407 1662 450 primordiis,
1689 406 1986 449 qllil¹·ditlllAra-tenuat·
2008 418 2045 436 sul)

1861 450 1962 469 auspiciis
1989 444 2045 463 Sau-

1105 462 1278 495 Academia
1304 460 1490 503 theologica
1515 465 1709 503 nuncupata,
1729 460 1760 491 in
1788 471 1849 502 qua
1862 474 1941 491 tutas
1957 471 2020 490 suat».

1105 517 1216 559 plures
1241 515 1272 548 in
1300 518 1336 547 ea
1363 515 1510 547 facultate
1537 513 1665 551 versati,
1692 523 1728 545 ac
1754 512 1849 545 etiam

1105 569 1249 611 magistri
1269 579 1324 601 seu
1344 568 1496 601 doctores
1515 573 1564 600 aut
1594 567 1673 599 alias
1692 565 1849 609 graduati,

1105 624 1144 656 ad
1170 623 1353 666 pleniorem
1379 627 1410 654 et
1436 620 1659 654 sublimiorem
1686 630 1849 652 sacrarum

1107 677 1357 719 divinarumque
1376 685 1484 707 rerum
1502 674 1724 717 cognitionem
1746 672 1851 715 adspi-

1106 735 1226 769 rantes,
1255 739 1364 762 sacrae
1387 728 1574 769 theologiae
1596 737 1723 760 necnon
1751 726 1851 758 histo-

1107 783 1172 815 riae
1188 782 1428 816 ecclesiasticae
1445 781 1626 824 disciplinis
1641 779 1849 823 praecipuam

1107 837 1320 879 sedulamque
1347 845 1480 879 operam
1512 833 1720 867 laudabiliter
1743 833 1852 865 hacte-

1107 900 1168 922 nus
1193 894 1362 923 nararunt,
1389 893 1419 921 ct
1445 888 1551 920 adhuc
1585 885 1756 919 indefessis
1789 891 1852 918 stu-

1108 943 1167 976 diis
1193 953 1308 975 narare
1335 952 1400 973 non
1427 941 1598 978 desistunt,
1617 939 1675 972 sub
1701 939 1852 982 auspiciis

1108 997 1243 1037 nostris,
1270 1007 1305 1029 ac
1332 995 1425 1028 nobis
1452 994 1681 1036 annuentibus,
1709 994 1741 1025 in
1768 993 1852 1026 [rbc

1108 1050 1250 1093 praefata
1276 1054 1383 1082 erecta
1408 1059 1463 1081 seu
1491 1048 1635 1081 instituta
1672 1047 1721 1086 sit,
1756 1045 1852 1088 eiquo

1108 1112 1201 1135 usum
1228 1102 1288 1135 loci
1317 1102 1347 1133 in
1375 1101 1512 1133 aedibus
1544 1099 1666 1144 publici
1694 1098 1850 1143 gymnasii

1108 1156 1294 1200 Sapientiae
1320 1155 1497 1198 nuncupati
1518 1154 1662 1187 eiusdem
1682 1152 1774 1185 L'rbis
1793 1163 1851 1194 pro

1108 1209 1174 1241 suis
1208 1209 1418 1242 conventibus
1454 1207 1612 1240 habendis
1646 1212 1676 1239 ct
1712 1205 1853 1238 iunctio-

1109 1262 1204 1294 uibus
1230 1261 1448 1304 peragendis,
1484 1261 1542 1293 sub
1568 1259 1662 1292 certis
1689 1259 1787 1291 modo
1822 1264 1853 1290 et

1109 1316 1210 1347 forma
1237 1321 1313 1347 tunc
1339 1313 1509 1357 expressis,
1530 1313 1803 1355 assignaverimus
1822 1316 1854 1343 et

1109 1369 1387 1407 concesserimus,
1425 1373 1479 1407 et,
1518 1367 1599 1399 sicut
1639 1366 1852 1409 plurimorum

1108 1422 1253 1454 virorum
1285 1420 1520 1464 praestantium
1554 1419 1760 1463 testimonio,
1790 1419 1852 1450 imo

1110 1475 1204 1508 etiam
1227 1475 1459 1507 nonnullorum
1479 1484 1514 1505 ei:
1535 1472 1775 1505 venerabilibus
1794 1472 1854 1503 fra-

1111 1529 1212 1561 tribus
1239 1528 1358 1560 nostris
1384 1528 1413 1559 S.
1431 1527 1468 1559 ll.
1490 1527 1521 1558 Ε.
1541 1526 1770 1564 cardinalibus,
1798 1525 1852 1567 qui

1109 1580 1273 1614 litterariis
1293 1580 1393 1624 ipsius
1413 1579 1603 1612 Academiae
1622 1576 1853 1610 exercitationi·

1110 1636 1170 1667 bus
1203 1641 1234 1667 et
1267 1633 1555 1676 disceptationibus
1588 1632 1718 1675 saepius
1755 1631 1855 1664 inter-

1109 1690 1252 1728 fuerunt,
1272 1687 1434 1721 relatione
1454 1685 1647 1729 accepimus,
1668 1684 1776 1718 dilecti
1797 1683 1854 1717 tilii

1110 1741 1297 1781 academici,
1326 1741 1431 1774 eidem
1458 1739 1652 1773 Academiae
1679 1737 1851 1780 adscripti,

1110 1795 1272 1829 notabiles
1308 1795 1340 1826 in
1377 1793 1534 1837 praetatis
1572 1792 1750 1835 disciplinis
1780 1802 1855 1833 pro-

1109 1859 1241 1893 gressus
1268 1849 1329 1880 iam
1356 1847 1512 1885 fecerint,
1539 1852 1570 1879 et
1595 1846 1626 1877 in
1654 1845 1721 1877 dies
1747 1845 1854 1877 facere

1110 1908 1257 1945 pergant,
1295 1901 1380 1933 unde
1406 1910 1470 1932 non
1497 1900 1637 1932 obscura
1663 1909 1738 1941 spes
1764 1897 1856 1930 atl'ul—

1111 1962 1200 1999 geat,
1228 1955 1295 1987 sore
1325 1960 1359 1986 ut
1391 1953 1476 1986 dicta
1501 1952 1690 1990 Academia,
1719 1952 1855 1984 benedi-

1111 2015 1205 2042 cente
1230 2008 1378 2047 Domino,
1416 2017 1481 2040 non
1519 2007 1624 2039 solum
1662 2006 1785 2038 maiora
1821 2007 1853 2038 in

1109 2067 1277 2105 posterum
1305 2060 1460 2103 suscipiat
1485 2059 1706 2099 incrementa,
1743 2069 1853 2091 rerum

1110 2115 1207 2148 ctiam
1233 2113 1439 2147 suavissimos
1465 2113 1653 2155 uberesque
1674 2113 1797 2144 fructus
1824 2111 1854 2143 in

1110 2167 1256 2202 Ecclesia
1292 2166 1346 2200 Dei
1385 2166 1583 2209 quandoque
1621 2166 1794 2208 proserat3
1823 2165 1855 2197 iu

1111 2231 1253 2264 eumque
1279 2219 1377 2253 tinem
1403 2219 1559 2262 praethcti
1590 2218 1767 2251 academici
1795 2229 1854 2260 pro

1111 2280 1199 2308 recto
1237 2286 1272 2307 ac
1309 2273 1395 2306 felici
1433 2273 1628 2305 Academiae
1667 2272 1855 2304 huiusmodi

1111 2327 1270 2370 gubernio
1307 2327 1479 2359 nonnullas
1517 2325 1767 2358 constitutiones
1799 2334 1855 2356 seu

1111 2387 1238 2419 statuta,
1258 2391 1342 2424 quae
1365 2389 1423 2423 per
1448 2379 1552 2412 bonae
1578 2377 1755 2410 memoriae
1774 2377 1856 2408 Tho-

1111 2444 1194 2466 marn
1208 2433 1351 2471 Mariam,
1373 2433 1446 2464 duni
1468 2432 1555 2469 rixit,
1574 2430 1717 2463 eiusdem
1738 2429 1851 2461 sali.

1112 2487 1310 2520 cardinalem
1330 2485 1515 2517 Ferrarium
1533 2483 1563 2515 S.
1580 2481 1756 2516 Clementis
1771 2491 1852 2512 nim-

1111 2544 1263 2582 cupatum
1288 2538 1377 2570 iussu
1402 2542 1513 2570 nostro
1532 2535 1635 2568 revisa
1661 2540 1692 2566 et
1715 2532 1853 2564 subinde

1112 2591 1297 2636 approbata
1315 2591 1461 2632 suerunt,
1489 2587 1682 2632 iampridem
1701 2585 1855 2619 condide-
