2269 3203
209 231 258 258 An.
275 228 304 256 c.
326 228 394 257 1703
439 218 482 254 86

402 277 549 316 omnium,
573 285 669 316 quae,
693 285 777 307 secus
807 275 940 315 agendo,
964 276 1145 316 praescripta

403 329 431 356 et
453 325 563 356 sancita
587 325 706 355 suerint.

230 383 260 405 Do
272 383 393 404 muneribus

210 417 234 431 ex
250 411 333 431 actibus
346 416 392 435 prn-

210 437 383 464 pfndeflunum,
405 423 556 460 religionis
578 427 694 453 nostrae
724 421 1006 452 administrationem
1031 419 1147 459 potissi-

405 481 451 501 me
474 472 634 511 pertinent,
658 480 790 510 quosque
817 470 881 500 ideo
904 469 1039 508 superior
1061 476 1147 505 gene-

405 520 475 550 ralis
497 521 615 550 nonnisi
638 519 673 549 de
694 519 818 549 consilio
844 523 872 548 et
893 526 1015 547 assensu
1044 515 1148 545 defini-

406 573 504 598 torum
527 569 664 608 expedire
686 578 719 598 ac
743 568 900 598 terminare
930 569 1044 605 potest,
1069 564 1148 602 capi-

405 617 499 648 tulum
513 618 650 656 generale
667 621 811 653 recenset,
828 616 975 652 videlicet,
989 614 1147 643 electiones
1167 621 1169 631 ¹

406 676 519 705 omnes,
543 676 617 706 quae
640 676 654 695 a
678 665 843 695 delinitor-io
873 673 924 703 per
953 667 1066 692 secreta
1089 661 1148 690 sus-

406 716 498 754 sragia
522 714 714 745 celebrandae
729 717 902 749 occurrunt3
921 711 1105 750 superiorum
1120 713 1147 739 et

407 765 532 795 aliorum
549 764 787 800 commissiones3
810 761 1017 802 postulantium
1042 760 1077 789 ad
1100 759 1148 788 ha-

406 813 501 843 bitum
523 818 551 843 et
574 813 752 843 novitiorum
777 812 811 841 ad
829 809 989 841 emittenda
1013 813 1076 838 vota
1100 808 1149 838 ad-

407 862 593 901 missionem,
611 861 814 900 religiosorum
831 860 866 890 de
883 859 968 889 domo
985 859 1013 888 in
1031 857 1148 888 domum

409 912 485 942 iusta
501 921 535 942 ex
552 912 640 941 causa
656 910 863 940 translationes
877 910 903 946 ¹3
919 908 1082 938 erectiones
1098 916 1149 936 no-

409 970 512 990 varum
543 960 695 990 domorum
731 963 759 988 et
795 958 1008 994 novitiatuum,
1043 955 1149 986 aerarii

410 1009 572 1039 communis
595 1008 876 1038 administrationem
904 1011 931 1036 et
964 1005 1148 1041 cti=todiam3

409 1058 642 1088 fulminationem
660 1056 971 1087 excommunicationis
987 1054 1126 1084 solemnis
1141 1064 1148 1090 3

410 1117 568 1147 poenarum
598 1107 860 1145 gravissimarum,
890 1105 1001 1135 scilicet
1036 1103 1149 1142 deposi-

409 1157 518 1191 tionis,
542 1155 761 1195 suspensionis,
786 1154 1045 1189 incarcerationis,
1072 1152 1150 1182 vocis

409 1206 520 1236 activae
548 1209 575 1234 et
603 1206 733 1244 passivae
758 1204 952 1243 privationis,
976 1207 1004 1232 et
1025 1202 1150 1231 aliarum

410 1253 628 1293 importantium
662 1253 812 1282 infamiam
846 1262 878 1282 ac
912 1252 986 1281 iuris
1018 1250 1150 1280 ordinem

410 1303 634 1342 requirentium,
652 1302 880 1341 impositionem,
895 1310 928 1330 ac
941 1300 1057 1330 demum
1070 1302 1152 1328 actus

410 1352 475 1382 illos
490 1361 601 1389 omnes,
616 1352 665 1391 qui
681 1351 742 1381 sive
758 1351 786 1380 in
803 1350 878 1380 libro
895 1348 1150 1385 constitutionum,

411 1401 472 1431 sive
510 1410 561 1440 per
594 1400 787 1440 capitulorum
819 1399 1000 1438 generalium
1034 1397 1150 1427 decreta

412 1449 577 1480 definitorio
600 1453 799 1479 reservantur.

251 1509 401 1540 ti'opregtmina
454 1507 491 1528 vi.
514 1498 584 1528 Cum
607 1507 641 1528 ea
663 1498 772 1536 omnia,
789 1506 864 1536 quae
882 1496 916 1526 ad
929 1495 1081 1535 religionis
1103 1498 1152 1523 aut

220 1536 305 1583 ,ιῖἶῖἶῖζζῗ
326 1539 347 1582 ‘21²
358 1541 402 1582 ..22¹3
413 1546 570 1576 cuiuslibet
587 1546 689 1576 domus
706 1545 892 1586 particularis
910 1544 1152 1583 gubernationem

219 1590 361 1616 ¹''⁴¹²¹⁰¹¹²¹¹¹'
414 1596 587 1636 praesertim
619 1596 649 1625 in
683 1595 770 1625 rebus
797 1594 983 1634 gravioribus
1006 1595 1151 1633 spectant,

413 1644 502 1675 abbas
535 1645 668 1684 superior
701 1644 847 1683 generalis
869 1653 903 1674 ex
926 1643 953 1673 vi
976 1647 1152 1673 statutorum

414 1694 573 1725 terminare
605 1703 637 1724 ac
669 1694 792 1724 delinire
825 1703 883 1723 non
917 1693 1009 1732 possit
1039 1692 1095 1722 nisi
1118 1691 1153 1721 de

414 1743 536 1774 consilio
562 1743 690 1774 decisivo
713 1753 746 1773 ac
766 1752 910 1773 consensu
933 1742 1151 1777 delinitorium3

415 1792 522 1822 idcirco
551 1792 767 1823 nominationes
797 1795 1022 1831 procuratorum
1050 1790 1153 1820 domus

415 1841 601 1880 particularis
623 1840 781 1871 cuiuslibet
797 1839 954 1870 abbatialis
972 1839 1014 1878 (S.
1034 1838 1153 1868 Antonii

415 1890 594 1920 monasterio
610 1894 743 1930 excepto,
760 1890 844 1920 cuius
860 1892 1032 1929 procurator
1055 1898 1068 1917 a
1085 1897 1154 1918 con-

416 1940 543 1969 ventuali
561 1939 689 1979 capitulo
708 1938 866 1979 approbari
883 1938 977 1973 debet,
995 1942 1022 1968 et
1040 1937 1153 1967 institui

417 1993 444 2018 et
466 1989 610 2028 destitui),
634 1989 861 2018 seminariorum
884 1988 1095 2023 institutiones,
1121 1996 1154 2016 ac

416 2037 632 2075 designationes
654 2038 813 2075 lectorum,
837 2041 936 2077 utpote
969 2037 1105 2067 difficiles
1128 2040 1155 2066 et

417 2086 524 2116 arduae
541 2096 572 2116 ac
589 2087 739 2125 religionis
761 2087 850 2117 totius
872 2086 1154 2116 administrationem

418 2136 446 2162 et
467 2133 649 2163 commodum
673 2134 701 2163 in
724 2143 755 2163 re
777 2133 951 2172 gravissima
967 2133 1153 2171 attingentes,

418 2191 434 2211 a
456 2182 701 2212 reverendissimo
716 2182 835 2221 quidem
851 2181 968 2220 abbate,
986 2182 1035 2212 sed
1054 2182 1156 2211 defini—

419 2234 514 2260 torum
531 2234 654 2267 tantum,
672 2235 721 2260 aut
743 2231 868 2261 duorum
884 2240 919 2261 ex
935 2231 1017 2270 ipsis,
1035 2231 1156 2261 consilio

420 2283 448 2309 et
469 2288 589 2309 assensu
614 2279 677 2309 fieri
699 2279 846 2310 debebunt
861 2284 889 2310 et
911 2280 1074 2310 terminari.

250 2338 336 2359 natoco
346 2341 410 2364 atquo
461 2337 511 2358 vn.
535 2328 620 2367 Apud
644 2330 852 2359 monasterium
869 2330 899 2360 S.
916 2330 1039 2359 Antonii
1055 2329 1157 2359 desini-

226 2366 529 2422 2T,{2}5¹},¹20⁰⁰3231t0rium
553 2376 693 2407 residebit
716 2382 871 2417 perpetu03
889 2388 932 2416 ac,
957 2388 993 2407 ne
1007 2387 1052 2408 res
1075 2377 1157 2408 Ordi-

226 2419 305 2440 ’ΜΗ-
421 2425 466 2455 nis
488 2434 520 2454 ac
543 2425 695 2455 domorum
718 2426 809 2464 ipsius
832 2435 900 2465 prae
923 2426 1016 2456 nimia
1038 2430 1157 2456 cuncta-

421 2473 500 2503 tione
521 2472 660 2503 damnum
683 2473 800 2513 aliquod
823 2475 983 2513 patiantur,
1001 2474 1158 2505 hebdoma-

421 2522 466 2552 dis
488 2521 611 2559 singulis
630 2522 828 2552 delinitorium
851 2523 940 2553 semel
963 2523 1067 2553 saltem
1087 2533 1158 2553 con-

423 2570 572 2601 vocabitur
593 2579 608 2600 a
632 2571 878 2602 reverendissimo
893 2571 1008 2611 abbate,
1023 2576 1072 2602 aut
1095 2572 1158 2602 eius

458 2625 470 2654 1
489 2623 558 2652 Edit.
575 2623 654 2653 Main.
671 2624 735 2660 legit
750 2625 949 2655 translationis
968 2627 1008 2662 (n.
1025 2625 1074 2662 T.).

984 225 1165 251 BULLARIUM
1190 224 1346 251 ROMANUM

444 382 471 404 v.
496 374 575 404 lnter
596 378 678 404 actus
700 373 859 404 definitorii
877 372 1022 412 proprios,
1040 371 1089 411 qui
1112 370 1146 399 ad
1166 367 1168 387 ²

1937 219 1989 246 An.
2003 218 2031 246 C.
2054 218 2122 248 1703

1189 273 1317 312 generali
1341 270 1461 307 vicario,
1486 269 1533 300 die
1564 273 1593 299 et
1624 268 1709 306 hore,
1733 266 1841 308 quibus
1855 266 1928 307 ipsis

1190 323 1281 360 magis
1311 319 1455 350 videbitur
1483 317 1632 358 expedire,
1656 321 1684 347 et
1707 317 1791 347 toties
1813 315 1930 356 quoties

1190 376 1307 411 propter
1329 379 1436 407 urgens
1459 367 1606 406 negotium
1625 366 1742 406 aliquod
1758 366 1929 397 definitores

1189 420 1428 450 convocationem
1446 416 1615 447 huiusmodi
1631 416 1838 456 exquisierint;
1853 415 1929 455 quod

1190 469 1212 499 si
1228 467 1491 498 reverendissimus
1509 465 1598 495 abbas
1614 465 1675 494 sive
1693 464 1821 494 vicarius
1837 463 1930 504 ipsius

1191 527 1241 556 per
1257 515 1454 546 hebdomadas
1470 514 1601 553 singulas
1613 513 1813 543 definitorium
1826 520 1931 542 vocare

1190 566 1352 604 negligant,
1385 569 1435 594 aut
1469 564 1604 603 requisiti
1632 567 1784 598 recusent,
1808 560 1930 591 sabbato

1190 615 1321 655 qualibet
1337 615 1409 644 hora
1425 616 1527 653 quarta
1544 613 1747 653 pomeridiana
1768 612 1797 641 in
1816 611 1879 641 loco
1895 611 1931 640 ad

1190 665 1218 694 id
1251 664 1423 701 constituto,
1448 663 1557 702 absque
1590 660 1827 700 interpellatione
1849 659 1930 695 alia,

1190 713 1252 743 dies
1275 713 1354 742 enim
1377 717 1405 742 et
1428 712 1498 742 hora
1521 710 1721 751 interpellant,
1742 709 1777 739 ab
1801 709 1863 748 illo,
1879 708 1930 748 qui

1192 763 1268 792 inter
1290 762 1459 793 definitores
1488 761 1590 791 ordine
1613 760 1725 800 primus
1753 758 1859 797 aderit,
1883 758 1933 788 ha-

1192 811 1333 850 bebitur,
1357 816 1386 841 et
1409 820 1484 850 quae
1515 810 1545 839 in
1578 809 1628 839 illo
1661 809 1778 839 decreta
1806 806 1931 845 suerint,

1191 860 1311 890 omnino
1334 859 1483 889 dabuntur
1505 858 1635 888 effectui.

1231 918 1291 939 vm.
1316 908 1481 939 Desinitorii
1504 907 1689 944 secretarius,
1714 907 1763 946 qui
1786 907 1864 936 inter
1885 905 1934 936 de·
1969 915 1998 936 ne
2013 914 2128 946 sagmata

1193 959 1325 989 finitores
1341 967 1457 998 semper
1472 961 1647 995 assumetur,
1663 956 1833 995 designatus
1854 964 1870 985 a
1889 963 1935 985 re·
1945 942 2065 964 ⁶⁶³⁰¹¹⁰¹¹¹'

1194 1008 1406 1038 verendissimo
1441 1007 1471 1037 in
1503 1006 1729 1044 congregatione
1761 1003 1933 1042 definitorii,

1194 1062 1258 1097 post
1280 1058 1423 1097 cuiusque
1446 1056 1567 1096 capituli
1591 1055 1735 1094 generalis
1763 1053 1937 1084 celebratio-

1194 1116 1273 1145 nem,
1294 1106 1388 1146 prima
1400 1108 1407 1122 ¹
1423 1110 1451 1136 et
1473 1115 1488 1135 a
1508 1105 1627 1143 collegis
1644 1104 1802 1140 admissus,
1819 1101 1934 1133 consul-

1195 1156 1318 1185 tationes
1349 1164 1382 1184 ac
1413 1154 1573 1184 deliberata
1599 1153 1708 1183 scribet
1734 1153 1764 1182 in
1788 1151 1863 1182 libro
1884 1160 1936 1181 seu

1195 1205 1223 1234 in
1250 1208 1393 1242 regestro,
1418 1203 1494 1242 quod
1517 1202 1663 1232 custodire
1686 1211 1814 1240 semper,
1839 1208 1937 1239 neque

1196 1253 1278 1291 illud,
1291 1252 1459 1282 inconsulto
1475 1252 1654 1288 delinitorio,
1671 1250 1828 1286 dimittere,
1841 1258 1873 1279 ac
1888 1257 1939 1287 ge-

1196 1302 1289 1332 nerali
1311 1301 1440 1341 capitulo
1462 1310 1515 1341 pro
1538 1305 1670 1339 tempore
1693 1298 1834 1329 exhibere
1858 1302 1938 1328 tene-

1196 1351 1285 1381 bitur.
1308 1350 1443 1389 Sigillum
1461 1359 1546 1387 vero,
1563 1350 1624 1379 sive
1640 1349 1734 1379 maius
1750 1348 1810 1378 sive
1828 1347 1936 1385 minuti,

1195 1399 1272 1439 apud
1292 1399 1477 1429 definitorem
1504 1398 1629 1428 alterum
1659 1397 1723 1436 pari
1756 1396 1842 1426 modo
1864 1395 1938 1426 sele-

1196 1452 1275 1479 ctum
1297 1452 1325 1478 et
1348 1446 1543 1487 approbatum
1565 1445 1701 1476 similiter
1723 1445 1916 1476 custodietur.

1235 1506 1275 1527 ix.
1300 1497 1369 1526 Acta
1386 1495 1545 1526 definitorii
1567 1494 1734 1525 scribantur
1760 1495 1789 1525 in
1808 1497 1938 1532 regestro
1967 1499 2134 1532 ,aeacus-defl-

1197 1550 1255 1576 tam
1277 1556 1292 1575 a
1315 1545 1449 1585 praeside
1481 1544 1639 1574 definitorii
1673 1552 1760 1582 quam
1788 1552 1804 1572 a
1827 1541 1939 1573 duobus
1950 1531 2022 1576 {iiss‘fm
2040 1527 2135 1548 sermen-

1196 1594 1411 1630 definitoribus,
1435 1602 1561 1632 quorum
1583 1593 1657 1622 alter
1678 1593 1741 1631 ipse
1763 1591 1941 1622 secretarius

1196 1645 1271 1681 erit,
1295 1644 1516 1674 commissiones
1534 1651 1613 1678 vero,
1634 1645 1767 1681 patentes
1782 1641 1897 1671 litterae
1912 1644 1940 1673 et

1197 1694 1359 1731 facultates,
1377 1701 1451 1732 quae
1468 1693 1625 1722 mittuntur
1647 1691 1675 1720 in
1698 1691 1810 1728 domm,
1827 1697 1842 1719 a
1859 1698 1941 1729 prae-

1196 1743 1256 1773 side
1278 1747 1306 1772 et
1328 1741 1486 1772 secretario
1513 1745 1647 1777 tantum;
1679 1742 1863 1778 transumpta
1892 1747 1942 1768 au-

1197 1797 1265 1829 tem,
1282 1792 1341 1821 sive
1358 1795 1500 1829 extracta,
1517 1789 1669 1820 secretarii
1684 1789 1774 1819 solius
1790 1788 1940 1826 chirogra-

1198 1841 1253 1881 pho
1276 1840 1482 1870 firmabuntur.

1238 1900 1264 1919 x.
1289 1888 1384 1919 Abbas
1413 1888 1548 1928 superior
1580 1887 1726 1926 generalis
1756 1886 1884 1925 aliquem
1906 1894 1941 1915 ex
2005 1890 2136 1921 Dia-vicario

1198 1938 1336 1968 fratribus
1353 1938 1473 1973 nostris,
1491 1940 1596 1972 aetate,
1614 1934 1756 1974 moribus,
1774 1934 1899 1964 scientia
1913 1938 1941 1965 et
1953 1917 2136 1971 {gigervfficqhagns-

1199 1997 1296 2018 rerum
1313 1997 1367 2017 usu
1384 1985 1550 2026 probatum,
1567 1985 1597 2014 in
1614 1984 1755 2013 vicarium
1775 1982 1941 2022 generalem

1198 2036 1252 2066 sibi
1275 2036 1445 2073 constituet,
1469 2034 1518 2074 qui
1542 2034 1604 2063 eius
1627 2032 1756 2062 absentis
1778 2036 1828 2062 aut
1850 2032 1942 2072 impe-

1198 2085 1250 2115 diti
1273 2084 1365 2114 vicem
1398 2084 1427 2113 in
1461 2081 1627 2113 definitorio
1658 2090 1709 2111 seu
1732 2081 1860 2120 capitulo
1894 2090 1943 2120 ge-

1199 2134 1292 2164 nerali
1315 2134 1397 2164 obire
1420 2133 1521 2172 possit,
1545 2132 1654 2171 quique
1684 2131 1794 2161 idcirco
1821 2131 1849 2160 in
1881 2140 1941 2161 mo-

1199 2184 1327 2214 nasterio
1349 2181 1487 2212 abbatiali
1519 2190 1634 2220 semper
1663 2181 1792 2210 residere
1814 2179 1940 2217 debeam

1200 2236 1332 2272 patentes
1354 2232 1467 2262 litteras
1489 2239 1555 2260 cum
1578 2229 1717 2259 clausulis
1746 2229 1940 2267 restrictivis,

1199 2285 1341 2321 quantum
1356 2280 1391 2310 ad
1407 2284 1488 2309 actus
1503 2279 1675 2315 definitorii‚
1699 2279 1834 2318 superior
1855 2287 1943 2317 gene-

1200 2330 1269 2360 ralis
1290 2329 1347 2369 ipsi
1369 2328 1498 2358 tribuere
1521 2337 1578 2357 non
1601 2327 1713 2366 possit3
1734 2327 1810 2366 quod
1826 2327 1850 2357 si
1866 2327 1942 2358 vica-

1199 2380 1276 2409 rium
1290 2377 1456 2416 generalem
1470 2376 1731 2406 reverendissimus
1743 2375 1832 2405 abbas
1843 2385 1942 2406 creare

1200 2427 1325 2464 differat,
1342 2426 1443 2456 vicarii
1465 2425 1557 2464 ipsius
1573 2429 1668 2464 partes
1690 2428 1718 2454 et
1735 2434 1841 2454 munus
1863 2425 1942 2464 prior

1200 2477 1261 2516 ipse
1274 2474 1452 2512 claustralis,
1463 2478 1520 2504 tam
1534 2474 1563 2503 in
1573 2473 1701 2513 capitulo
1713 2473 1842 2512 generali
1854 2483 1942 2513 quam

1200 2525 1230 2554 in
1255 2523 1438 2561 definitorio,
1463 2522 1512 2552 ubi
1539 2531 1611 2561 opus
1634 2523 1708 2559 erit,
1732 2522 1851 2552 interim
1874 2531 1943 2561 sup-

1201 2571 1302 2612 plebit.
1316 2571 1451 2602 Ceterum
1465 2570 1582 2600 vicariis
1597 2569 1744 2608 omnibus,
1762 2570 1793 2600 in
1805 2569 1942 2600 domibus

1237 2626 1248 2653 r1
1271 2623 1339 2657 Quid
1359 2623 1503 2660 legendum
1525 2631 1572 2660 pro
1591 2623 1689 2659 prima
1708 2623 1799 2653 nescio
1819 2623 1858 2660 (tt.
1873 2623 1924 2660 ⁵12).
