2269 3203
232 229 285 257 An.
305 227 420 270 (1.4714
465 218 529 252 636

302 1133 420 1163 Pntulicatio

236 1163 378 1186 praesentium
401 1166 410 1178 e

425 285 603 320 eorumque
621 276 697 309 totis
722 274 891 309 tenoribus
916 274 1077 318 specialis,
1096 284 1165 318 spe-

424 329 522 370 cifica,
546 340 695 373 expressa
713 334 745 362 et
762 328 935 369 individua,
957 339 993 361 ac
1011 328 1051 360 de
1068 327 1167 360 verbo

425 383 464 416 ad
483 383 626 422 verbum,
645 393 711 415 non
730 386 837 415 autcm
855 391 914 424 per
934 381 1094 413 clausulas
1113 390 1167 422 ge-

426 437 553 469 nerales
587 436 672 468 idem
705 435 937 478 importantes,
964 433 1085 466 mentio
1111 443 1167 465 seu

426 489 536 532 quavis
561 489 624 522 alia
650 488 815 531 expressio
843 487 1005 526 habenda,
1032 491 1087 519 aut
1111 486 1168 518 ali-

427 553 489 585 qua
507 542 568 574 alia
585 541 743 584 exquisita
758 541 861 573 forma
878 540 996 572 adhoc
1010 539 1167 572 servanda

427 594 521 633 soret,
540 600 670 627 tenores
687 593 888 634 huiusmodi,
906 603 942 625 ac
968 592 994 625 si
1014 592 1052 625 de
1068 592 1167 624 verbo

426 648 465 680 ad
490 647 637 686 verbum,
656 645 739 678 nihil
757 645 886 688 penitus
907 645 1026 678 omisso
1053 650 1085 677 et
1105 645 1168 677 sor-

427 702 478 733 ma
501 700 534 732 in
559 699 624 733 illis
659 699 773 732 tradita
802 699 991 740 observata,
1013 698 1169 741 exprime-

425 757 541 785 rentur
558 757 590 785 et
607 752 840 791 insererentur,
864 751 1091 795 praesentibus
1108 760 1167 794 pro

427 806 523 848 plene
541 809 572 837 et
588 804 786 837 sufficienter
807 804 968 847 expressis
985 809 1017 837 et
1037 803 1166 836 insertis

428 858 599 897 habentes,
626 856 692 889 illis
718 857 798 889 alias
819 856 849 889 in
872 867 931 889 suo
956 857 1077 889 robore
1099 865 1169 898 per-

428 909 600 949 mansuris,
615 910 652 942 ad
670 909 921 952 praemissorum
936 907 1092 948 effectum,
1108 908 1169 940 hac

428 962 498 995 vice
527 962 709 1002 dumtaxat,
738 962 926 1005 specialiter
953 967 985 994 et
1016 971 1167 1004 expresse

431 1016 635 1058 derogamus,
653 1026 689 1048 ac
706 1016 894 1057 derogatum
913 1025 984 1048 esse
1002 1015 1167 1054 volumus3

431 1068 619 1111 ceterisque
644 1068 817 1100 contrariis
839 1067 1112 1110 quibuscumque.

475 1121 489 1164 ξ
514 1119 546 1154 8.
574 1120 613 1153 Ut
634 1125 739 1153 antem
758 1120 892 1153 eaedem
912 1124 1102 1163 praesentes
1120 1119 1170 1151 lit-

236 1188 288 1207 imsss
318 1180 520 1208 [rausum-{erae
546 1174 584 1206 ad
611 1173 757 1206 omnium
782 1173 930 1206 notitiam
956 1172 1083 1205 facilius
1117 1172 1170 1204 dc-

235 1216 326 1239 ptorum.

430 1228 571 1269 veniant,
597 1228 745 1260 volumus
771 1227 844 1260 illas
863 1237 918 1259 seu
936 1236 1047 1259 earum
1067 1236 1170 1258 exem-

428 1283 484 1325 pla
508 1282 546 1314 ad
567 1283 672 1314 valvas
697 1280 852 1314 ecclesiae
878 1279 1115 1319 Lateranensis,
1134 1289 1170 1311 ac

428 1334 581 1368 basilicae
602 1334 763 1377 Principis
779 1334 1019 1377 Apostolorum,
1039 1342 1168 1365 necnon

429 1387 648 1420 Cancellariae
674 1387 886 1429 apostolicae,
911 1386 1089 1428 Curiaeque
1115 1394 1169 1427 ge-

427 1440 548 1473 neralis
581 1440 613 1472 in
643 1439 750 1472 Monte
784 1438 940 1472 Citatorio
967 1443 999 1471 et
1034 1438 1066 1469 in
1098 1437 1167 1470 acie

429 1493 643 1537 Campissorae
676 1494 715 1525 de
751 1493 857 1533 Urbe,
893 1497 928 1524 ut
959 1491 1060 1523 moris
1097 1496 1165 1531 est,

430 1546 515 1589 affigi
541 1551 573 1579 et
597 1545 778 1589 publ—icari,
806 1545 916 1588 sicque
937 1544 1119 1587 publicatas
1138 1549 1168 1576 et

430 1599 539 1632 affixas
556 1626 563 1639 ‚
591 1609 705 1632 onmes
732 1604 763 1631 et
788 1598 955 1640 singulm,
985 1608 1065 1641 quos
1092 1597 1167 1630 illac

430 1657 644 1693 concernunt,
670 1652 807 1695 perinde
833 1657 957 1684 arctare
976 1657 1007 1684 et
1032 1651 1167 1690 afficere,

429 1717 465 1739 ac
479 1706 503 1739 si
518 1706 695 1749 unicuique
710 1716 821 1738 eorum
837 1705 1028 1738 nominatim
1047 1710 1078 1737 et
1098 1714 1170 1747 per-

430 1759 586 1792 sonaliter
605 1759 773 1791 intimatae
792 1758 945 1798 suissent;
972 1763 1071 1800 utque
1089 1757 1169 1800 ipsa-

429 1823 501 1845 rum
527 1812 711 1845 litterarum
732 1811 953 1854 transumptis,
979 1821 1035 1843 seu
1061 1820 1167 1843 exem-

429 1866 516 1910 plis,
553 1866 649 1898 etiam
689 1864 874 1907 impressis,
910 1875 1005 1897 manu
1032 1863 1168 1896 alicuius

430 1918 548 1951 notarii
581 1917 703 1961 publici
743 1917 954 1960 subscriptis,
998 1922 1030 1949 ct
1063 1915 1168 1958 sigillo

431 1971 566 2004 alicuius
605 1981 766 2014 personae
792 1971 825 2003 in
856 1970 1077 2003 ecclesiastiea
1116 1969 1166 2001 di-

431 2025 553 2067 gnitate
569 2024 765 2057 constitutae
786 2023 928 2063 munitis,
945 2023 1058 2056 eadem
1076 2032 1169 2065 pror-

433 2088 487 2110 sus
524 2077 604 2110 sides
643 2083 706 2110 tam
742 2077 774 2109 in
811 2076 930 2109 iudicio
967 2086 1061 2119 quam
1083 2081 1169 2108 extra

431 2131 511 2164 illud
545 2132 669 2174 ubique
704 2131 879 2170 habeatur,
924 2141 1005 2173 quae
1045 2129 1168 2162 eisdem

431 2185 662 2228 praesentibus
683 2185 896 2218 adhiberetur
919 2184 944 2216 si
959 2184 1067 2216 sorent
1083 2182 1171 2216 exhi-

431 2237 520 2270 bitae
544 2239 595 2270 vel
622 2242 785 2270 ostensae.

476 2291 589 2323 Datum
617 2291 648 2323 in
675 2292 754 2323 Arce
786 2289 983 2333 Gandulplii,
1009 2289 1170 2322 Albanen-

433 2344 476 2377 sis
502 2343 670 2383 dioecesis,
690 2344 749 2375 snb
772 2344 893 2375 annulo
915 2342 1101 2380 Piscatoris,
1119 2341 1170 2373 die

432 2407 464 2430 vr
489 2397 674 2430 novembris
698 2406 852 2435 Moccxtv,
879 2394 1085 2438 pontificatus
1112 2404 1171 2426 no-

434 2449 491 2483 stri
517 2460 602 2482 anno
627 2459 691 2482 xiv.

468 2511 528 2539 Dat.
549 2511 621 2539 die'6
632 2510 788 2538 novembris
807 2510 884 2542 ¹714,
899 2508 997 2544 pontif.
1011 2516 1083 2536 anno
1098 2514 1151 2536 x1v.

732 2601 889 2610 m

1011 225 1191 251 BULLAl’tlUM
1213 223 1364 249 ROMANUM

1533 270 1620 305 CCX.

1212 343 1458 385 Confirmantur
1482 342 1608 376 decreta
1635 340 1902 384 Conyreqationis
1919 351 1949 373 e-

1250 397 1457 439 piscoporum
1493 399 1522 428 et
1545 394 1754 438 reqularium
1789 393 1824 426 in
1849 393 1948 425 causci

1253 448 1290 481 de
1313 449 1470 491 facultate
1494 447 1717 480 assistentium
1741 449 1770 478 et
1797 445 1948 488 primatu

1255 505 1392 544 tempore
1416 511 1524 533 sacrae
1542 498 1740 532 visitationis
1757 498 1843 531 inter
1860 498 1949 542 prio-

1254 564 1320 586 rem
1351 554 1534 597 yeneralem
1570 552 1783 586 cremitarum
1818 551 1851 584 S.
1878 550 1948 583 Au-

1253 607 1381 650 qustim‘
1404 611 1432 640 et
1456 607 1619 640 vicarium
1650 604 1832 648 qeneratem
1862 604 1946 638 Con-

1254 661 1453 704 preqatiom's
1478 658 1725 693 Lombmdiae'.

1427 741 1564 768 clemens
1585 741 1664 774 Papa
1683 740 1738 774 xl,

1355 786 1391 812 ad
1406 785 1544 812 futuram
1560 785 1605 812 rei
1624 784 1807 812 memoriam.

1256 856 1645 899 §1.Emanar11ntn11pe1·
1659 866 1676 888 a
1690 853 1950 897 Congregatione

1212 908 1446 942 venerabilium
1462 909 1595 940 fratrum
1610 913 1797 940 nostrorum
1811 907 1842 940 S.
1861 907 1897 939 R.
1912 907 1946 939 E.

1213 960 1426 994 cardinalium
1444 959 1583 1003 negotiis
1598 964 1629 992 et
1653 959 1949 992 consultationibus

1214 1015 1444 1058 episcoporum
1469 1019 1500 1047 et
1523 1012 1723 1056 regularium
1749 1012 1946 1056 praeposita,

1213 1067 1245 1100 in
1271 1069 1363 1100 causa
1389 1068 1536 1101 Romana
1559 1065 1761 1105 visitationis,
1788 1066 1873 1098 inter
1903 1065 1950 1097 di-

1213 1120 1314 1153 lectos
1338 1119 1422 1154 filios
1447 1120 1591 1163 priorem
1613 1119 1800 1162 generalem
1821 1117 1949 1151 Ordinis

1213 1174 1346 1206 fratrum
1389 1173 1597 1206 eremitarum
1636 1172 1737 1206 sancti
1777 1171 1949 1214 Augustini

1213 1227 1346 1270 eiusque
1372 1226 1573 1266 assistentes,
1599 1236 1636 1259 ex
1661 1227 1735 1266 una,
1754 1231 1786 1258 et
1810 1224 1950 1267 Congre-

1213 1280 1377 1322 gationem
1401 1279 1634 1312 Observantiae
1655 1277 1841 1322 provinciae
1861 1277 1950 1310 Lom-

1212 1333 1344 1366 bardiae
1371 1332 1516 1365 eiusdem
1541 1331 1680 1371 Ordinis,
1699 1341 1737 1364 ex
1754 1331 1855 1363 altera
1873 1339 1948 1373 par-

1213 1386 1309 1426 tibus,
1331 1390 1488 1426 vertente,
1517 1385 1647 1418 decreta
1671 1384 1792 1417 tenoris
1817 1384 1870 1427 qni
1896 1394 1947 1416 se-

1212 1438 1331 1482 quitur,
1352 1437 1522 1471 videlicet:

1251 1500 1281 1529 In
1305 1500 1392 1530 caus-a
1408 1499 1585 1529 visitationis
1607 1503 1739 1529 vertente
1761 1497 1839 1528 inter
1853 1502 1949 1538 patres

1955 219 2004 248 An.
2024 220 2054 249 C.
2070 220 2139 249 1714

2001 1507 2015 1528 Ι.
2034 1506 2145 1528 Decretum

1966 1533 2141 1559 Congu-gationis

1213 1549 1339 1588 priorem
1362 1548 1528 1587 generalem
1551 1548 1640 1578 totius
1663 1547 1780 1578 Ordinis
1801 1547 1830 1577 S.
1854 1547 2025 1586 Augu-super
2055 1563 2147 1587 quaiuor

1211 1598 1280 1627 stini
1303 1598 1424 1636 eiusque
1448 1597 1640 1634 assistentes,
1663 1605 1698 1626 ex
1721 1597 1790 1634 una,
1825 1600 1854 1626 et
1880 1595 1952 1626 Con-

1211 1647 1409 1685 gregationem
1432 1646 1641 1676 Observantiae
1673 1645 1841 1684 provinciae
1869 1644 1952 1675 Lom-

1211 1695 1329 1724 bardiae
1341 1695 1471 1725 eiusdem
1488 1694 1619 1732 Ordinis,
1634 1693 1766 1733 partibus
1788 1703 1823 1723 ex
1846 1693 1950 1730 altera,

1213 1744 1369 1783 propositis
1404 1743 1600 1782 infrascriptis
1635 1742 1731 1772 dubiis
1745 1765 1752 1779 ,
1789 1741 1924 1772 videlicet
1942 1751 1949 1770 ε

1213 1802 1230 1822 1.
1257 1793 1301 1822 An
1337 1802 1404 1822 casn
1441 1791 1617 1821 visitationis
1654 1795 1852 1820 conventuum
1879 1790 1954 1820 Con-

1212 1841 1392 1880 gregationis
1423 1840 1633 1870 Observantiae
1666 1838 1856 1869 Lombardiae
1887 1847 1953 1878 per-

1212 1889 1338 1928 agendae
1375 1898 1426 1928 per
1463 1893 1576 1927 patrem
1612 1887 1779 1925 generalem
1812 1886 1929 1917 Ordinis
1943 1909 1951 1924 ,

1213 1938 1325 1977 possint
1347 1937 1526 1967 intervenire
1556 1941 1653 1975 patres
1683 1935 1853 1965 assistentes
1875 1934 1954 1964 eius-

1212 1987 1277 2016 dem
1296 1986 1430 2023 Ordinis,
1455 1994 1484 2014 u.
1510 1986 1557 2014 An
1582 1988 1609 2014 et
1633 1984 1748 2023 quando
1765 1992 1795 2013 se
1819 1992 1849 2012 se
1871 1982 1953 2020 inge-

1214 2045 1276 2066 rere
1310 2035 1424 2065 valeant
1440 2059 1447 2072 ,
1471 2038 1499 2063 et
1522 2043 1557 2063 an
1581 2037 1609 2062 et
1633 2032 1749 2072 quando
1783 2036 1881 2062 votum
1910 2031 1952 2061 eis

1214 2088 1361 2124 competat
1376 2094 1383 2121 ;
1403 2093 1444 2113 111.
1462 2083 1504 2112 An
1523 2082 1650 2112 vicarius
1667 2081 1823 2119 generalis,
1846 2090 1897 2110 seu
1913 2080 1953 2110 vi-

1213 2134 1316 2164 sitator
1339 2133 1504 2172 praedictae
1526 2131 1766 2170 Congregationis
1789 2129 1899 2169 possint
1921 2128 1952 2158 in

1213 2188 1280 2212 actu
1303 2182 1480 2212 visitationis
1497 2190 1511 2210 a
1532 2181 1594 2220 pari
1613 2190 1663 2210 seu
1679 2180 1708 2209 in
1727 2178 1842 2218 aequali
1860 2177 1952 2216 gradu

1217 2232 1374 2271 procedere
1397 2240 1462 2261 cuin
1487 2231 1564 2260 dicto
1586 2229 1682 2268 priore
1705 2227 1834 2266 generali
1855 2228 1885 2256 in
1909 2235 1953 2255 se-

1214 2281 1320 2317 dendo,
1352 2279 1593 2318 genuflectendo,
1614 2287 1663 2307 sen
1687 2276 1783 2315 potius
1805 2278 1951 2314 competat

1250 2348 1259 2373 1
1284 2346 1372 2373 Const.
1391 2346 1433 2372 ed.
1456 2350 1582 2377 unccxni,
1603 2343 1647 2370 die
1667 2343 1701 2370 20
1720 2341 1849 2373 octobris,
1874 2343 1950 2375 pont.

1213 2397 1275 2424 xm,
1296 2394 1388 2416 extant
1406 2388 1534 2416 nonnulla
1553 2395 1601 2422 pro
1622 2386 1755 2414 electione
1775 2390 1802 2413 et
1820 2385 1948 2412 facultate

1213 2434 1386 2461 definitorum
1415 2436 1441 2459 et
1471 2431 1693 2466 ricesgerentium
1721 2430 1950 2466 dictae‚C0ngre-

1212 2477 1343 2514 gationis3
1361 2480 1387 2504 et
1399 2476 1534 2503 Benedicti
1546 2475 1605 2502 xtll
1619 2478 1705 2502 const.
1717 2475 1780 2502 edit.
1796 2479 1952 2505 Moccxxvn,

1213 2521 1256 2548 die
1275 2522 1309 2548 27
1327 2520 1501 2556 septembris,
1522 2523 1597 2554 pont.
1618 2526 1662 2552 iv,
1683 2519 1771 2554 agitur
1791 2517 1824 2545 de
1849 2516 1946 2544 officiis

1214 2565 1315 2600 vicarii,
1336 2564 1518 2600 procuratoris
1537 2568 1564 2591 et
1583 2563 1756 2591 definitorum
1776 2562 1802 2590 in
1824 2564 1879 2590 toto
1900 2560 1948 2589 Or-

1214 2611 1276 2639 dine
1296 2611 1325 2639 S.
1346 2609 1498 2647 Augustini.

1962 1587 2040 1608 dubiis.
