2269 3203
97 220 147 248 An.
162 219 191 248 C.
214 220 283 248 1702

147 281 283 303 confirmatio

97 309 159 330 relati
175 310 265 332 decreti.

123 1618 246 1642 clausulae.

138 2463 200 2483 Fide<
227 2465 281 2485 tran.

98 2493 235 2516 sumptorum.

916 219 1057 244 CLEMENS
1084 219 1115 243 XI
1141 219 1188 242 PP.

1744 208 1849 246 5522

339 270 354 314 5
378 270 410 303 2.
444 269 522 304 Cum
552 274 669 309 autem,
696 269 781 302 sicut
813 268 914 302 dictus
940 269 1037 301 Anto·
1080 277 1179 301 sonae
1205 266 1238 300 in
1263 266 1484 300 ecclesiastica
1520 267 1678 310 dignitate
1704 268 1824 301 consti-

294 324 390 357 ninus
413 324 567 366 magister
591 323 756 365 generalis
777 322 871 355 nobis
896 321 1035 354 subinde

294 377 413 421 exponi
439 377 523 417 fecit,
549 378 618 420 ipse
640 377 810 410 decretum
838 375 1037 416 huiusmodi,

293 440 358 473 quo
382 430 507 464 firmius
540 430 704 467 subsistat,
734 429 933 473 apostolicae
959 439 1037 461 con-

291 482 486 516 firmationis
519 488 650 516 nostrae
676 483 861 526 patrocinio
893 492 1037 515 commu-

293 536 355 569 niri
381 546 591 580 summopere
613 536 803 569 desideret:
832 546 902 575 nos,
927 535 1035 579 ipsum

292 590 494 622 Antoninum
529 589 716 631 magistrum
750 589 936 632 generalem
963 598 1035 632 spe-

291 642 381 676 cialis
407 642 515 675 favore
540 643 664 685 gratiae
690 643 846 686 prosequi
874 643 1036 683 volentes,

292 701 325 729 et
348 706 365 729 a
391 696 558 740 quibusvis
584 695 944 736 excommunicationis,
969 706 1036 729 sus-

292 750 461 793 pensionis
487 754 519 782 et
544 749 732 790 interdicti,
763 749 903 793 aliisque
929 750 1036 783 eccle-

291 803 431 837 siasticis
467 803 654 843 sententiis,
680 803 826 836 censuris
851 808 883 836 et
907 803 1033 846 poenis,

292 867 310 889 a
334 857 404 890 iure
429 857 478 890 vel
504 856 544 889 ab
564 856 708 897 homine,
728 858 838 900 quavis
859 857 1034 890 occasione

290 910 342 943 vel
368 913 464 943 causa
489 911 570 950 latis,
597 912 623 944 si
649 911 766 954 quibus
784 912 1035 954 quomodolibet

291 962 468 997 innodatus
494 964 612 1004 existit,
638 965 675 998 ad
702 964 852 998 eflectum
880 976 1035 1008 praesen-

292 1016 370 1049 tium
406 1016 572 1050 dumtaxat
605 1019 889 1062 consequendum,
917 1018 1033 1051 harum

290 1069 377 1103 serie
394 1070 602 1104 absolventes
620 1077 651 1104 et
668 1072 854 1105 absolutum
873 1072 941 1105 sore
961 1083 1035 1105 cen-

290 1128 415 1164 sentes,
455 1124 748 1168 supplicationibus
792 1125 862 1158 eius
902 1128 1034 1160 nomine

292 1177 387 1210 nobis
420 1188 518 1221 super
561 1178 625 1210 hoc
663 1179 834 1211 humiliter
873 1183 1034 1223 porrectis

289 1229 447 1269 inclinati,
473 1231 639 1264 decretum
666 1232 915 1275 praeinsertum,
931 1241 1035 1268 aucto-

290 1283 385 1316 ritate
420 1284 616 1327 apostolica,
649 1291 763 1318 tenore
789 1287 1033 1329 praesentium,

290 1336 510 1380 approbamus
533 1344 565 1371 et
589 1338 830 1378 confirmamus,
848 1339 962 1383 illique
988 1342 1035 1374 in-

289 1390 452 1424 violabilis
492 1392 692 1434 apostolicae
734 1391 892 1426 firmitatis
934 1394 1035 1426 robur

290 1444 479 1478 adiicimus:
499 1446 585 1478 salva
612 1450 717 1478 tamen
740 1456 872 1489 semper
897 1447 928 1479 in
947 1458 1036 1491 prae-

291 1497 396 1531 missis
417 1498 609 1532 auctoritate
636 1505 833 1533 memoratae
853 1499 1035 1545 Congrega-

292 1552 390 1586 tionis
415 1552 638 1586 cardinalium.

337 1605 400 1649 53.
420 1606 652 1647 Decernemes,
675 1606 760 1650 ipsas
779 1614 968 1651 praesentes
988 1609 1036 1642 lit-

293 1663 378 1691 teras
397 1669 526 1702 semper
542 1659 661 1699 tirmas,
689 1661 809 1694 validas
836 1667 867 1694 et
888 1662 1035 1696 efficaces

292 1710 431 1744 existere
469 1717 501 1744 et
533 1712 612 1752 sore,
639 1724 782 1756 suosque
809 1714 978 1757 plenarios
1004 1721 1036 1749 et

288 1765 436 1807 integros
464 1764 598 1798 effectus
624 1766 735 1798 sortiri
762 1773 793 1800 et
819 1767 977 1810 obtinere,
1000 1780 1034 1803 ac

287 1818 364 1859 illis,
389 1819 428 1851 ad
467 1830 547 1863 quos
586 1825 710 1863 spectat
735 1826 766 1854 et
791 1832 851 1865 pro
885 1828 1034 1867 tempore

288 1872 458 1916 spectabit,
485 1873 518 1905 in
540 1873 691 1907 omnibus
713 1880 744 1907 et
762 1886 820 1917 per
838 1877 945 1909 onmia
966 1878 1035 1921 ple-

286 1926 418 1959 nissime
444 1925 615 1969 suffragari
632 1954 638 1967 ,
667 1928 777 1971 sicque
796 1928 827 1961 in
847 1930 1034 1972 praemissis

287 1989 347 2022 per
379 1990 601 2024 quoscumque
634 1981 758 2014 iudices
791 1982 976 2017 ordinarios
1003 1991 1035 2018 et

288 2031 467 2075 delegatos,
496 2033 592 2066 etiam
622 2044 792 2067 causarum
818 2036 930 2078 palatii
957 2048 1035 2081 apo-

287 2086 394 2120 stolici
420 2086 596 2127 auditores,
618 2088 754 2121 iudicari
781 2094 811 2122 et
837 2090 964 2124 definiri
983 2091 1034 2124 de-

286 2139 378 2180 here,
396 2150 431 2173 ac
449 2139 574 2173 irritum
593 2146 623 2174 et
649 2141 747 2174 inane
772 2142 797 2175 si
823 2153 916 2176 secus
936 2155 1035 2188 super

287 2193 340 2226 his
358 2203 375 2226 a
393 2204 568 2237 quoquam,
581 2195 694 2237 quavis
713 2196 917 2237 anctoritate,
932 2197 1035 2231 scien-

289 2252 339 2279 ter
362 2248 411 2279 vel
437 2247 639 2290 ignoranter,
665 2249 840 2292 contigerit
866 2251 1031 2284 attentari.

288 2299 359 2333 Non
386 2300 596 2333 obstantibus
617 2302 905 2336 constitutionibus
928 2309 958 2336 et
983 2314 1033 2337 or-

290 2353 514 2387 dinationibus
528 2354 739 2398 apostolicis;
760 2356 943 2401 ceterisque
962 2368 1034 2391 con-

292 2407 401 2441 trariis
427 2407 699 2452 quibuscumque.

337 2460 408 2503 gli.
445 2461 602 2495 Volumus
633 2467 741 2496 autem
777 2468 812 2496 ut
844 2464 1031 2498 earumdem

293 2515 515 2556 praesentium
541 2515 720 2549 litterarum
740 2517 960 2561 transumptis,
977 2529 1032 2551 seu

294 2566 569 2609 exemplis,etiam
585 2569 767 2612 impressis,
780 2580 876 2603 manu
894 2570 1032 2604 alieuius

293 2618 411 2654 notarii
425 2619 549 2662 publici
566 2620 767 2666 subscriptis,
787 2627 818 2656 et
836 2623 943 2667 sigillo
960 2634 1033 2669 pre-

1081 327 1167 354 tutae
1199 320 1342 361 munitis,
1376 321 1490 354 eadem
1524 331 1656 364 prorsus
1685 321 1764 354 sides
1790 322 1823 355 in

1080 374 1202 408 iudicio
1229 379 1260 408 et
1286 379 1375 408 extra
1400 375 1607 415 adhibeatur,
1630 385 1711 418 quae
1731 386 1824 418 prae-

1080 428 1225 461 sentibus
1248 428 1326 471 ipsis
1351 428 1567 462 adhiberetur
1592 427 1617 461 si
1640 429 1747 462 forent
1771 440 1826 461 οι·-

1082 481 1205 514 liibitae
1231 481 1279 514 vel
1306 486 1469 515 ostensae.

1124 534 1237 567 Datum
1264 534 1396 575 Romae,
1422 535 1507 579 apud
1540 535 1571 568 S.
1598 535 1740 576 Petrum,
1765 536 1824 568 sub

1080 588 1202 621 annulo
1228 587 1412 628 piscatoris,
1436 588 1488 622 die
1514 599 1545 622 ιν
1570 589 1682 632 aprilis
1700 599 1825 630 MDCCII,

1080 640 1287 684 pontificatus
1314 640 1418 674 nostri
1439 651 1525 674 anno
1552 652 1587 675 11.

1117 704 1171 730 Dat.
1194 703 1238 731 die
1259 704 1274 731 4
1294 703 1388 740 aprilis
1410 704 1491 739 1702,
1512 704 1610 740 pontif.
1632 713 1702 733 anno
1723 711 1751 733 11.

1382 849 1513 882 XXXIV.

1080 929 1274 964 Conceditur
1283 929 1442 972 frutribus
1455 929 1724 972 Conqreqatr'onis
1736 929 1826 963 Beth-

1125 982 1354 1016 lelzemitarum
1375 983 1408 1015 in
1436 982 1542 1016 lncliis
1562 982 1825 1016 Occidentalibus

1123 1037 1281 1080 exemptio
1304 1048 1324 1069 a
1345 1037 1604 1080 processionibus
1626 1036 1795 1080 publicis'.

1298 1116 1432 1144 clemens
1453 1117 1532 1151 Papa
1551 1117 1600 1150 XI,

1220 1161 1256 1188 ad
1277 1161 1410 1188 futuram
1430 1162 1474 1188 rei
1496 1161 1680 1190 memoriam.

1122 1232 1314 1266 Sollicitudo
1340 1233 1513 1276 pastoralis
1535 1233 1642 1275 officii,
1676 1245 1741 1278 quo
1767 1234 1824 1268 Ec-

1078 1287 1195 1320 clesiae
1216 1287 1400 1320 catholicae
1421 1298 1478 1330 per
1496 1287 1683 1320 universum
1710 1288 1823 1321 orbem

1079 1340 1214 1374 diffusae
1258 1340 1409 1383 regimini
1455 1340 1562 1373 divina
1607 1341 1824 1384 dispositione

1080 1394 1316 1437 praesidemus,
1338 1404 1398 1426 nos
1417 1394 1581 1434 admonet,
1599 1399 1825 1437 ut‚paternam

1079 1446 1344 1480 christifidelium
1358 1447 1554 1480 christianae
1573 1458 1649 1490 erga
1662 1459 1824 1492 pauperes

1080 1500 1223 1534 infirmos
1250 1501 1515 1534 convalescentes
1534 1501 1703 1535 charitatis
1722 1508 1754 1536 et
1771 1503 1826 1536 ho-

1080 1553 1266 1598 spitalitatis
1311 1554 1465 1598 operibus
1513 1555 1602 1588 iuxta
1648 1556 1826 1590 laudabilia

1079 1618 1194 1640 eorum
1215 1607 1364 1641 instituta
1382 1608 1434 1651 pie
1461 1613 1493 1641 et
1515 1608 1680 1642 fructuose
1703 1609 1826 1643 incum-

1079 1661 1226 1694 bentium
1252 1672 1364 1694 curam
1391 1667 1556 1704 gerentes,
1583 1673 1624 1696 ne
1652 1662 1712 1706 ipsi
1739 1674 1755 1696 a
1780 1674 1826 1697 sa-

1078 1715 1237 1748 lutaribus
1275 1715 1430 1758 operibus
1467 1721 1498 1748 et
1532 1715 1689 1749 institutis
1715 1717 1827 1750 huius-

1079 1768 1166 1801 modi
1206 1770 1371 1802 ullatenus
1412 1774 1601 1802 avertantur
1617 1796 1625 1810 ,
1667 1776 1824 1814 quantum

1078 1821 1172 1855 nobis
1197 1831 1234 1854 ex
1260 1822 1324 1855 alto
1346 1822 1546 1863 conceditur,
1561 1823 1734 1866 providere
1759 1829 1825 1857 stu-

1078 1875 1224 1908 deamus.

1122 1929 1193 1972 §L
1227 1929 1352 1972 Exponi
1388 1929 1550 1973 siquidem
1588 1930 1683 1963 nobis
1719 1941 1841 1984 nupert

1077 2035 1215 2078 gationis
1256 2036 1573 2069 Bethlehemitarum
1615 2043 1823 2082 nuncupatae

1078 2088 1289 2132 hospitalium
1315 2099 1496 2133 pauperum
1523 2091 1822 2125 convalescentium

1077 2141 1108 2174 in
1126 2141 1225 2174 Indiis
1242 2141 1516 2184 Occidentalibus,
1540 2144 1626 2187 quod
1646 2144 1734 2187 (cum
1750 2144 1822 2189 ipsi,

1077 2194 1163 2227 iuxta
1189 2205 1302 2228 eorum
1328 2196 1580 2230 constitutiones
1607 2208 1623 2230 a
1645 2197 1748 2231 felicis
1776 2208 1824 2232 re-

1077 2248 1278 2281 cordationis
1304 2249 1494 2284 Innocentio
1513 2250 1597 2294 Papa
1616 2251 1655 2284 xl
1680 2252 1820 2295 praede-

1077 2311 1207 2334 cessore
1226 2307 1336 2336 nostro
1356 2302 1507 2346 specifice
1527 2303 1745 2346 confirmatas,
1765 2305 1824 2339 ho-

1111 2363 1124 2389 1
1143 2362 1363 2397 Constitutiones‚
1378 2364 1513 2400 privilegia
1528 2369 1554 2391 et
1570 2364 1756 2400 indulgentiae
1773 2365 1823 2393 hu-

1077 2407 1118 2434 ius
1134 2407 1376 2442 confraternitatis,
1398 2409 1424 2435 in
1445 2409 1689 2445 Congregationem
1705 2414 1823 2445 erectae,

1076 2457 1167 2479 extant
1179 2452 1206 2479 in
1217 2453 1366 2480 Innocentii
1386 2454 1420 2481 xl
1436 2458 1522 2481 const.
1536 2454 1579 2481 ed.
1597 2461 1765 2487 noenum,
1781 2455 1824 2482 die

1075 2497 1109 2523 26
1120 2498 1222 2531 martii,
1235 2498 1324 2533 pontis
1344 2503 1436 2531 x113et
1451 2499 1478 2526 in
1494 2499 1574 2526 huius
1590 2499 1726 2527 Pontificis
1737 2504 1822 2527 const.

1076 2542 1141 2569 edit.
1172 2548 1289 2577 mccvii,
1318 2544 1361 2570 die
1381 2544 1414 2570 28
1435 2544 1509 2578 iulii,
1538 2544 1635 2579 pontif.
1657 2551 1710 2579 vn,
1732 2545 1821 2571 eidem

1077 2588 1267 2614 conceduntur
1294 2588 1436 2624 privilegia
1455 2588 1669 2620 lilendicantiuna
1697 2593 1725 2616 et
1743 2588 1822 2616 Mini-

1075 2633 1219 2664 strautium
1238 2633 1366 2664 infirmis,

1854 227 1881 246 n.
1898 218 1926 246 C.
1950 219 2017 246 ¹702

1862 1240 1983 1261 vad‘um.

1862 1936 1943 1956 caum
1965 1936 2019 1965 poti-

1844 1969 1868 1983 ao
1899 1968 2019 1984 ‹sehetsslo-

1077 1982 1223 2015 fecerunt
1252 1983 1362 2016 dilecti
1394 1983 1450 2016 filii
1477 1983 1657 2017 confratres
1682 1983 1875 2028 congre-nis-
