<?xml version="1.0" encoding="UTF-8"?>
<!DOCTYPE html PUBLIC "-//W3C//DTD XHTML 1.0 Transitional//EN"
    "http://www.w3.org/TR/xhtml1/DTD/xhtml1-transitional.dtd">
<html xmlns="http://www.w3.org/1999/xhtml" xml:lang="en" lang="en">
 <head>
  <title>
</title>
<meta http-equiv="Content-Type" content="text/html;charset=utf-8" />
  <meta name='ocr-system' content='tesseract 3.04.00' />
  <meta name='ocr-capabilities' content='ocr_page ocr_carea ocr_par ocr_line ocrx_word'/>
</head>
<body>
  <div class='ocr_page' id='page_1' title='image "./bullarumdiplomat21cath_1049.png"; bbox 0 0 2269 3203; ppageno 0'>
   <div class='ocr_carea' id='block_1_1' title="bbox 81 272 1039 410">
    <p class='ocr_par' dir='ltr' id='par_1_1' title="bbox 81 272 1039 410">
     <span class='ocr_line' id='line_1_1' title="bbox 81 272 266 300; baseline -0.005 0"><span class='ocrx_word' id='word_1_1' title='bbox 81 273 130 300; x_wconf 76' lang='lat' dir='ltr'><strong>An.</strong></span> <span class='ocrx_word' id='word_1_2' title='bbox 147 272 174 298; x_wconf 89' lang='lat' dir='ltr'><strong>C.</strong></span> <span class='ocrx_word' id='word_1_3' title='bbox 200 273 266 299; x_wconf 72' lang='lat'><strong>¹722</strong></span> 
     </span>
     <span class='ocr_line' id='line_1_2' title="bbox 317 321 1039 364; baseline -0.001 -8"><span class='ocrx_word' id='word_1_4' title='bbox 317 321 429 356; x_wconf 81' lang='lat' dir='ltr'><strong>Imliz&#39;s</strong></span> <span class='ocrx_word' id='word_1_5' title='bbox 451 321 725 364; x_wconf 76' lang='lat' dir='ltr'><strong>Occidentalibus,</strong></span> <span class='ocrx_word' id='word_1_6' title='bbox 746 333 818 356; x_wconf 81' lang='lat' dir='ltr'><strong>cunt</strong></span> <span class='ocrx_word' id='word_1_7' title='bbox 843 323 1017 356; x_wconf 77' lang='lat' dir='ltr'><em>nonnullis</em></span> <span class='ocrx_word' id='word_1_8' title='bbox 1037 326 1039 346; x_wconf 55' lang='lat'><em>⁴</em></span> 
     </span>
     <span class='ocr_line' id='line_1_3' title="bbox 318 375 636 410; baseline 0.009 -3"><span class='ocrx_word' id='word_1_9' title='bbox 318 375 599 409; x_wconf 76' lang='lat' dir='ltr'><strong>declarationibus</strong></span> <span class='ocrx_word' id='word_1_10' title='bbox 616 376 636 410; x_wconf 77' lang='lat'><strong>¹.</strong></span> 
     </span>
    </p>
   </div>
   <div class='ocr_carea' id='block_1_2' title="bbox 290 456 998 544">
    <p class='ocr_par' dir='ltr' id='par_1_2' title="bbox 290 456 998 544">
     <span class='ocr_line' id='line_1_4' title="bbox 290 456 998 491; baseline 0.003 -9"><span class='ocrx_word' id='word_1_11' title='bbox 290 456 460 483; x_wconf 82' lang='lat' dir='ltr'><strong>Venerabili</strong></span> <span class='ocrx_word' id='word_1_12' title='bbox 479 457 570 484; x_wconf 80' lang='lat' dir='ltr'><strong>fratri</strong></span> <span class='ocrx_word' id='word_1_13' title='bbox 590 458 817 491; x_wconf 79' lang='lat' dir='ltr'><strong>archiepiscopo</strong></span> <span class='ocrx_word' id='word_1_14' title='bbox 833 457 998 489; x_wconf 79' lang='lat' dir='ltr'><strong>Mexicano,</strong></span> 
     </span>
     <span class='ocr_line' id='line_1_5' title="bbox 445 510 840 544; baseline 0.003 -7"><span class='ocrx_word' id='word_1_15' title='bbox 445 510 644 538; x_wconf 81' lang='lat' dir='ltr'><strong>Innocentius</strong></span> <span class='ocrx_word' id='word_1_16' title='bbox 664 511 744 544; x_wconf 76' lang='lat' dir='ltr'><strong>Papa</strong></span> <span class='ocrx_word' id='word_1_17' title='bbox 762 511 840 538; x_wconf 85' lang='lat' dir='ltr'><strong>xm.</strong></span> 
     </span>
    </p>
   </div>
   <div class='ocr_carea' id='block_1_3' title="bbox 307 573 980 650">
    <p class='ocr_par' dir='ltr' id='par_1_3' title="bbox 307 573 980 650">
     <span class='ocr_line' id='line_1_6' title="bbox 483 573 795 605; baseline 0.003 -6"><span class='ocrx_word' id='word_1_18' title='bbox 483 573 670 600; x_wconf 81' lang='lat' dir='ltr'><strong>Venerabilis</strong></span> <span class='ocrx_word' id='word_1_19' title='bbox 690 573 795 605; x_wconf 81' lang='lat' dir='ltr'><strong>frater,</strong></span> 
     </span>
     <span class='ocr_line' id='line_1_7' title="bbox 307 617 980 650; baseline 0.003 -7"><span class='ocrx_word' id='word_1_20' title='bbox 307 617 440 644; x_wconf 80' lang='lat' dir='ltr'><strong>salutem</strong></span> <span class='ocrx_word' id='word_1_21' title='bbox 461 619 491 644; x_wconf 86' lang='lat' dir='ltr'><strong>et</strong></span> <span class='ocrx_word' id='word_1_22' title='bbox 511 617 707 650; x_wconf 82' lang='lat' dir='ltr'><strong>apostolicam</strong></span> <span class='ocrx_word' id='word_1_23' title='bbox 726 617 980 645; x_wconf 80' lang='lat' dir='ltr'><strong>benedictionem.</strong></span> 
     </span>
    </p>
   </div>
   <div class='ocr_carea' id='block_1_4' title="bbox 101 702 262 723">
    <p class='ocr_par' dir='ltr' id='par_1_4' title="bbox 101 702 262 723">
     <span class='ocr_line' id='line_1_8' title="bbox 101 702 262 723; baseline 0 -1"><span class='ocrx_word' id='word_1_24' title='bbox 101 703 129 723; x_wconf 66' lang='lat' dir='ltr'><strong>At.</strong></span> <span class='ocrx_word' id='word_1_25' title='bbox 142 702 262 723; x_wconf 59' lang='lat' dir='ltr'><strong>innon-tilio</strong></span> 
     </span>
    </p>
   </div>
   <div class='ocr_carea' id='block_1_5' title="bbox 76 686 1038 1099">
    <p class='ocr_par' dir='ltr' id='par_1_5' title="bbox 76 686 1038 890">
     <span class='ocr_line' id='line_1_9' title="bbox 317 686 1038 730; baseline 0.003 -11"><span class='ocrx_word' id='word_1_26' title='bbox 317 686 332 729; x_wconf 63' lang='lat' dir='ltr'>g</span> <span class='ocrx_word' id='word_1_27' title='bbox 349 686 381 719; x_wconf 76' lang='lat'><strong>1.</strong></span> <span class='ocrx_word' id='word_1_28' title='bbox 400 686 523 730; x_wconf 79' lang='lat' dir='ltr'><strong>Exponi</strong></span> <span class='ocrx_word' id='word_1_29' title='bbox 539 686 634 719; x_wconf 87' lang='lat' dir='ltr'><strong>nobis</strong></span> <span class='ocrx_word' id='word_1_30' title='bbox 648 697 756 730; x_wconf 84' lang='lat' dir='ltr'><strong>nuper</strong></span> <span class='ocrx_word' id='word_1_31' title='bbox 782 687 858 720; x_wconf 87' lang='lat' dir='ltr'><strong>fecit</strong></span> <span class='ocrx_word' id='word_1_32' title='bbox 879 688 1016 721; x_wconf 82' lang='lat' dir='ltr'><strong>dilectus</strong></span> <span class='ocrx_word' id='word_1_33' title='bbox 1036 692 1038 695; x_wconf 83' lang='grc'><strong>“</strong></span> 
     </span>
     <span class='ocr_line' id='line_1_10' title="bbox 78 729 1015 783; baseline 0.006 -16"><span class='ocrx_word' id='word_1_34' title='bbox 78 729 262 781; x_wconf 44' lang='grc' dir='ltr'><strong>ζ’,ξῇξῖᾆῖζωὲζίἶ</strong></span> <span class='ocrx_word' id='word_1_35' title='bbox 274 737 359 771; x_wconf 83' lang='lat' dir='ltr'><strong>silius</strong></span> <span class='ocrx_word' id='word_1_36' title='bbox 370 739 547 772; x_wconf 85' lang='lat' dir='ltr'><strong>modernus</strong></span> <span class='ocrx_word' id='word_1_37' title='bbox 559 739 658 772; x_wconf 83' lang='lat' dir='ltr'><strong>frater</strong></span> <span class='ocrx_word' id='word_1_38' title='bbox 672 740 776 772; x_wconf 82' lang='lat' dir='ltr'><strong>maior</strong></span> <span class='ocrx_word' id='word_1_39' title='bbox 787 740 1015 783; x_wconf 77' lang='lat' dir='ltr'><strong>Congregatio-</strong></span> 
     </span>
     <span class='ocr_line' id='line_1_11' title="bbox 77 783 1038 837; baseline -0.003 -8"><span class='ocrx_word' id='word_1_40' title='bbox 77 784 152 832; x_wconf 51' lang='lat' dir='ltr'><strong>i.&#39;.f&#39;1n³,&#39;¹</strong></span> <span class='ocrx_word' id='word_1_41' title='bbox 169 783 322 829; x_wconf 50' lang='lat' dir='ltr'><strong>„id&#39;ffignis</strong></span> <span class='ocrx_word' id='word_1_42' title='bbox 342 791 513 825; x_wconf 77' lang='lat' dir='ltr'><strong>Cliaritatis</strong></span> <span class='ocrx_word' id='word_1_43' title='bbox 537 792 594 825; x_wconf 90' lang='lat' dir='ltr'><strong>sub</strong></span> <span class='ocrx_word' id='word_1_44' title='bbox 617 792 709 826; x_wconf 90' lang='lat' dir='ltr'><strong>titulo</strong></span> <span class='ocrx_word' id='word_1_45' title='bbox 729 794 829 826; x_wconf 88' lang='lat' dir='ltr'><strong>sancti</strong></span> <span class='ocrx_word' id='word_1_46' title='bbox 849 794 1014 837; x_wconf 65' lang='lat' dir='ltr'><strong>Hippolyti</strong></span> <span class='ocrx_word' id='word_1_47' title='bbox 1036 789 1038 799; x_wconf 66' lang='lat'><strong><em>⁴</em></strong></span> 
     </span>
     <span class='ocr_line' id='line_1_12' title="bbox 76 836 1037 890; baseline 0.002 -15"><span class='ocrx_word' id='word_1_48' title='bbox 76 838 248 888; x_wconf 50' lang='lat' dir='ltr'><strong>,fflss‘ss‘fflssfm</strong></span> <span class='ocrx_word' id='word_1_49' title='bbox 271 844 305 876; x_wconf 89' lang='lat' dir='ltr'><strong>in</strong></span> <span class='ocrx_word' id='word_1_50' title='bbox 338 844 467 878; x_wconf 87' lang='lat' dir='ltr'><strong>civitate</strong></span> <span class='ocrx_word' id='word_1_51' title='bbox 500 844 662 878; x_wconf 77' lang='lat' dir='ltr'><strong>Mexicana</strong></span> <span class='ocrx_word' id='word_1_52' title='bbox 698 846 834 890; x_wconf 85' lang='lat' dir='ltr'><strong>aliisque</strong></span> <span class='ocrx_word' id='word_1_53' title='bbox 870 847 1014 889; x_wconf 83' lang='lat' dir='ltr'><strong>partibus</strong></span> <span class='ocrx_word' id='word_1_54' title='bbox 1035 836 1037 877; x_wconf 65' lang='lat' dir='ltr'><strong>l</strong></span> 
     </span>
    </p>

    <p class='ocr_par' dir='ltr' id='par_1_6' title="bbox 269 897 1035 1099">
     <span class='ocr_line' id='line_1_13' title="bbox 271 897 1012 942; baseline 0.003 -12"><span class='ocrx_word' id='word_1_55' title='bbox 271 897 433 930; x_wconf 79' lang='lat' dir='ltr'><strong>indiarum</strong></span> <span class='ocrx_word' id='word_1_56' title='bbox 465 898 723 932; x_wconf 76' lang='lat' dir='ltr'><strong>occidentalium</strong></span> <span class='ocrx_word' id='word_1_57' title='bbox 753 899 785 931; x_wconf 89' lang='lat' dir='ltr'><strong>in</strong></span> <span class='ocrx_word' id='word_1_58' title='bbox 820 899 1012 942; x_wconf 79' lang='lat' dir='ltr'><strong>religionem</strong></span> 
     </span>
     <span class='ocr_line' id='line_1_14' title="bbox 271 951 1035 996; baseline 0.004 -14"><span class='ocrx_word' id='word_1_59' title='bbox 271 956 407 990; x_wconf 79' lang='lat' dir='ltr'><strong>erectae,</strong></span> <span class='ocrx_word' id='word_1_60' title='bbox 427 956 490 983; x_wconf 87' lang='lat' dir='ltr'><strong>tam</strong></span> <span class='ocrx_word' id='word_1_61' title='bbox 509 961 566 985; x_wconf 89' lang='lat' dir='ltr'><strong>suo</strong></span> <span class='ocrx_word' id='word_1_62' title='bbox 584 962 680 995; x_wconf 86' lang='lat' dir='ltr'><strong>quam</strong></span> <span class='ocrx_word' id='word_1_63' title='bbox 707 951 883 985; x_wconf 83' lang='lat' dir='ltr'><strong>definitorii</strong></span> <span class='ocrx_word' id='word_1_64' title='bbox 908 953 1012 996; x_wconf 86' lang='lat' dir='ltr'><strong>ipsius</strong></span> <span class='ocrx_word' id='word_1_65' title='bbox 1033 975 1035 988; x_wconf 75' lang='grc'><strong>.</strong></span> 
     </span>
     <span class='ocr_line' id='line_1_15' title="bbox 270 1002 1034 1049; baseline 0.004 -13"><span class='ocrx_word' id='word_1_66' title='bbox 270 1002 541 1047; x_wconf 83' lang='lat' dir='ltr'><strong>Congregationis</strong></span> <span class='ocrx_word' id='word_1_67' title='bbox 555 1005 699 1046; x_wconf 84' lang='lat' dir='ltr'><strong>nomine,</strong></span> <span class='ocrx_word' id='word_1_68' title='bbox 718 1006 805 1048; x_wconf 87' lang='lat' dir='ltr'><strong>quod</strong></span> <span class='ocrx_word' id='word_1_69' title='bbox 821 1003 909 1045; x_wconf 75' lang='lat' dir='ltr'><strong>alias,</strong></span> <span class='ocrx_word' id='word_1_70' title='bbox 929 1011 1013 1049; x_wconf 86' lang='lat' dir='ltr'><strong>post·</strong></span> <span class='ocrx_word' id='word_1_71' title='bbox 1033 1036 1034 1041; x_wconf 73' lang='grc'>,</span> 
     </span>
     <span class='ocr_line' id='line_1_16' title="bbox 269 1056 1012 1099; baseline 0.005 -11"><span class='ocrx_word' id='word_1_72' title='bbox 269 1067 364 1099; x_wconf 86' lang='lat' dir='ltr'><strong>quam</strong></span> <span class='ocrx_word' id='word_1_73' title='bbox 401 1056 504 1090; x_wconf 86' lang='lat' dir='ltr'><strong>felicis</strong></span> <span class='ocrx_word' id='word_1_74' title='bbox 539 1058 778 1091; x_wconf 88' lang='lat' dir='ltr'><strong>recordationis</strong></span> <span class='ocrx_word' id='word_1_75' title='bbox 803 1058 1012 1092; x_wconf 82' lang='lat' dir='ltr'><strong>Innocentius</strong></span> 
     </span>
    </p>
   </div>
   <div class='ocr_carea' id='block_1_6' title="bbox 849 275 1219 300">
    <p class='ocr_par' dir='ltr' id='par_1_7' title="bbox 849 275 1219 300">
     <span class='ocr_line' id='line_1_17' title="bbox 849 275 1219 300; baseline 0 -1"><span class='ocrx_word' id='word_1_76' title='bbox 849 275 986 299; x_wconf 59' lang='lat' dir='ltr'><strong>insnum</strong></span> <span class='ocrx_word' id='word_1_77' title='bbox 993 275 1061 299; x_wconf 72' lang='lat' dir='ltr'><strong>Tlt&#39;s</strong></span> <span class='ocrx_word' id='word_1_78' title='bbox 1090 276 1145 299; x_wconf 75' lang='lat' dir='ltr'><strong>xm</strong></span> <span class='ocrx_word' id='word_1_79' title='bbox 1170 276 1219 300; x_wconf 77' lang='grc' dir='ltr'><strong>ΡΓ.</strong></span> 
     </span>
    </p>
   </div>
   <div class='ocr_carea' id='block_1_7' title="bbox 1034 347 1042 1148">
    <p class='ocr_par' dir='ltr' id='par_1_8' title="bbox 1034 347 1042 1148">
     <span class='ocr_line' id='line_1_18' title="bbox 1034 347 1042 1148; baseline 0 0"><span class='ocrx_word' id='word_1_80' title='bbox 1034 347 1042 1148; x_wconf 95' lang='lat' dir='ltr'><strong> </strong></span> 
     </span>
    </p>
   </div>
   <div class='ocr_carea' id='block_1_8' title="bbox 265 1109 1034 2007">
    <p class='ocr_par' dir='ltr' id='par_1_9' title="bbox 265 1109 1034 2007">
     <span class='ocr_line' id='line_1_19' title="bbox 269 1109 1034 1155; baseline 0.004 -14"><span class='ocrx_word' id='word_1_81' title='bbox 269 1109 354 1153; x_wconf 83' lang='lat' dir='ltr'><strong>Papa</strong></span> <span class='ocrx_word' id='word_1_82' title='bbox 387 1109 440 1142; x_wconf 74' lang='lat' dir='ltr'><strong>XII</strong></span> <span class='ocrx_word' id='word_1_83' title='bbox 472 1111 710 1153; x_wconf 86' lang='lat' dir='ltr'><strong>praedecessor</strong></span> <span class='ocrx_word' id='word_1_84' title='bbox 745 1117 858 1144; x_wconf 83' lang='lat' dir='ltr'><strong>noster</strong></span> <span class='ocrx_word' id='word_1_85' title='bbox 892 1112 1034 1155; x_wconf 70' lang='lat' dir='ltr'><strong>dictamj</strong></span> 
     </span>
     <span class='ocr_line' id='line_1_20' title="bbox 268 1158 1033 1206; baseline 0.004 -12"><span class='ocrx_word' id='word_1_86' title='bbox 268 1161 562 1205; x_wconf 81' lang='lat' dir='ltr'><strong>Congregationem</strong></span> <span class='ocrx_word' id='word_1_87' title='bbox 590 1164 621 1196; x_wconf 88' lang='lat' dir='ltr'><strong>in</strong></span> <span class='ocrx_word' id='word_1_88' title='bbox 640 1163 832 1206; x_wconf 78' lang='lat' dir='ltr'><strong>religionem</strong></span> <span class='ocrx_word' id='word_1_89' title='bbox 854 1171 1010 1206; x_wconf 79' lang='lat' dir='ltr'><strong>erexerat,</strong></span> <span class='ocrx_word' id='word_1_90' title='bbox 1031 1158 1033 1191; x_wconf 59' lang='lat' dir='ltr'><strong>‘l</strong></span> 
     </span>
     <span class='ocr_line' id='line_1_21' title="bbox 268 1194 1033 1257; baseline 0.005 -10"><span class='ocrx_word' id='word_1_91' title='bbox 268 1215 357 1248; x_wconf 88' lang='lat' dir='ltr'><strong>illius</strong></span> <span class='ocrx_word' id='word_1_92' title='bbox 382 1216 640 1255; x_wconf 78' lang='lat' dir='ltr'><strong>constitutiones,</strong></span> <span class='ocrx_word' id='word_1_93' title='bbox 661 1222 729 1250; x_wconf 87' lang='lat' dir='ltr'><strong>toto</strong></span> <span class='ocrx_word' id='word_1_94' title='bbox 748 1217 874 1250; x_wconf 84' lang='lat' dir='ltr'><strong>illarum</strong></span> <span class='ocrx_word' id='word_1_95' title='bbox 896 1225 1010 1251; x_wconf 89' lang='lat' dir='ltr'><strong>tenore</strong></span> <span class='ocrx_word' id='word_1_96' title='bbox 1031 1194 1033 1257; x_wconf 64' lang='lat' dir='ltr'><strong>i</strong></span> 
     </span>
     <span class='ocr_line' id='line_1_22' title="bbox 268 1268 1033 1315; baseline 0.003 -14"><span class='ocrx_word' id='word_1_97' title='bbox 268 1268 402 1309; x_wconf 89' lang='lat' dir='ltr'><strong>inserto,</strong></span> <span class='ocrx_word' id='word_1_98' title='bbox 420 1280 481 1312; x_wconf 89' lang='lat' dir='ltr'><strong>per</strong></span> <span class='ocrx_word' id='word_1_99' title='bbox 501 1269 658 1313; x_wconf 76' lang='lat' dir='ltr'><strong>quasdam</strong></span> <span class='ocrx_word' id='word_1_100' title='bbox 678 1280 752 1302; x_wconf 82' lang='lat' dir='ltr'><strong>suas</strong></span> <span class='ocrx_word' id='word_1_101' title='bbox 770 1270 896 1302; x_wconf 81' lang='lat' dir='ltr'><strong>litteras</strong></span> <span class='ocrx_word' id='word_1_102' title='bbox 915 1271 1011 1303; x_wconf 85' lang='lat' dir='ltr'><strong>desu-</strong></span> <span class='ocrx_word' id='word_1_103' title='bbox 1031 1286 1033 1315; x_wconf 69' lang='lat'><strong>³,</strong></span> 
     </span>
     <span class='ocr_line' id='line_1_23' title="bbox 268 1322 1009 1365; baseline 0.001 -11"><span class='ocrx_word' id='word_1_104' title='bbox 268 1333 328 1365; x_wconf 90' lang='lat' dir='ltr'><strong>per</strong></span> <span class='ocrx_word' id='word_1_105' title='bbox 353 1322 386 1355; x_wconf 87' lang='lat' dir='ltr'><strong>in</strong></span> <span class='ocrx_word' id='word_1_106' title='bbox 412 1323 509 1356; x_wconf 83' lang='lat' dir='ltr'><strong>simili</strong></span> <span class='ocrx_word' id='word_1_107' title='bbox 536 1324 638 1356; x_wconf 70' lang='lat' dir='ltr'><strong>forma</strong></span> <span class='ocrx_word' id='word_1_108' title='bbox 662 1323 771 1356; x_wconf 87' lang='lat' dir='ltr'><strong>Brevis</strong></span> <span class='ocrx_word' id='word_1_109' title='bbox 790 1324 841 1356; x_wconf 89' lang='lat' dir='ltr'><strong>die</strong></span> <span class='ocrx_word' id='word_1_110' title='bbox 864 1335 912 1358; x_wconf 83' lang='lat' dir='ltr'><strong>xx1</strong></span> <span class='ocrx_word' id='word_1_111' title='bbox 932 1324 1009 1356; x_wconf 85' lang='lat' dir='ltr'><strong>iunii</strong></span> 
     </span>
     <span class='ocr_line' id='line_1_24' title="bbox 266 1377 1009 1420; baseline 0.005 -11"><span class='ocrx_word' id='word_1_112' title='bbox 266 1385 353 1410; x_wconf 73' lang='lat' dir='ltr'><strong>nnec</strong></span> <span class='ocrx_word' id='word_1_113' title='bbox 379 1377 557 1420; x_wconf 69' lang='lat' dir='ltr'><strong>expeditas,</strong></span> <span class='ocrx_word' id='word_1_114' title='bbox 578 1377 614 1409; x_wconf 84' lang='lat' dir='ltr'><strong>ad</strong></span> <span class='ocrx_word' id='word_1_115' title='bbox 637 1377 910 1420; x_wconf 67' lang='lat' dir='ltr'><strong>supplicationem</strong></span> <span class='ocrx_word' id='word_1_116' title='bbox 930 1380 1009 1413; x_wconf 82' lang='lat' dir='ltr'><strong>dile-</strong></span> 
     </span>
     <span class='ocr_line' id='line_1_25' title="bbox 267 1429 1011 1472; baseline 0.007 -11"><span class='ocrx_word' id='word_1_117' title='bbox 267 1429 309 1462; x_wconf 87' lang='lat' dir='ltr'><strong>cti</strong></span> <span class='ocrx_word' id='word_1_118' title='bbox 335 1429 458 1472; x_wconf 86' lang='lat' dir='ltr'><strong>pariter</strong></span> <span class='ocrx_word' id='word_1_119' title='bbox 475 1429 531 1463; x_wconf 78' lang='lat' dir='ltr'><strong>filii</strong></span> <span class='ocrx_word' id='word_1_120' title='bbox 557 1430 687 1463; x_wconf 83' lang='lat' dir='ltr'><strong>loannis</strong></span> <span class='ocrx_word' id='word_1_121' title='bbox 706 1431 744 1463; x_wconf 82' lang='lat' dir='ltr'><strong>de</strong></span> <span class='ocrx_word' id='word_1_122' title='bbox 766 1430 914 1471; x_wconf 81' lang='lat' dir='ltr'><strong>Cabrera,</strong></span> <span class='ocrx_word' id='word_1_123' title='bbox 936 1439 1011 1466; x_wconf 76' lang='lat' dir='ltr'><strong>tuno</strong></span> 
     </span>
     <span class='ocr_line' id='line_1_26' title="bbox 266 1483 1033 1529; baseline 0.005 -14"><span class='ocrx_word' id='word_1_124' title='bbox 266 1483 424 1526; x_wconf 85' lang='lat' dir='ltr'><strong>temporis</strong></span> <span class='ocrx_word' id='word_1_125' title='bbox 461 1483 606 1516; x_wconf 88' lang='lat' dir='ltr'><strong>eiusdem</strong></span> <span class='ocrx_word' id='word_1_126' title='bbox 643 1483 911 1527; x_wconf 78' lang='lat' dir='ltr'><strong>Congregationis</strong></span> <span class='ocrx_word' id='word_1_127' title='bbox 937 1496 1033 1529; x_wconf 55' lang='lat' dir='ltr'><strong>pro-&lt;¹</strong></span> 
     </span>
     <span class='ocr_line' id='line_1_27' title="bbox 267 1536 1033 1579; baseline 0.005 -11"><span class='ocrx_word' id='word_1_128' title='bbox 267 1536 426 1569; x_wconf 87' lang='lat' dir='ltr'><strong>curatoris</strong></span> <span class='ocrx_word' id='word_1_129' title='bbox 452 1537 627 1579; x_wconf 80' lang='lat' dir='ltr'><strong>generalis,</strong></span> <span class='ocrx_word' id='word_1_130' title='bbox 652 1537 710 1570; x_wconf 88' lang='lat' dir='ltr'><strong>sub</strong></span> <span class='ocrx_word' id='word_1_131' title='bbox 735 1538 830 1570; x_wconf 89' lang='lat' dir='ltr'><strong>certis</strong></span> <span class='ocrx_word' id='word_1_132' title='bbox 855 1539 952 1572; x_wconf 90' lang='lat' dir='ltr'><strong>modo</strong></span> <span class='ocrx_word' id='word_1_133' title='bbox 979 1545 1010 1572; x_wconf 86' lang='lat' dir='ltr'><strong>et</strong></span> <span class='ocrx_word' id='word_1_134' title='bbox 1032 1549 1033 1552; x_wconf 73' lang='grc'>’</span> 
     </span>
     <span class='ocr_line' id='line_1_28' title="bbox 266 1589 1009 1637; baseline 0.007 -16"><span class='ocrx_word' id='word_1_135' title='bbox 266 1589 369 1622; x_wconf 75' lang='lat' dir='ltr'><strong>forma</strong></span> <span class='ocrx_word' id='word_1_136' title='bbox 395 1595 470 1622; x_wconf 82' lang='lat' dir='ltr'><strong>tunc</strong></span> <span class='ocrx_word' id='word_1_137' title='bbox 495 1590 666 1632; x_wconf 72' lang='lat' dir='ltr'><strong>expressis,</strong></span> <span class='ocrx_word' id='word_1_138' title='bbox 682 1591 882 1624; x_wconf 74' lang='lat' dir='ltr'><strong>confirmavit</strong></span> <span class='ocrx_word' id='word_1_139' title='bbox 907 1598 938 1626; x_wconf 88' lang='lat' dir='ltr'><strong>et</strong></span> <span class='ocrx_word' id='word_1_140' title='bbox 959 1604 1009 1637; x_wconf 88' lang='lat' dir='ltr'><strong>ap·</strong></span> 
     </span>
     <span class='ocr_line' id='line_1_29' title="bbox 266 1642 1009 1687; baseline 0.005 -12"><span class='ocrx_word' id='word_1_141' title='bbox 266 1642 413 1685; x_wconf 79' lang='lat' dir='ltr'><strong>provavit</strong></span> <span class='ocrx_word' id='word_1_142' title='bbox 432 1669 439 1681; x_wconf 88' lang='lat'><strong>,</strong></span> <span class='ocrx_word' id='word_1_143' title='bbox 466 1647 498 1675; x_wconf 89' lang='lat' dir='ltr'><strong>et</strong></span> <span class='ocrx_word' id='word_1_144' title='bbox 533 1643 622 1683; x_wconf 75' lang='lat' dir='ltr'><strong>alias,</strong></span> <span class='ocrx_word' id='word_1_145' title='bbox 648 1650 746 1686; x_wconf 90' lang='lat' dir='ltr'><strong>prout</strong></span> <span class='ocrx_word' id='word_1_146' title='bbox 775 1645 807 1676; x_wconf 90' lang='lat' dir='ltr'><strong>in</strong></span> <span class='ocrx_word' id='word_1_147' title='bbox 834 1646 1009 1687; x_wconf 81' lang='lat' dir='ltr'><strong>praedictis</strong></span> 
     </span>
     <span class='ocr_line' id='line_1_30' title="bbox 265 1695 1006 1742; baseline 0.004 -14"><span class='ocrx_word' id='word_1_148' title='bbox 265 1695 447 1728; x_wconf 80' lang='lat' dir='ltr'><strong>Innocentii</strong></span> <span class='ocrx_word' id='word_1_149' title='bbox 474 1696 739 1739; x_wconf 75' lang='lat' dir='ltr'><strong>praedecessoris</strong></span> <span class='ocrx_word' id='word_1_150' title='bbox 764 1697 898 1738; x_wconf 84' lang='lat' dir='ltr'><strong>litteris,</strong></span> <span class='ocrx_word' id='word_1_151' title='bbox 926 1710 1006 1742; x_wconf 86' lang='lat' dir='ltr'><strong>qua-</strong></span> 
     </span>
     <span class='ocr_line' id='line_1_31' title="bbox 265 1749 1010 1793; baseline 0.005 -13"><span class='ocrx_word' id='word_1_152' title='bbox 265 1758 336 1781; x_wconf 88' lang='lat' dir='ltr'><strong>rum</strong></span> <span class='ocrx_word' id='word_1_153' title='bbox 356 1754 501 1781; x_wconf 85' lang='lat' dir='ltr'><strong>tenorem</strong></span> <span class='ocrx_word' id='word_1_154' title='bbox 528 1749 756 1792; x_wconf 85' lang='lat' dir='ltr'><strong>praesentibus</strong></span> <span class='ocrx_word' id='word_1_155' title='bbox 778 1760 838 1793; x_wconf 88' lang='lat' dir='ltr'><strong>pro</strong></span> <span class='ocrx_word' id='word_1_156' title='bbox 860 1752 956 1793; x_wconf 84' lang='lat' dir='ltr'><strong>plene</strong></span> <span class='ocrx_word' id='word_1_157' title='bbox 978 1757 1010 1784; x_wconf 83' lang='lat' dir='ltr'><strong>et</strong></span> 
     </span>
     <span class='ocr_line' id='line_1_32' title="bbox 265 1801 1031 1846; baseline 0.005 -13"><span class='ocrx_word' id='word_1_158' title='bbox 265 1801 465 1834; x_wconf 80' lang='lat' dir='ltr'><strong>sufficienter</strong></span> <span class='ocrx_word' id='word_1_159' title='bbox 498 1812 654 1844; x_wconf 77' lang='lat' dir='ltr'><strong>expresso</strong></span> <span class='ocrx_word' id='word_1_160' title='bbox 691 1813 727 1835; x_wconf 85' lang='lat' dir='ltr'><strong>ac</strong></span> <span class='ocrx_word' id='word_1_161' title='bbox 765 1803 804 1836; x_wconf 88' lang='lat' dir='ltr'><strong>de</strong></span> <span class='ocrx_word' id='word_1_162' title='bbox 838 1804 936 1836; x_wconf 83' lang='lat' dir='ltr'><strong>verbo</strong></span> <span class='ocrx_word' id='word_1_163' title='bbox 970 1805 1031 1846; x_wconf 54' lang='lat' dir='ltr'><strong>ad,</strong></span> 
     </span>
     <span class='ocr_line' id='line_1_33' title="bbox 265 1854 1031 1896; baseline 0.005 -10"><span class='ocrx_word' id='word_1_164' title='bbox 265 1855 400 1887; x_wconf 87' lang='lat' dir='ltr'><strong>verbum</strong></span> <span class='ocrx_word' id='word_1_165' title='bbox 419 1854 541 1887; x_wconf 85' lang='lat' dir='ltr'><strong>inserto</strong></span> <span class='ocrx_word' id='word_1_166' title='bbox 564 1855 679 1887; x_wconf 75' lang='lat' dir='ltr'><strong>haberi</strong></span> <span class='ocrx_word' id='word_1_167' title='bbox 697 1856 854 1896; x_wconf 86' lang='lat' dir='ltr'><strong>volumus,</strong></span> <span class='ocrx_word' id='word_1_168' title='bbox 874 1857 1008 1891; x_wconf 84' lang='lat' dir='ltr'><strong>uberius</strong></span> <span class='ocrx_word' id='word_1_169' title='bbox 1030 1868 1031 1883; x_wconf 64' lang='lat' dir='ltr'><strong>t</strong></span> 
     </span>
     <span class='ocr_line' id='line_1_34' title="bbox 266 1908 1010 1953; baseline 0.004 -13"><span class='ocrx_word' id='word_1_170' title='bbox 266 1908 383 1940; x_wconf 87' lang='lat' dir='ltr'><strong>dicitur</strong></span> <span class='ocrx_word' id='word_1_171' title='bbox 401 1908 575 1941; x_wconf 71' lang='lat' dir='ltr'><strong>contineri.</strong></span> <span class='ocrx_word' id='word_1_172' title='bbox 594 1909 720 1949; x_wconf 66' lang='lat' dir='ltr'><strong>Verum,</strong></span> <span class='ocrx_word' id='word_1_173' title='bbox 741 1910 815 1952; x_wconf 83' lang='lat' dir='ltr'><strong>quia</strong></span> <span class='ocrx_word' id='word_1_174' title='bbox 837 1910 1010 1953; x_wconf 79' lang='lat' dir='ltr'><strong>experien-</strong></span> 
     </span>
     <span class='ocr_line' id='line_1_35' title="bbox 266 1961 1031 2007; baseline 0.005 -14"><span class='ocrx_word' id='word_1_175' title='bbox 266 1961 308 1994; x_wconf 79' lang='lat' dir='ltr'><strong>tia</strong></span> <span class='ocrx_word' id='word_1_176' title='bbox 332 1967 534 2005; x_wconf 84' lang='lat' dir='ltr'><strong>compertum</strong></span> <span class='ocrx_word' id='word_1_177' title='bbox 557 1962 627 2002; x_wconf 86' lang='lat' dir='ltr'><strong>fuit,</strong></span> <span class='ocrx_word' id='word_1_178' title='bbox 644 1963 826 2005; x_wconf 84' lang='lat' dir='ltr'><strong>praedictas</strong></span> <span class='ocrx_word' id='word_1_179' title='bbox 851 1964 1009 1997; x_wconf 84' lang='lat' dir='ltr'><strong>constitu·</strong></span> <span class='ocrx_word' id='word_1_180' title='bbox 1029 1990 1031 2007; x_wconf 61' lang='grc'><strong>(</strong></span> 
     </span>
    </p>
   </div>
   <div class='ocr_carea' id='block_1_9' title="bbox 1029 1318 1035 1983">
    <p class='ocr_par' dir='ltr' id='par_1_10' title="bbox 1029 1318 1035 1983">
     <span class='ocr_line' id='line_1_36' title="bbox 1029 1318 1035 1983; baseline 0 0"><span class='ocrx_word' id='word_1_181' title='bbox 1029 1318 1035 1983; x_wconf 95' lang='lat' dir='ltr'><strong> </strong></span> 
     </span>
    </p>
   </div>
   <div class='ocr_carea' id='block_1_10' title="bbox 69 2014 1030 2483">
    <p class='ocr_par' dir='ltr' id='par_1_11' title="bbox 69 2014 1030 2427">
     <span class='ocr_line' id='line_1_37' title="bbox 265 2014 1030 2059; baseline 0.004 -12"><span class='ocrx_word' id='word_1_182' title='bbox 265 2014 378 2054; x_wconf 85' lang='lat' dir='ltr'><strong>tiones,</strong></span> <span class='ocrx_word' id='word_1_183' title='bbox 398 2026 454 2047; x_wconf 87' lang='lat' dir='ltr'><strong>seu</strong></span> <span class='ocrx_word' id='word_1_184' title='bbox 474 2025 584 2048; x_wconf 85' lang='lat' dir='ltr'><strong>earum</strong></span> <span class='ocrx_word' id='word_1_185' title='bbox 610 2015 744 2059; x_wconf 83' lang='lat' dir='ltr'><strong>aliquas,</strong></span> <span class='ocrx_word' id='word_1_186' title='bbox 767 2017 837 2059; x_wconf 83' lang='lat' dir='ltr'><strong>paci</strong></span> <span class='ocrx_word' id='word_1_187' title='bbox 864 2023 894 2050; x_wconf 87' lang='lat' dir='ltr'><strong>et</strong></span> <span class='ocrx_word' id='word_1_188' title='bbox 919 2017 1007 2050; x_wconf 90' lang='lat' dir='ltr'><strong>bono</strong></span> <span class='ocrx_word' id='word_1_189' title='bbox 1029 2026 1030 2041; x_wconf 72' lang='lat'>³</span> 
     </span>
     <span class='ocr_line' id='line_1_38' title="bbox 264 2068 1008 2111; baseline 0.004 -11"><span class='ocrx_word' id='word_1_190' title='bbox 264 2068 415 2110; x_wconf 82' lang='lat' dir='ltr'><strong>regimini</strong></span> <span class='ocrx_word' id='word_1_191' title='bbox 438 2068 709 2111; x_wconf 81' lang='lat' dir='ltr'><strong>Congregationis</strong></span> <span class='ocrx_word' id='word_1_192' title='bbox 734 2069 922 2103; x_wconf 85' lang='lat' dir='ltr'><strong>huiusmodi</strong></span> <span class='ocrx_word' id='word_1_193' title='bbox 949 2071 1008 2103; x_wconf 86' lang='lat' dir='ltr'><strong>mi-</strong></span> 
     </span>
     <span class='ocr_line' id='line_1_39' title="bbox 264 2120 1007 2165; baseline 0.004 -12"><span class='ocrx_word' id='word_1_194' title='bbox 264 2120 388 2154; x_wconf 87' lang='lat' dir='ltr'><strong>ninime</strong></span> <span class='ocrx_word' id='word_1_195' title='bbox 405 2122 577 2164; x_wconf 75' lang='lat' dir='ltr'><strong>profuisse,</strong></span> <span class='ocrx_word' id='word_1_196' title='bbox 597 2122 653 2156; x_wconf 90' lang='lat' dir='ltr'><strong>sed</strong></span> <span class='ocrx_word' id='word_1_197' title='bbox 672 2122 743 2156; x_wconf 87' lang='lat' dir='ltr'><strong>illas</strong></span> <span class='ocrx_word' id='word_1_198' title='bbox 762 2123 1007 2165; x_wconf 85' lang='lat' dir='ltr'><strong>reformatione,</strong></span> 
     </span>
     <span class='ocr_line' id='line_1_40' title="bbox 264 2174 1008 2218; baseline 0.005 -13"><span class='ocrx_word' id='word_1_199' title='bbox 264 2174 394 2208; x_wconf 78' lang='lat' dir='ltr'><strong>clariori</strong></span> <span class='ocrx_word' id='word_1_200' title='bbox 421 2175 651 2218; x_wconf 78' lang='lat' dir='ltr'><strong>explicatione.</strong></span> <span class='ocrx_word' id='word_1_201' title='bbox 670 2186 707 2208; x_wconf 86' lang='lat' dir='ltr'><strong>ac</strong></span> <span class='ocrx_word' id='word_1_202' title='bbox 725 2175 820 2209; x_wconf 88' lang='lat' dir='ltr'><strong>etiam</strong></span> <span class='ocrx_word' id='word_1_203' title='bbox 846 2178 929 2209; x_wconf 75' lang='lat' dir='ltr'><strong>nova</strong></span> <span class='ocrx_word' id='word_1_204' title='bbox 953 2177 1008 2210; x_wconf 90' lang='lat' dir='ltr'><strong>ad-</strong></span> 
     </span>
     <span class='ocr_line' id='line_1_41' title="bbox 101 2227 1008 2271; baseline 0.006 -13"><span class='ocrx_word' id='word_1_205' title='bbox 101 2234 159 2255; x_wconf 65' lang='lat' dir='ltr'><strong>·Nom</strong></span> <span class='ocrx_word' id='word_1_206' title='bbox 174 2236 253 2255; x_wconf 71' lang='lat' dir='ltr'><strong>statuta</strong></span> <span class='ocrx_word' id='word_1_207' title='bbox 265 2227 389 2260; x_wconf 87' lang='lat' dir='ltr'><strong>ditione</strong></span> <span class='ocrx_word' id='word_1_208' title='bbox 407 2227 566 2270; x_wconf 81' lang='lat' dir='ltr'><strong>indigere,</strong></span> <span class='ocrx_word' id='word_1_209' title='bbox 585 2228 672 2261; x_wconf 87' lang='lat' dir='ltr'><strong>idem</strong></span> <span class='ocrx_word' id='word_1_210' title='bbox 692 2229 792 2262; x_wconf 84' lang='lat' dir='ltr'><strong>frater</strong></span> <span class='ocrx_word' id='word_1_211' title='bbox 810 2230 920 2271; x_wconf 84' lang='lat' dir='ltr'><strong>maior,</strong></span> <span class='ocrx_word' id='word_1_212' title='bbox 943 2232 1008 2263; x_wconf 74' lang='lat' dir='ltr'><strong>una</strong></span> 
     </span>
     <span class='ocr_line' id='line_1_42' title="bbox 69 2260 1006 2326; baseline 0.006 -16"><span class='ocrx_word' id='word_1_213' title='bbox 69 2260 195 2281; x_wconf 60' lang='lat' dir='ltr'><strong>¹⁰s⁸¹⁰¹²¹⁰‘&#39;</strong></span> <span class='ocrx_word' id='word_1_214' title='bbox 264 2289 337 2312; x_wconf 90' lang='lat' dir='ltr'><strong>cum</strong></span> <span class='ocrx_word' id='word_1_215' title='bbox 362 2281 478 2313; x_wconf 90' lang='lat' dir='ltr'><strong>eodem</strong></span> <span class='ocrx_word' id='word_1_216' title='bbox 517 2280 728 2322; x_wconf 87' lang='lat' dir='ltr'><strong>definitorio,</strong></span> <span class='ocrx_word' id='word_1_217' title='bbox 756 2292 817 2324; x_wconf 92' lang='lat' dir='ltr'><strong>pro</strong></span> <span class='ocrx_word' id='word_1_218' title='bbox 848 2293 1006 2326; x_wconf 89' lang='lat' dir='ltr'><strong>prospero</strong></span> 
     </span>
     <span class='ocr_line' id='line_1_43' title="bbox 264 2333 1006 2377; baseline 0.008 -14"><span class='ocrx_word' id='word_1_219' title='bbox 264 2337 349 2364; x_wconf 87' lang='lat' dir='ltr'><strong>statu</strong></span> <span class='ocrx_word' id='word_1_220' title='bbox 368 2343 403 2365; x_wconf 88' lang='lat' dir='ltr'><strong>ac</strong></span> <span class='ocrx_word' id='word_1_221' title='bbox 420 2333 506 2367; x_wconf 87' lang='lat' dir='ltr'><strong>felici</strong></span> <span class='ocrx_word' id='word_1_222' title='bbox 532 2334 693 2377; x_wconf 75' lang='lat' dir='ltr'><strong>gubernio</strong></span> <span class='ocrx_word' id='word_1_223' title='bbox 711 2341 908 2368; x_wconf 81' lang='lat' dir='ltr'><strong>memoratae</strong></span> <span class='ocrx_word' id='word_1_224' title='bbox 927 2335 1006 2369; x_wconf 89' lang='lat' dir='ltr'><strong>Con-</strong></span> 
     </span>
     <span class='ocr_line' id='line_1_44' title="bbox 264 2385 1007 2427; baseline 0.007 -11"><span class='ocrx_word' id='word_1_225' title='bbox 264 2385 461 2427; x_wconf 81' lang='lat' dir='ltr'><strong>gregationis</strong></span> <span class='ocrx_word' id='word_1_226' title='bbox 488 2387 620 2420; x_wconf 82' lang='lat' dir='ltr'><strong>decreta</strong></span> <span class='ocrx_word' id='word_1_227' title='bbox 657 2398 713 2420; x_wconf 84' lang='lat' dir='ltr'><strong>seu</strong></span> <span class='ocrx_word' id='word_1_228' title='bbox 750 2393 867 2421; x_wconf 79' lang='lat' dir='ltr'><strong>statuta</strong></span> <span class='ocrx_word' id='word_1_229' title='bbox 904 2389 1007 2422; x_wconf 79' lang='lat' dir='ltr'><strong>edidit</strong></span> 
     </span>
    </p>

    <p class='ocr_par' dir='ltr' id='par_1_12' title="bbox 265 2438 843 2483">
     <span class='ocr_line' id='line_1_45' title="bbox 265 2438 843 2483; baseline 0.007 -14"><span class='ocrx_word' id='word_1_230' title='bbox 265 2438 388 2470; x_wconf 87' lang='lat' dir='ltr'><strong>tenoris</strong></span> <span class='ocrx_word' id='word_1_231' title='bbox 413 2439 467 2481; x_wconf 88' lang='lat' dir='ltr'><strong>qui</strong></span> <span class='ocrx_word' id='word_1_232' title='bbox 493 2439 650 2483; x_wconf 87' lang='lat' dir='ltr'><strong>sequitur,</strong></span> <span class='ocrx_word' id='word_1_233' title='bbox 676 2441 843 2473; x_wconf 83' lang='lat' dir='ltr'><strong>videlicet:</strong></span> 
     </span>
    </p>
   </div>
   <div class='ocr_carea' id='block_1_11' title="bbox 67 2495 1006 2544">
    <p class='ocr_par' dir='ltr' id='par_1_13' title="bbox 67 2495 1006 2544">
     <span class='ocr_line' id='line_1_46' title="bbox 67 2495 1006 2544; baseline 0.006 -22"><span class='ocrx_word' id='word_1_234' title='bbox 67 2496 254 2544; x_wconf 49' lang='lat' dir='ltr'><strong>congiinaiiifiinii</strong></span> <span class='ocrx_word' id='word_1_235' title='bbox 303 2503 323 2524; x_wconf 90' lang='lat'><strong>1.</strong></span> <span class='ocrx_word' id='word_1_236' title='bbox 347 2495 429 2530; x_wconf 88' lang='lat' dir='ltr'><strong>Quod</strong></span> <span class='ocrx_word' id='word_1_237' title='bbox 450 2495 480 2524; x_wconf 90' lang='lat' dir='ltr'><strong>in</strong></span> <span class='ocrx_word' id='word_1_238' title='bbox 503 2500 653 2535; x_wconf 88' lang='lat' dir='ltr'><strong>posterum</strong></span> <span class='ocrx_word' id='word_1_239' title='bbox 676 2497 804 2527; x_wconf 85' lang='lat' dir='ltr'><strong>officium</strong></span> <span class='ocrx_word' id='word_1_240' title='bbox 822 2498 922 2528; x_wconf 87' lang='lat' dir='ltr'><strong>fratris</strong></span> <span class='ocrx_word' id='word_1_241' title='bbox 945 2507 1006 2528; x_wconf 85' lang='lat' dir='ltr'><strong>ma-</strong></span> 
     </span>
    </p>
   </div>
   <div class='ocr_carea' id='block_1_12' title="bbox 1026 1318 1035 2613">
    <p class='ocr_par' dir='ltr' id='par_1_14' title="bbox 1026 1318 1035 2613">
     <span class='ocr_line' id='line_1_47' title="bbox 1026 1318 1035 2613; baseline 0 0"><span class='ocrx_word' id='word_1_242' title='bbox 1026 1318 1035 2613; x_wconf 95' lang='lat' dir='ltr'><strong> </strong></span> 
     </span>
    </p>
   </div>
   <div class='ocr_carea' id='block_1_13' title="bbox 261 2569 1004 2695">
    <p class='ocr_par' dir='ltr' id='par_1_15' title="bbox 261 2569 1004 2695">
     <span class='ocr_line' id='line_1_48' title="bbox 299 2569 1001 2608; baseline 0.009 -13"><span class='ocrx_word' id='word_1_243' title='bbox 299 2570 309 2595; x_wconf 88' lang='lat'>1</span> <span class='ocrx_word' id='word_1_244' title='bbox 333 2569 376 2595; x_wconf 88' lang='lat' dir='ltr'><strong>Ab</strong></span> <span class='ocrx_word' id='word_1_245' title='bbox 396 2569 551 2597; x_wconf 83' lang='lat' dir='ltr'><strong>innocentio</strong></span> <span class='ocrx_word' id='word_1_246' title='bbox 567 2569 612 2598; x_wconf 81' lang='lat' dir='ltr'><strong>XII</strong></span> <span class='ocrx_word' id='word_1_247' title='bbox 628 2576 714 2599; x_wconf 85' lang='lat' dir='ltr'><strong>const.</strong></span> <span class='ocrx_word' id='word_1_248' title='bbox 732 2573 798 2600; x_wconf 86' lang='lat' dir='ltr'><strong>edit.</strong></span> <span class='ocrx_word' id='word_1_249' title='bbox 814 2580 894 2608; x_wconf 75' lang='lat' dir='ltr'><strong>nnec,</strong></span> <span class='ocrx_word' id='word_1_250' title='bbox 912 2574 955 2600; x_wconf 93' lang='lat' dir='ltr'><strong>die</strong></span> <span class='ocrx_word' id='word_1_251' title='bbox 971 2574 1001 2600; x_wconf 70' lang='lat'><strong>21</strong></span> 
     </span>
     <span class='ocr_line' id='line_1_49' title="bbox 261 2613 1004 2648; baseline 0.011 -9"><span class='ocrx_word' id='word_1_252' title='bbox 261 2613 348 2647; x_wconf 86' lang='lat' dir='ltr'><strong>iunii,</strong></span> <span class='ocrx_word' id='word_1_253' title='bbox 370 2614 466 2648; x_wconf 84' lang='lat' dir='ltr'><strong>pontif.</strong></span> <span class='ocrx_word' id='word_1_254' title='bbox 494 2621 519 2641; x_wconf 81' lang='lat' dir='ltr'><strong>lx</strong></span> <span class='ocrx_word' id='word_1_255' title='bbox 538 2635 544 2647; x_wconf 94' lang='lat'><strong>,</strong></span> <span class='ocrx_word' id='word_1_256' title='bbox 575 2615 748 2645; x_wconf 81' lang='lat' dir='ltr'><strong>confirmatae</strong></span> <span class='ocrx_word' id='word_1_257' title='bbox 777 2618 853 2646; x_wconf 84' lang='lat' dir='ltr'><strong>fuere</strong></span> <span class='ocrx_word' id='word_1_258' title='bbox 882 2618 1004 2646; x_wconf 72' lang='lat' dir='ltr'><strong>eiusdem</strong></span> 
     </span>
     <span class='ocr_line' id='line_1_50' title="bbox 261 2658 719 2695; baseline 0.007 -9"><span class='ocrx_word' id='word_1_259' title='bbox 261 2658 485 2695; x_wconf 77' lang='lat' dir='ltr'><strong>Congregationis</strong></span> <span class='ocrx_word' id='word_1_260' title='bbox 505 2659 719 2689; x_wconf 71' lang='lat' dir='ltr'><strong>constitutiones.</strong></span> 
     </span>
    </p>
   </div>
   <div class='ocr_carea' id='block_1_14' title="bbox 1032 1094 1800 1144">
    <p class='ocr_par' dir='ltr' id='par_1_16' title="bbox 1032 1094 1800 1144">
     <span class='ocr_line' id='line_1_51' title="bbox 1032 1094 1800 1144; baseline 0.005 -11"><span class='ocrx_word' id='word_1_261' title='bbox 1032 1094 1133 1134; x_wconf 58' lang='lat' dir='ltr'><strong>*circa</strong></span> <span class='ocrx_word' id='word_1_262' title='bbox 1162 1105 1335 1135; x_wconf 85' lang='lat' dir='ltr'><strong>electionem</strong></span> <span class='ocrx_word' id='word_1_263' title='bbox 1364 1105 1462 1135; x_wconf 85' lang='lat' dir='ltr'><strong>fratris</strong></span> <span class='ocrx_word' id='word_1_264' title='bbox 1494 1106 1615 1136; x_wconf 87' lang='lat' dir='ltr'><strong>maioris</strong></span> <span class='ocrx_word' id='word_1_265' title='bbox 1642 1108 1800 1144; x_wconf 84' lang='lat' dir='ltr'><strong>generalis,</strong></span> 
     </span>
    </p>
   </div>
   <div class='ocr_carea' id='block_1_15' title="bbox 1699 269 1762 303">
    <p class='ocr_par' dir='ltr' id='par_1_17' title="bbox 1699 269 1762 303">
     <span class='ocr_line' id='line_1_52' title="bbox 1699 269 1762 303; baseline 0.063 -4"><span class='ocrx_word' id='word_1_266' title='bbox 1699 269 1762 303; x_wconf 69' lang='lat'><strong>910</strong></span> 
     </span>
    </p>
   </div>
   <div class='ocr_carea' id='block_1_16' title="bbox 1059 323 1999 609">
    <p class='ocr_par' dir='ltr' id='par_1_18' title="bbox 1059 323 1999 609">
     <span class='ocr_line' id='line_1_53' title="bbox 1060 323 1999 370; baseline 0.005 -18"><span class='ocrx_word' id='word_1_267' title='bbox 1060 323 1132 353; x_wconf 88' lang='lat' dir='ltr'><strong>ioris</strong></span> <span class='ocrx_word' id='word_1_268' title='bbox 1160 323 1306 362; x_wconf 78' lang='lat' dir='ltr'><strong>generalis</strong></span> <span class='ocrx_word' id='word_1_269' title='bbox 1339 328 1367 354; x_wconf 86' lang='lat' dir='ltr'><strong>et</strong></span> <span class='ocrx_word' id='word_1_270' title='bbox 1389 324 1485 354; x_wconf 84' lang='lat' dir='ltr'><strong>officia</strong></span> <span class='ocrx_word' id='word_1_271' title='bbox 1517 330 1642 364; x_wconf 86' lang='lat' dir='ltr'><strong>quatuor</strong></span> <span class='ocrx_word' id='word_1_272' title='bbox 1671 327 1801 356; x_wconf 83' lang='lat' dir='ltr'><strong>eiusdem</strong></span> <span class='ocrx_word' id='word_1_273' title='bbox 1813 341 1950 370; x_wconf 47' lang='lat' dir='ltr'><strong>smmi„</strong></span> <span class='ocrx_word' id='word_1_274' title='bbox 1979 343 1999 360; x_wconf 55' lang='grc' dir='ltr'><strong>,η</strong></span> 
     </span>
     <span class='ocr_line' id='line_1_54' title="bbox 1061 367 1998 414; baseline 0.005 -13"><span class='ocrx_word' id='word_1_275' title='bbox 1061 372 1298 403; x_wconf 78' lang='lat' dir='ltr'><strong>consiliariorum</strong></span> <span class='ocrx_word' id='word_1_276' title='bbox 1312 373 1417 403; x_wconf 83' lang='lat' dir='ltr'><strong>durare</strong></span> <span class='ocrx_word' id='word_1_277' title='bbox 1430 373 1553 403; x_wconf 88' lang='lat' dir='ltr'><strong>debeant</strong></span> <span class='ocrx_word' id='word_1_278' title='bbox 1567 375 1602 404; x_wconf 84' lang='lat' dir='ltr'><strong>ad</strong></span> <span class='ocrx_word' id='word_1_279' title='bbox 1615 367 1998 414; x_wconf 47' lang='lat' dir='ltr'><strong>sexenniunu{;*,¹,1‘,¹,}}},⁴,‘„s²j‚⁰¹“¹⁸⁸</strong></span> 
     </span>
     <span class='ocr_line' id='line_1_55' title="bbox 1060 421 1803 462; baseline 0.004 -12"><span class='ocrx_word' id='word_1_280' title='bbox 1060 421 1099 451; x_wconf 86' lang='lat' dir='ltr'><strong>ita</strong></span> <span class='ocrx_word' id='word_1_281' title='bbox 1123 425 1220 451; x_wconf 85' lang='lat' dir='ltr'><strong>tamen</strong></span> <span class='ocrx_word' id='word_1_282' title='bbox 1243 422 1319 461; x_wconf 87' lang='lat' dir='ltr'><strong>quod</strong></span> <span class='ocrx_word' id='word_1_283' title='bbox 1342 422 1370 451; x_wconf 91' lang='lat' dir='ltr'><strong>in</strong></span> <span class='ocrx_word' id='word_1_284' title='bbox 1396 422 1452 452; x_wconf 83' lang='lat' dir='ltr'><strong>fine</strong></span> <span class='ocrx_word' id='word_1_285' title='bbox 1476 422 1563 462; x_wconf 87' lang='lat' dir='ltr'><strong>primi</strong></span> <span class='ocrx_word' id='word_1_286' title='bbox 1592 423 1714 453; x_wconf 82' lang='lat' dir='ltr'><strong>triennii</strong></span> <span class='ocrx_word' id='word_1_287' title='bbox 1745 428 1803 453; x_wconf 84' lang='lat' dir='ltr'><strong>tarn</strong></span> 
     </span>
     <span class='ocr_line' id='line_1_56' title="bbox 1059 471 1804 510; baseline 0.004 -11"><span class='ocrx_word' id='word_1_288' title='bbox 1059 471 1204 508; x_wconf 76' lang='lat' dir='ltr'><strong>generalis</strong></span> <span class='ocrx_word' id='word_1_289' title='bbox 1226 480 1312 510; x_wconf 85' lang='lat' dir='ltr'><strong>quam</strong></span> <span class='ocrx_word' id='word_1_290' title='bbox 1336 471 1497 501; x_wconf 86' lang='lat' dir='ltr'><strong>consiliarii</strong></span> <span class='ocrx_word' id='word_1_291' title='bbox 1521 476 1674 502; x_wconf 84' lang='lat' dir='ltr'><strong>teneantur</strong></span> <span class='ocrx_word' id='word_1_292' title='bbox 1696 473 1804 510; x_wconf 79' lang='lat' dir='ltr'><strong>eligere</strong></span> 
     </span>
     <span class='ocr_line' id='line_1_57' title="bbox 1061 519 1805 560; baseline 0.004 -12"><span class='ocrx_word' id='word_1_293' title='bbox 1061 519 1166 549; x_wconf 85' lang='lat' dir='ltr'><strong>fratres</strong></span> <span class='ocrx_word' id='word_1_294' title='bbox 1189 520 1315 549; x_wconf 87' lang='lat' dir='ltr'><strong>maiores</strong></span> <span class='ocrx_word' id='word_1_295' title='bbox 1337 519 1443 549; x_wconf 82' lang='lat' dir='ltr'><strong>locales</strong></span> <span class='ocrx_word' id='word_1_296' title='bbox 1466 525 1494 550; x_wconf 83' lang='lat' dir='ltr'><strong>et</strong></span> <span class='ocrx_word' id='word_1_297' title='bbox 1517 521 1647 560; x_wconf 87' lang='lat' dir='ltr'><strong>reliquos</strong></span> <span class='ocrx_word' id='word_1_298' title='bbox 1663 521 1805 551; x_wconf 83' lang='lat' dir='ltr'><strong>officiales</strong></span> 
     </span>
     <span class='ocr_line' id='line_1_58' title="bbox 1060 567 1805 609; baseline 0.004 -13"><span class='ocrx_word' id='word_1_299' title='bbox 1060 567 1224 606; x_wconf 74' lang='lat' dir='ltr'><strong>religionis,</strong></span> <span class='ocrx_word' id='word_1_300' title='bbox 1244 568 1286 597; x_wconf 90' lang='lat' dir='ltr'><strong>vel</strong></span> <span class='ocrx_word' id='word_1_301' title='bbox 1303 568 1503 598; x_wconf 85' lang='lat' dir='ltr'><strong>confirmando</strong></span> <span class='ocrx_word' id='word_1_302' title='bbox 1520 569 1586 598; x_wconf 89' lang='lat' dir='ltr'><strong>illos</strong></span> <span class='ocrx_word' id='word_1_303' title='bbox 1602 569 1738 608; x_wconf 87' lang='lat' dir='ltr'><strong>antiquos</strong></span> <span class='ocrx_word' id='word_1_304' title='bbox 1755 579 1805 609; x_wconf 90' lang='lat' dir='ltr'><strong>pro</strong></span> 
     </span>
    </p>
   </div>
   <div class='ocr_carea' id='block_1_17' title="bbox 1060 616 1806 656">
    <p class='ocr_par' dir='ltr' id='par_1_19' title="bbox 1060 616 1806 656">
     <span class='ocr_line' id='line_1_59' title="bbox 1060 616 1806 656; baseline 0.004 -11"><span class='ocrx_word' id='word_1_305' title='bbox 1060 616 1189 646; x_wconf 85' lang='lat' dir='ltr'><strong>evidenti</strong></span> <span class='ocrx_word' id='word_1_306' title='bbox 1213 617 1351 653; x_wconf 87' lang='lat' dir='ltr'><strong>utilitate,</strong></span> <span class='ocrx_word' id='word_1_307' title='bbox 1367 617 1412 646; x_wconf 89' lang='lat' dir='ltr'><strong>vel</strong></span> <span class='ocrx_word' id='word_1_308' title='bbox 1429 617 1465 646; x_wconf 82' lang='lat' dir='ltr'><strong>dc</strong></span> <span class='ocrx_word' id='word_1_309' title='bbox 1480 626 1556 647; x_wconf 90' lang='lat' dir='ltr'><strong>novo</strong></span> <span class='ocrx_word' id='word_1_310' title='bbox 1574 618 1648 647; x_wconf 84' lang='lat' dir='ltr'><strong>alios</strong></span> <span class='ocrx_word' id='word_1_311' title='bbox 1670 618 1806 656; x_wconf 80' lang='lat' dir='ltr'><strong>eligendo</strong></span> 
     </span>
    </p>
   </div>
   <div class='ocr_carea' id='block_1_18' title="bbox 1037 665 1806 703">
    <p class='ocr_par' dir='ltr' id='par_1_20' title="bbox 1037 665 1806 703">
     <span class='ocr_line' id='line_1_60' title="bbox 1037 665 1806 703; baseline 0.007 -12"><span class='ocrx_word' id='word_1_312' title='bbox 1037 673 1112 702; x_wconf 62' lang='lat' dir='ltr'><strong>,pro</strong></span> <span class='ocrx_word' id='word_1_313' title='bbox 1148 665 1253 694; x_wconf 89' lang='lat' dir='ltr'><strong>maiori</strong></span> <span class='ocrx_word' id='word_1_314' title='bbox 1290 670 1467 703; x_wconf 79' lang='lat' dir='ltr'><strong>augumento</strong></span> <span class='ocrx_word' id='word_1_315' title='bbox 1503 666 1656 696; x_wconf 85' lang='lat' dir='ltr'><strong>instituti:</strong></span> <span class='ocrx_word' id='word_1_316' title='bbox 1694 670 1806 696; x_wconf 83' lang='lat' dir='ltr'><strong>attento</strong></span> 
     </span>
    </p>
   </div>
   <div class='ocr_carea' id='block_1_19' title="bbox 1056 713 1806 1045">
    <p class='ocr_par' dir='ltr' id='par_1_21' title="bbox 1056 713 1806 1045">
     <span class='ocr_line' id='line_1_61' title="bbox 1060 713 1806 752; baseline 0.004 -10"><span class='ocrx_word' id='word_1_317' title='bbox 1060 713 1147 752; x_wconf 82' lang='lat' dir='ltr'><strong>quod,</strong></span> <span class='ocrx_word' id='word_1_318' title='bbox 1171 723 1237 743; x_wconf 89' lang='lat' dir='ltr'><strong>cum</strong></span> <span class='ocrx_word' id='word_1_319' title='bbox 1260 714 1336 744; x_wconf 86' lang='lat' dir='ltr'><strong>idem</strong></span> <span class='ocrx_word' id='word_1_320' title='bbox 1359 715 1506 752; x_wconf 83' lang='lat' dir='ltr'><strong>generalis</strong></span> <span class='ocrx_word' id='word_1_321' title='bbox 1529 720 1664 745; x_wconf 84' lang='lat' dir='ltr'><strong>teneatur</strong></span> <span class='ocrx_word' id='word_1_322' title='bbox 1686 716 1806 746; x_wconf 83' lang='lat' dir='ltr'><strong>visitare</strong></span> 
     </span>
     <span class='ocr_line' id='line_1_62' title="bbox 1060 762 1804 803; baseline 0.005 -13"><span class='ocrx_word' id='word_1_323' title='bbox 1060 771 1161 791; x_wconf 87' lang='lat' dir='ltr'><strong>omnes</strong></span> <span class='ocrx_word' id='word_1_324' title='bbox 1183 762 1286 792; x_wconf 88' lang='lat' dir='ltr'><strong>domus</strong></span> <span class='ocrx_word' id='word_1_325' title='bbox 1310 763 1454 798; x_wconf 83' lang='lat' dir='ltr'><strong>fundatas,</strong></span> <span class='ocrx_word' id='word_1_326' title='bbox 1471 768 1499 793; x_wconf 89' lang='lat' dir='ltr'><strong>et</strong></span> <span class='ocrx_word' id='word_1_327' title='bbox 1513 764 1585 793; x_wconf 86' lang='lat' dir='ltr'><strong>alias</strong></span> <span class='ocrx_word' id='word_1_328' title='bbox 1607 773 1681 803; x_wconf 89' lang='lat' dir='ltr'><strong>quae</strong></span> <span class='ocrx_word' id='word_1_329' title='bbox 1703 764 1804 794; x_wconf 86' lang='lat' dir='ltr'><strong>dietim</strong></span> 
     </span>
     <span class='ocr_line' id='line_1_63' title="bbox 1059 810 1806 853; baseline 0.007 -14"><span class='ocrx_word' id='word_1_330' title='bbox 1059 810 1088 839; x_wconf 91' lang='lat' dir='ltr'><strong>in</strong></span> <span class='ocrx_word' id='word_1_331' title='bbox 1112 811 1233 848; x_wconf 83' lang='lat' dir='ltr'><strong>regione</strong></span> <span class='ocrx_word' id='word_1_332' title='bbox 1264 815 1322 841; x_wconf 86' lang='lat' dir='ltr'><strong>tam</strong></span> <span class='ocrx_word' id='word_1_333' title='bbox 1353 814 1435 842; x_wconf 71' lang='lat' dir='ltr'><strong>vasta</strong></span> <span class='ocrx_word' id='word_1_334' title='bbox 1467 812 1639 851; x_wconf 83' lang='lat' dir='ltr'><strong>fundantur,</strong></span> <span class='ocrx_word' id='word_1_335' title='bbox 1668 818 1806 853; x_wconf 77' lang='lat' dir='ltr'><strong>expertus</strong></span> 
     </span>
     <span class='ocr_line' id='line_1_64' title="bbox 1059 859 1805 901; baseline 0.007 -13"><span class='ocrx_word' id='word_1_336' title='bbox 1059 859 1113 889; x_wconf 84' lang='lat' dir='ltr'><strong>fuit</strong></span> <span class='ocrx_word' id='word_1_337' title='bbox 1135 859 1211 898; x_wconf 85' lang='lat' dir='ltr'><strong>quod</strong></span> <span class='ocrx_word' id='word_1_338' title='bbox 1234 859 1264 889; x_wconf 90' lang='lat' dir='ltr'><strong>in</strong></span> <span class='ocrx_word' id='word_1_339' title='bbox 1288 861 1383 899; x_wconf 84' lang='lat' dir='ltr'><strong>spatio</strong></span> <span class='ocrx_word' id='word_1_340' title='bbox 1406 861 1497 891; x_wconf 89' lang='lat' dir='ltr'><strong>solius</strong></span> <span class='ocrx_word' id='word_1_341' title='bbox 1520 862 1652 899; x_wconf 88' lang='lat' dir='ltr'><strong>triennii,</strong></span> <span class='ocrx_word' id='word_1_342' title='bbox 1676 872 1733 901; x_wconf 93' lang='lat' dir='ltr'><strong>quo</strong></span> <span class='ocrx_word' id='word_1_343' title='bbox 1755 863 1805 893; x_wconf 91' lang='lat' dir='ltr'><strong>du-</strong></span> 
     </span>
     <span class='ocr_line' id='line_1_65' title="bbox 1058 907 1805 947; baseline 0.005 -10"><span class='ocrx_word' id='word_1_344' title='bbox 1058 907 1141 938; x_wconf 80' lang='lat' dir='ltr'><strong>rabat</strong></span> <span class='ocrx_word' id='word_1_345' title='bbox 1163 909 1350 946; x_wconf 80' lang='lat' dir='ltr'><strong>generalatus</strong></span> <span class='ocrx_word' id='word_1_346' title='bbox 1372 909 1514 947; x_wconf 85' lang='lat' dir='ltr'><strong>officium,</strong></span> <span class='ocrx_word' id='word_1_347' title='bbox 1532 911 1604 940; x_wconf 84' lang='lat' dir='ltr'><strong>tales</strong></span> <span class='ocrx_word' id='word_1_348' title='bbox 1620 911 1805 941; x_wconf 78' lang='lat' dir='ltr'><strong>visitationes</strong></span> 
     </span>
     <span class='ocr_line' id='line_1_66' title="bbox 1057 957 1804 999; baseline 0.007 -13"><span class='ocrx_word' id='word_1_349' title='bbox 1057 957 1169 996; x_wconf 83' lang='lat' dir='ltr'><strong>expleri</strong></span> <span class='ocrx_word' id='word_1_350' title='bbox 1185 967 1242 988; x_wconf 90' lang='lat' dir='ltr'><strong>non</strong></span> <span class='ocrx_word' id='word_1_351' title='bbox 1260 958 1374 989; x_wconf 85' lang='lat' dir='ltr'><strong>valeant</strong></span> <span class='ocrx_word' id='word_1_352' title='bbox 1389 959 1419 989; x_wconf 93' lang='lat' dir='ltr'><strong>in</strong></span> <span class='ocrx_word' id='word_1_353' title='bbox 1436 968 1572 998; x_wconf 81' lang='lat' dir='ltr'><strong>magnum</strong></span> <span class='ocrx_word' id='word_1_354' title='bbox 1590 960 1804 999; x_wconf 84' lang='lat' dir='ltr'><strong>praeiudicium</strong></span> 
     </span>
     <span class='ocr_line' id='line_1_67' title="bbox 1056 1006 1307 1045; baseline 0 -9"><span class='ocrx_word' id='word_1_355' title='bbox 1056 1006 1307 1045; x_wconf 78' lang='lat' dir='ltr'><strong>Congregationis.</strong></span> 
     </span>
    </p>
   </div>
   <div class='ocr_carea' id='block_1_20' title="bbox 1095 1056 2000 1098">
    <p class='ocr_par' dir='ltr' id='par_1_22' title="bbox 1095 1056 2000 1098">
     <span class='ocr_line' id='line_1_68' title="bbox 1095 1056 2000 1098; baseline 0.004 -13"><span class='ocrx_word' id='word_1_356' title='bbox 1095 1065 1126 1086; x_wconf 91' lang='lat'><strong>11.</strong></span> <span class='ocrx_word' id='word_1_357' title='bbox 1149 1056 1229 1092; x_wconf 89' lang='lat' dir='ltr'><strong>Quod</strong></span> <span class='ocrx_word' id='word_1_358' title='bbox 1258 1056 1434 1087; x_wconf 81' lang='lat' dir='ltr'><strong>reformetur</strong></span> <span class='ocrx_word' id='word_1_359' title='bbox 1463 1057 1567 1087; x_wconf 88' lang='lat' dir='ltr'><strong>modus</strong></span> <span class='ocrx_word' id='word_1_360' title='bbox 1595 1058 1802 1097; x_wconf 84' lang='lat' dir='ltr'><strong>practicandus</strong></span> <span class='ocrx_word' id='word_1_361' title='bbox 1826 1073 2000 1098; x_wconf 66' lang='lat' dir='ltr'><strong>Augeturnumn-</strong></span> 
     </span>
    </p>
   </div>
   <div class='ocr_carea' id='block_1_21' title="bbox 1813 1099 2000 1149">
    <p class='ocr_par' dir='ltr' id='par_1_23' title="bbox 1813 1099 2000 1149">
     <span class='ocr_line' id='line_1_69' title="bbox 1813 1099 1999 1121; baseline -0.022 -2"><span class='ocrx_word' id='word_1_362' title='bbox 1813 1106 1846 1119; x_wconf 66' lang='lat' dir='ltr'><strong>rus</strong></span> <span class='ocrx_word' id='word_1_363' title='bbox 1888 1099 1999 1121; x_wconf 57' lang='lat' dir='ltr'><strong>sutfragia-</strong></span> 
     </span>
     <span class='ocr_line' id='line_1_70' title="bbox 1813 1126 2000 1149; baseline -0.011 -4"><span class='ocrx_word' id='word_1_364' title='bbox 1813 1132 1856 1145; x_wconf 82' lang='lat' dir='ltr'><strong>rniu</strong></span> <span class='ocrx_word' id='word_1_365' title='bbox 1867 1131 1904 1149; x_wconf 79' lang='lat' dir='ltr'><strong>pru</strong></span> <span class='ocrx_word' id='word_1_366' title='bbox 1914 1126 2000 1144; x_wconf 58' lang='lat' dir='ltr'><strong>electio·</strong></span> 
     </span>
    </p>
   </div>
   <div class='ocr_carea' id='block_1_22' title="bbox 1055 1151 1971 1192">
    <p class='ocr_par' dir='ltr' id='par_1_24' title="bbox 1055 1151 1971 1192">
     <span class='ocr_line' id='line_1_71' title="bbox 1055 1151 1971 1192; baseline 0.004 -10"><span class='ocrx_word' id='word_1_367' title='bbox 1055 1153 1124 1182; x_wconf 88' lang='lat' dir='ltr'><strong>dum</strong></span> <span class='ocrx_word' id='word_1_368' title='bbox 1147 1153 1177 1182; x_wconf 89' lang='lat' dir='ltr'><strong>in</strong></span> <span class='ocrx_word' id='word_1_369' title='bbox 1201 1153 1338 1192; x_wconf 82' lang='lat' dir='ltr'><strong>praefatis</strong></span> <span class='ocrx_word' id='word_1_370' title='bbox 1361 1154 1623 1184; x_wconf 79' lang='lat' dir='ltr'><strong>constitutionibus</strong></span> <span class='ocrx_word' id='word_1_371' title='bbox 1647 1156 1802 1186; x_wconf 82' lang='lat' dir='ltr'><strong>mandatur</strong></span> <span class='ocrx_word' id='word_1_372' title='bbox 1814 1159 1838 1172; x_wconf 56' lang='grc' dir='ltr'>Μ</span> <span class='ocrx_word' id='word_1_373' title='bbox 1859 1151 1971 1177; x_wconf 58' lang='grc' dir='ltr'><strong>ὅ”““““ὶ“”</strong></span> 
     </span>
    </p>
   </div>
   <div class='ocr_carea' id='block_1_23' title="bbox 1056 1202 1803 1243">
    <p class='ocr_par' dir='ltr' id='par_1_25' title="bbox 1056 1202 1803 1243">
     <span class='ocr_line' id='line_1_72' title="bbox 1056 1202 1803 1243; baseline 0.004 -12"><span class='ocrx_word' id='word_1_374' title='bbox 1056 1203 1132 1240; x_wconf 88' lang='lat' dir='ltr'><strong>quod</strong></span> <span class='ocrx_word' id='word_1_375' title='bbox 1155 1202 1287 1241; x_wconf 80' lang='lat' dir='ltr'><strong>quolibet</strong></span> <span class='ocrx_word' id='word_1_376' title='bbox 1314 1203 1444 1232; x_wconf 83' lang='lat' dir='ltr'><strong>triennio</strong></span> <span class='ocrx_word' id='word_1_377' title='bbox 1472 1208 1671 1234; x_wconf 81' lang='lat' dir='ltr'><strong>convocentur</strong></span> <span class='ocrx_word' id='word_1_378' title='bbox 1699 1204 1803 1243; x_wconf 79' lang='lat' dir='ltr'><strong>viginti</strong></span> 
     </span>
    </p>
   </div>
   <div class='ocr_carea' id='block_1_24' title="bbox 1030 1251 1804 1291">
    <p class='ocr_par' dir='ltr' id='par_1_26' title="bbox 1030 1251 1804 1291">
     <span class='ocr_line' id='line_1_73' title="bbox 1030 1251 1804 1291; baseline 0.006 -13"><span class='ocrx_word' id='word_1_379' title='bbox 1030 1259 1033 1278; x_wconf 68' lang='lat' dir='ltr'><strong>t</strong></span> <span class='ocrx_word' id='word_1_380' title='bbox 1057 1251 1239 1289; x_wconf 76' lang='lat' dir='ltr'><strong>antiquiores</strong></span> <span class='ocrx_word' id='word_1_381' title='bbox 1262 1251 1292 1280; x_wconf 90' lang='lat' dir='ltr'><strong>in</strong></span> <span class='ocrx_word' id='word_1_382' title='bbox 1317 1252 1509 1290; x_wconf 80' lang='lat' dir='ltr'><strong>professione,</strong></span> <span class='ocrx_word' id='word_1_383' title='bbox 1537 1253 1587 1291; x_wconf 91' lang='lat' dir='ltr'><strong>qui</strong></span> <span class='ocrx_word' id='word_1_384' title='bbox 1611 1257 1707 1282; x_wconf 88' lang='lat' dir='ltr'><strong>tamen</strong></span> <span class='ocrx_word' id='word_1_385' title='bbox 1730 1254 1804 1283; x_wconf 91' lang='lat' dir='ltr'><strong>scri-</strong></span> 
     </span>
    </p>
   </div>
   <div class='ocr_carea' id='block_1_25' title="bbox 1054 1298 1802 1340">
    <p class='ocr_par' dir='ltr' id='par_1_27' title="bbox 1054 1298 1802 1340">
     <span class='ocr_line' id='line_1_74' title="bbox 1054 1298 1802 1340; baseline 0.005 -13"><span class='ocrx_word' id='word_1_386' title='bbox 1054 1298 1124 1328; x_wconf 90' lang='lat' dir='ltr'><strong>bere</strong></span> <span class='ocrx_word' id='word_1_387' title='bbox 1147 1303 1175 1328; x_wconf 87' lang='lat' dir='ltr'><strong>et</strong></span> <span class='ocrx_word' id='word_1_388' title='bbox 1197 1299 1295 1337; x_wconf 77' lang='lat' dir='ltr'><strong>legere</strong></span> <span class='ocrx_word' id='word_1_389' title='bbox 1318 1300 1422 1337; x_wconf 76' lang='lat' dir='ltr'><strong>sciant,</strong></span> <span class='ocrx_word' id='word_1_390' title='bbox 1440 1305 1467 1330; x_wconf 88' lang='lat' dir='ltr'><strong>et</strong></span> <span class='ocrx_word' id='word_1_391' title='bbox 1489 1301 1565 1340; x_wconf 90' lang='lat' dir='ltr'><strong>quod</strong></span> <span class='ocrx_word' id='word_1_392' title='bbox 1588 1310 1654 1330; x_wconf 83' lang='lat' dir='ltr'><strong>curn</strong></span> <span class='ocrx_word' id='word_1_393' title='bbox 1677 1301 1802 1332; x_wconf 86' lang='lat' dir='ltr'><strong>istorum</strong></span> 
     </span>
    </p>
   </div>
   <div class='ocr_carea' id='block_1_26' title="bbox 1032 1347 1803 1384">
    <p class='ocr_par' dir='ltr' id='par_1_28' title="bbox 1032 1347 1803 1384">
     <span class='ocr_line' id='line_1_75' title="bbox 1032 1347 1803 1384; baseline 0.006 -9"><span class='ocrx_word' id='word_1_394' title='bbox 1032 1375 1034 1381; x_wconf 51' lang='lat'><strong>,</strong></span> <span class='ocrx_word' id='word_1_395' title='bbox 1055 1347 1202 1384; x_wconf 77' lang='lat' dir='ltr'><strong>suffragiis</strong></span> <span class='ocrx_word' id='word_1_396' title='bbox 1226 1352 1338 1377; x_wconf 86' lang='lat' dir='ltr'><strong>tantum</strong></span> <span class='ocrx_word' id='word_1_397' title='bbox 1363 1349 1538 1379; x_wconf 80' lang='lat' dir='ltr'><strong>deveniatur</strong></span> <span class='ocrx_word' id='word_1_398' title='bbox 1567 1350 1600 1379; x_wconf 84' lang='lat' dir='ltr'><strong>ad</strong></span> <span class='ocrx_word' id='word_1_399' title='bbox 1633 1350 1719 1380; x_wconf 83' lang='lat' dir='ltr'><strong>talem</strong></span> <span class='ocrx_word' id='word_1_400' title='bbox 1744 1351 1803 1380; x_wconf 89' lang='lat' dir='ltr'><strong>ele-</strong></span> 
     </span>
    </p>
   </div>
   <div class='ocr_carea' id='block_1_27' title="bbox 1056 1397 1803 1438">
    <p class='ocr_par' dir='ltr' id='par_1_29' title="bbox 1056 1397 1803 1438">
     <span class='ocr_line' id='line_1_76' title="bbox 1056 1397 1803 1438; baseline 0.007 -13"><span class='ocrx_word' id='word_1_401' title='bbox 1056 1397 1205 1432; x_wconf 79' lang='lat' dir='ltr'><strong>ctionem3</strong></span> <span class='ocrx_word' id='word_1_402' title='bbox 1241 1397 1313 1426; x_wconf 81' lang='lat' dir='ltr'><strong>liaeo</strong></span> <span class='ocrx_word' id='word_1_403' title='bbox 1341 1398 1419 1427; x_wconf 88' lang='lat' dir='ltr'><strong>enim</strong></span> <span class='ocrx_word' id='word_1_404' title='bbox 1452 1399 1616 1428; x_wconf 79' lang='lat' dir='ltr'><strong>restrictiva</strong></span> <span class='ocrx_word' id='word_1_405' title='bbox 1640 1399 1675 1429; x_wconf 82' lang='lat' dir='ltr'><strong>ad</strong></span> <span class='ocrx_word' id='word_1_406' title='bbox 1698 1400 1803 1438; x_wconf 79' lang='lat' dir='ltr'><strong>viginti</strong></span> 
     </span>
    </p>
   </div>
   <div class='ocr_carea' id='block_1_28' title="bbox 1032 1445 1802 1488">
    <p class='ocr_par' dir='ltr' id='par_1_30' title="bbox 1032 1445 1802 1488">
     <span class='ocr_line' id='line_1_77' title="bbox 1032 1445 1802 1488; baseline 0.008 -15"><span class='ocrx_word' id='word_1_407' title='bbox 1032 1445 1238 1486; x_wconf 45' lang='lat' dir='ltr'><strong>¹antiquiores</strong></span> <span class='ocrx_word' id='word_1_408' title='bbox 1277 1445 1307 1475; x_wconf 90' lang='lat' dir='ltr'><strong>in</strong></span> <span class='ocrx_word' id='word_1_409' title='bbox 1341 1447 1523 1484; x_wconf 78' lang='lat' dir='ltr'><strong>professione</strong></span> <span class='ocrx_word' id='word_1_410' title='bbox 1564 1449 1678 1487; x_wconf 89' lang='lat' dir='ltr'><strong>peperit</strong></span> <span class='ocrx_word' id='word_1_411' title='bbox 1710 1458 1802 1488; x_wconf 87' lang='lat' dir='ltr'><strong>usque</strong></span> 
     </span>
    </p>
   </div>
   <div class='ocr_carea' id='block_1_29' title="bbox 1054 1494 1802 1680">
    <p class='ocr_par' dir='ltr' id='par_1_31' title="bbox 1054 1494 1802 1680">
     <span class='ocr_line' id='line_1_78' title="bbox 1054 1494 1802 1536; baseline 0.009 -15"><span class='ocrx_word' id='word_1_412' title='bbox 1054 1503 1132 1522; x_wconf 89' lang='lat' dir='ltr'><strong>nunc</strong></span> <span class='ocrx_word' id='word_1_413' title='bbox 1155 1503 1261 1532; x_wconf 81' lang='lat' dir='ltr'><strong>graves</strong></span> <span class='ocrx_word' id='word_1_414' title='bbox 1283 1494 1404 1531; x_wconf 82' lang='lat' dir='ltr'><strong>abusus,</strong></span> <span class='ocrx_word' id='word_1_415' title='bbox 1421 1495 1489 1525; x_wconf 87' lang='lat' dir='ltr'><strong>dum</strong></span> <span class='ocrx_word' id='word_1_416' title='bbox 1506 1496 1574 1526; x_wconf 86' lang='lat' dir='ltr'><strong>facti</strong></span> <span class='ocrx_word' id='word_1_417' title='bbox 1597 1497 1646 1527; x_wconf 85' lang='lat' dir='ltr'><strong>isti</strong></span> <span class='ocrx_word' id='word_1_418' title='bbox 1670 1498 1802 1536; x_wconf 87' lang='lat' dir='ltr'><strong>proprie-</strong></span> 
     </span>
     <span class='ocr_line' id='line_1_79' title="bbox 1056 1542 1802 1576; baseline 0.005 -5"><span class='ocrx_word' id='word_1_419' title='bbox 1056 1542 1123 1571; x_wconf 89' lang='lat' dir='ltr'><strong>tarii</strong></span> <span class='ocrx_word' id='word_1_420' title='bbox 1158 1546 1187 1571; x_wconf 90' lang='lat' dir='ltr'><strong>et</strong></span> <span class='ocrx_word' id='word_1_421' title='bbox 1221 1542 1333 1572; x_wconf 87' lang='lat' dir='ltr'><strong>domini</strong></span> <span class='ocrx_word' id='word_1_422' title='bbox 1366 1543 1492 1573; x_wconf 85' lang='lat' dir='ltr'><strong>absoluti</strong></span> <span class='ocrx_word' id='word_1_423' title='bbox 1525 1544 1603 1574; x_wconf 90' lang='lat' dir='ltr'><strong>vocis</strong></span> <span class='ocrx_word' id='word_1_424' title='bbox 1635 1545 1746 1575; x_wconf 83' lang='lat' dir='ltr'><strong>activae</strong></span> <span class='ocrx_word' id='word_1_425' title='bbox 1773 1550 1802 1576; x_wconf 85' lang='lat' dir='ltr'><strong>et</strong></span> 
     </span>
     <span class='ocr_line' id='line_1_80' title="bbox 1054 1586 1802 1632; baseline 0.007 -12"><span class='ocrx_word' id='word_1_426' title='bbox 1054 1591 1187 1630; x_wconf 76' lang='lat' dir='ltr'><strong>passivae</strong></span> <span class='ocrx_word' id='word_1_427' title='bbox 1216 1596 1396 1631; x_wconf 83' lang='lat' dir='ltr'><strong>occuparunt</strong></span> <span class='ocrx_word' id='word_1_428' title='bbox 1427 1592 1536 1632; x_wconf 85' lang='lat' dir='ltr'><strong>absque</strong></span> <span class='ocrx_word' id='word_1_429' title='bbox 1560 1594 1619 1623; x_wconf 88' lang='lat' dir='ltr'><strong>ullo</strong></span> <span class='ocrx_word' id='word_1_430' title='bbox 1643 1586 1749 1624; x_wconf 84' lang='lat' dir='ltr'><strong>merito</strong></span> <span class='ocrx_word' id='word_1_431' title='bbox 1771 1604 1802 1625; x_wconf 95' lang='lat' dir='ltr'><strong>o—</strong></span> 
     </span>
     <span class='ocr_line' id='line_1_81' title="bbox 1054 1641 1801 1680; baseline 0.007 -11"><span class='ocrx_word' id='word_1_432' title='bbox 1054 1649 1136 1670; x_wconf 83' lang='lat' dir='ltr'><strong>nmes</strong></span> <span class='ocrx_word' id='word_1_433' title='bbox 1168 1641 1275 1678; x_wconf 81' lang='lat' dir='ltr'><strong>gradus</strong></span> <span class='ocrx_word' id='word_1_434' title='bbox 1308 1641 1567 1680; x_wconf 67' lang='lat' dir='ltr'><strong>Congregassonis,</strong></span> <span class='ocrx_word' id='word_1_435' title='bbox 1601 1647 1629 1673; x_wconf 88' lang='lat' dir='ltr'><strong>et</strong></span> <span class='ocrx_word' id='word_1_436' title='bbox 1662 1643 1738 1673; x_wconf 89' lang='lat' dir='ltr'><strong>inter</strong></span> <span class='ocrx_word' id='word_1_437' title='bbox 1770 1654 1801 1674; x_wconf 88' lang='lat' dir='ltr'><strong>sc</strong></span> 
     </span>
    </p>
   </div>
   <div class='ocr_carea' id='block_1_30' title="bbox 1031 1689 1800 1729">
    <p class='ocr_par' dir='ltr' id='par_1_32' title="bbox 1031 1689 1800 1729">
     <span class='ocr_line' id='line_1_82' title="bbox 1031 1689 1800 1729; baseline 0.005 -10"><span class='ocrx_word' id='word_1_438' title='bbox 1031 1692 1032 1695; x_wconf 76' lang='grc'>’</span> <span class='ocrx_word' id='word_1_439' title='bbox 1053 1689 1219 1719; x_wconf 84' lang='lat' dir='ltr'><strong>diviserunt</strong></span> <span class='ocrx_word' id='word_1_440' title='bbox 1249 1690 1515 1729; x_wconf 77' lang='lat' dir='ltr'><strong>praeeminentiaS,</strong></span> <span class='ocrx_word' id='word_1_441' title='bbox 1539 1692 1714 1722; x_wconf 85' lang='lat' dir='ltr'><strong>coarctando</strong></span> <span class='ocrx_word' id='word_1_442' title='bbox 1742 1693 1800 1723; x_wconf 88' lang='lat' dir='ltr'><strong>ele-</strong></span> 
     </span>
    </p>
   </div>
   <div class='ocr_carea' id='block_1_31' title="bbox 1053 1735 1801 1826">
    <p class='ocr_par' dir='ltr' id='par_1_33' title="bbox 1053 1735 1801 1826">
     <span class='ocr_line' id='line_1_83' title="bbox 1053 1735 1801 1775; baseline 0.005 -11"><span class='ocrx_word' id='word_1_443' title='bbox 1053 1735 1182 1767; x_wconf 81' lang='lat' dir='ltr'><strong>ctiones:</strong></span> <span class='ocrx_word' id='word_1_444' title='bbox 1199 1736 1275 1765; x_wconf 88' lang='lat' dir='ltr'><strong>unde</strong></span> <span class='ocrx_word' id='word_1_445' title='bbox 1290 1746 1341 1775; x_wconf 92' lang='lat' dir='ltr'><strong>pro</strong></span> <span class='ocrx_word' id='word_1_446' title='bbox 1354 1741 1519 1775; x_wconf 87' lang='lat' dir='ltr'><strong>opportuno</strong></span> <span class='ocrx_word' id='word_1_447' title='bbox 1532 1738 1660 1767; x_wconf 86' lang='lat' dir='ltr'><strong>remedio</strong></span> <span class='ocrx_word' id='word_1_448' title='bbox 1674 1738 1731 1768; x_wconf 90' lang='lat' dir='ltr'><strong>erit</strong></span> <span class='ocrx_word' id='word_1_449' title='bbox 1746 1739 1801 1768; x_wconf 90' lang='lat' dir='ltr'><strong>im-</strong></span> 
     </span>
     <span class='ocr_line' id='line_1_84' title="bbox 1054 1785 1799 1826; baseline 0.005 -14"><span class='ocrx_word' id='word_1_450' title='bbox 1054 1788 1205 1821; x_wconf 85' lang='lat' dir='ltr'><strong>posterum</strong></span> <span class='ocrx_word' id='word_1_451' title='bbox 1227 1785 1427 1822; x_wconf 85' lang='lat' dir='ltr'><strong>statuendum,</strong></span> <span class='ocrx_word' id='word_1_452' title='bbox 1446 1785 1534 1823; x_wconf 86' lang='lat' dir='ltr'><strong>quod,</strong></span> <span class='ocrx_word' id='word_1_453' title='bbox 1553 1786 1581 1815; x_wconf 90' lang='lat' dir='ltr'><strong>in</strong></span> <span class='ocrx_word' id='word_1_454' title='bbox 1599 1786 1694 1816; x_wconf 88' lang='lat' dir='ltr'><strong>locum</strong></span> <span class='ocrx_word' id='word_1_455' title='bbox 1715 1796 1799 1826; x_wconf 87' lang='lat' dir='ltr'><strong>prae-</strong></span> 
     </span>
    </p>
   </div>
   <div class='ocr_carea' id='block_1_32' title="bbox 1030 1833 1798 1874">
    <p class='ocr_par' dir='ltr' id='par_1_34' title="bbox 1030 1833 1798 1874">
     <span class='ocr_line' id='line_1_85' title="bbox 1030 1833 1798 1874; baseline 0.008 -14"><span class='ocrx_word' id='word_1_456' title='bbox 1030 1847 1032 1860; x_wconf 66' lang='lat' dir='ltr'><strong>t</strong></span> <span class='ocrx_word' id='word_1_457' title='bbox 1053 1834 1178 1862; x_wconf 82' lang='lat' dir='ltr'><strong>satorum</strong></span> <span class='ocrx_word' id='word_1_458' title='bbox 1204 1833 1307 1871; x_wconf 81' lang='lat' dir='ltr'><strong>viginti</strong></span> <span class='ocrx_word' id='word_1_459' title='bbox 1331 1834 1529 1872; x_wconf 85' lang='lat' dir='ltr'><strong>antiquiorum</strong></span> <span class='ocrx_word' id='word_1_460' title='bbox 1553 1835 1582 1864; x_wconf 89' lang='lat' dir='ltr'><strong>in</strong></span> <span class='ocrx_word' id='word_1_461' title='bbox 1606 1836 1798 1874; x_wconf 82' lang='lat' dir='ltr'><strong>professione,</strong></span> 
     </span>
    </p>
   </div>
   <div class='ocr_carea' id='block_1_33' title="bbox 1052 1880 1800 1973">
    <p class='ocr_par' dir='ltr' id='par_1_35' title="bbox 1052 1880 1800 1973">
     <span class='ocr_line' id='line_1_86' title="bbox 1053 1880 1800 1924; baseline 0.007 -14"><span class='ocrx_word' id='word_1_462' title='bbox 1053 1880 1251 1919; x_wconf 75' lang='lat' dir='ltr'><strong>subrogentur</strong></span> <span class='ocrx_word' id='word_1_463' title='bbox 1273 1882 1323 1911; x_wconf 85' lang='lat' dir='ltr'><strong>alii</strong></span> <span class='ocrx_word' id='word_1_464' title='bbox 1346 1882 1449 1920; x_wconf 70' lang='lat' dir='ltr'><strong>viginti</strong></span> <span class='ocrx_word' id='word_1_465' title='bbox 1484 1883 1642 1914; x_wconf 83' lang='lat' dir='ltr'><strong>habiliores</strong></span> <span class='ocrx_word' id='word_1_466' title='bbox 1665 1889 1692 1914; x_wconf 89' lang='lat' dir='ltr'><strong>et</strong></span> <span class='ocrx_word' id='word_1_467' title='bbox 1715 1894 1800 1924; x_wconf 83' lang='lat' dir='ltr'><strong>capa-</strong></span> 
     </span>
     <span class='ocr_line' id='line_1_87' title="bbox 1052 1929 1798 1973; baseline 0.007 -15"><span class='ocrx_word' id='word_1_468' title='bbox 1052 1929 1145 1959; x_wconf 88' lang='lat' dir='ltr'><strong>ciores</strong></span> <span class='ocrx_word' id='word_1_469' title='bbox 1176 1930 1206 1958; x_wconf 90' lang='lat' dir='ltr'><strong>in</strong></span> <span class='ocrx_word' id='word_1_470' title='bbox 1239 1930 1392 1969; x_wconf 76' lang='lat' dir='ltr'><strong>religione,</strong></span> <span class='ocrx_word' id='word_1_471' title='bbox 1428 1932 1570 1969; x_wconf 78' lang='lat' dir='ltr'><strong>seligendi</strong></span> <span class='ocrx_word' id='word_1_472' title='bbox 1597 1942 1632 1962; x_wconf 78' lang='lat' dir='ltr'><strong>ex</strong></span> <span class='ocrx_word' id='word_1_473' title='bbox 1659 1933 1718 1962; x_wconf 85' lang='lat' dir='ltr'><strong>illis</strong></span> <span class='ocrx_word' id='word_1_474' title='bbox 1748 1934 1798 1973; x_wconf 88' lang='lat' dir='ltr'><strong>qui</strong></span> 
     </span>
    </p>
   </div>
   <div class='ocr_carea' id='block_1_34' title="bbox 1028 1980 1799 2065">
    <p class='ocr_par' dir='ltr' id='par_1_36' title="bbox 1028 1980 1799 2065">
     <span class='ocr_line' id='line_1_88' title="bbox 1029 1980 1799 2019; baseline 0.008 -12"><span class='ocrx_word' id='word_1_475' title='bbox 1029 2008 1031 2019; x_wconf 20' lang='lat'><em>5</em></span> <span class='ocrx_word' id='word_1_476' title='bbox 1052 1982 1248 2008; x_wconf 76' lang='lat' dir='ltr'><strong>exercuerunt</strong></span> <span class='ocrx_word' id='word_1_477' title='bbox 1271 1980 1364 2009; x_wconf 79' lang='lat' dir='ltr'><strong>officia</strong></span> <span class='ocrx_word' id='word_1_478' title='bbox 1389 1981 1534 2018; x_wconf 82' lang='lat' dir='ltr'><strong>generalis</strong></span> <span class='ocrx_word' id='word_1_479' title='bbox 1559 1986 1587 2011; x_wconf 90' lang='lat' dir='ltr'><strong>et</strong></span> <span class='ocrx_word' id='word_1_480' title='bbox 1617 1982 1799 2013; x_wconf 87' lang='lat' dir='ltr'><strong>consiliario-</strong></span> 
     </span>
     <span class='ocr_line' id='line_1_89' title="bbox 1028 2028 1797 2065; baseline 0.008 -10"><span class='ocrx_word' id='word_1_481' title='bbox 1028 2043 1030 2061; x_wconf 33' lang='grc' dir='ltr'><em>Ι</em></span> <span class='ocrx_word' id='word_1_482' title='bbox 1052 2036 1128 2065; x_wconf 85' lang='lat' dir='ltr'><strong>rum,</strong></span> <span class='ocrx_word' id='word_1_483' title='bbox 1155 2036 1269 2057; x_wconf 88' lang='lat' dir='ltr'><strong>necnon</strong></span> <span class='ocrx_word' id='word_1_484' title='bbox 1292 2037 1326 2057; x_wconf 81' lang='lat' dir='ltr'><strong>ex</strong></span> <span class='ocrx_word' id='word_1_485' title='bbox 1349 2028 1488 2058; x_wconf 87' lang='lat' dir='ltr'><strong>fratribus</strong></span> <span class='ocrx_word' id='word_1_486' title='bbox 1511 2029 1674 2060; x_wconf 86' lang='lat' dir='ltr'><strong>maioribus</strong></span> <span class='ocrx_word' id='word_1_487' title='bbox 1696 2031 1797 2061; x_wconf 84' lang='lat' dir='ltr'><strong>locali-</strong></span> 
     </span>
    </p>
   </div>
   <div class='ocr_carea' id='block_1_35' title="bbox 1047 2075 1800 2702">
    <p class='ocr_par' dir='ltr' id='par_1_37' title="bbox 1049 2075 1800 2407">
     <span class='ocr_line' id='line_1_90' title="bbox 1051 2075 1798 2116; baseline 0.008 -12"><span class='ocrx_word' id='word_1_488' title='bbox 1051 2075 1117 2113; x_wconf 88' lang='lat' dir='ltr'><strong>bus,</strong></span> <span class='ocrx_word' id='word_1_489' title='bbox 1142 2085 1177 2105; x_wconf 76' lang='lat' dir='ltr'><strong>ex</strong></span> <span class='ocrx_word' id='word_1_490' title='bbox 1200 2077 1365 2116; x_wconf 88' lang='lat' dir='ltr'><strong>antiquiore</strong></span> <span class='ocrx_word' id='word_1_491' title='bbox 1388 2078 1538 2109; x_wconf 83' lang='lat' dir='ltr'><strong>sacerdote</strong></span> <span class='ocrx_word' id='word_1_492' title='bbox 1561 2088 1594 2109; x_wconf 86' lang='lat' dir='ltr'><strong>ac</strong></span> <span class='ocrx_word' id='word_1_493' title='bbox 1616 2079 1798 2110; x_wconf 81' lang='lat' dir='ltr'><strong>novitiorum</strong></span> 
     </span>
     <span class='ocr_line' id='line_1_91' title="bbox 1051 2126 1800 2169; baseline 0.007 -15"><span class='ocrx_word' id='word_1_494' title='bbox 1051 2126 1210 2164; x_wconf 80' lang='lat' dir='ltr'><strong>magistris,</strong></span> <span class='ocrx_word' id='word_1_495' title='bbox 1235 2136 1266 2156; x_wconf 85' lang='lat' dir='ltr'><strong>ac</strong></span> <span class='ocrx_word' id='word_1_496' title='bbox 1285 2132 1477 2166; x_wconf 80' lang='lat' dir='ltr'><strong>procuratore</strong></span> <span class='ocrx_word' id='word_1_497' title='bbox 1499 2129 1640 2166; x_wconf 81' lang='lat' dir='ltr'><strong>generali,</strong></span> <span class='ocrx_word' id='word_1_498' title='bbox 1665 2133 1704 2167; x_wconf 85' lang='lat' dir='ltr'><strong>et,</strong></span> <span class='ocrx_word' id='word_1_499' title='bbox 1729 2140 1800 2169; x_wconf 87' lang='lat' dir='ltr'><strong>qua-</strong></span> 
     </span>
     <span class='ocr_line' id='line_1_92' title="bbox 1050 2174 1797 2215; baseline 0.007 -13"><span class='ocrx_word' id='word_1_500' title='bbox 1050 2177 1137 2203; x_wconf 85' lang='lat' dir='ltr'><strong>tenus</strong></span> <span class='ocrx_word' id='word_1_501' title='bbox 1159 2183 1193 2203; x_wconf 82' lang='lat' dir='ltr'><strong>ex</strong></span> <span class='ocrx_word' id='word_1_502' title='bbox 1217 2174 1262 2204; x_wconf 90' lang='lat' dir='ltr'><strong>his</strong></span> <span class='ocrx_word' id='word_1_503' title='bbox 1290 2184 1347 2204; x_wconf 90' lang='lat' dir='ltr'><strong>non</strong></span> <span class='ocrx_word' id='word_1_504' title='bbox 1379 2180 1477 2214; x_wconf 85' lang='lat' dir='ltr'><strong>posset</strong></span> <span class='ocrx_word' id='word_1_505' title='bbox 1509 2176 1621 2215; x_wconf 80' lang='lat' dir='ltr'><strong>expleri</strong></span> <span class='ocrx_word' id='word_1_506' title='bbox 1654 2187 1797 2207; x_wconf 87' lang='lat' dir='ltr'><strong>numerus</strong></span> 
     </span>
     <span class='ocr_line' id='line_1_93' title="bbox 1050 2222 1798 2264; baseline 0.007 -14"><span class='ocrx_word' id='word_1_507' title='bbox 1050 2222 1168 2260; x_wconf 81' lang='lat' dir='ltr'><strong>viginti,</strong></span> <span class='ocrx_word' id='word_1_508' title='bbox 1186 2223 1370 2262; x_wconf 88' lang='lat' dir='ltr'><strong>compleatur</strong></span> <span class='ocrx_word' id='word_1_509' title='bbox 1387 2233 1420 2254; x_wconf 86' lang='lat' dir='ltr'><strong>ex</strong></span> <span class='ocrx_word' id='word_1_510' title='bbox 1440 2225 1586 2263; x_wconf 79' lang='lat' dir='ltr'><strong>magistris</strong></span> <span class='ocrx_word' id='word_1_511' title='bbox 1602 2225 1632 2254; x_wconf 90' lang='lat' dir='ltr'><strong>in</strong></span> <span class='ocrx_word' id='word_1_512' title='bbox 1648 2225 1798 2264; x_wconf 70' lang='lat' dir='ltr'><strong>chirurgia</strong></span> 
     </span>
     <span class='ocr_line' id='line_1_94' title="bbox 1050 2270 1797 2312; baseline 0.007 -13"><span class='ocrx_word' id='word_1_513' title='bbox 1050 2270 1267 2309; x_wconf 80' lang='lat' dir='ltr'><strong>antiquioribus</strong></span> <span class='ocrx_word' id='word_1_514' title='bbox 1289 2272 1319 2301; x_wconf 92' lang='lat' dir='ltr'><strong>in</strong></span> <span class='ocrx_word' id='word_1_515' title='bbox 1343 2273 1535 2310; x_wconf 82' lang='lat' dir='ltr'><strong>professione,</strong></span> <span class='ocrx_word' id='word_1_516' title='bbox 1560 2273 1610 2312; x_wconf 90' lang='lat' dir='ltr'><strong>qui</strong></span> <span class='ocrx_word' id='word_1_517' title='bbox 1632 2275 1674 2303; x_wconf 82' lang='lat' dir='ltr'><strong>sic</strong></span> <span class='ocrx_word' id='word_1_518' title='bbox 1697 2274 1797 2304; x_wconf 88' lang='lat' dir='ltr'><strong>selecti</strong></span> 
     </span>
     <span class='ocr_line' id='line_1_95' title="bbox 1050 2318 1795 2360; baseline 0.007 -13"><span class='ocrx_word' id='word_1_519' title='bbox 1050 2318 1085 2347; x_wconf 91' lang='lat' dir='ltr'><strong>de</strong></span> <span class='ocrx_word' id='word_1_520' title='bbox 1108 2320 1248 2349; x_wconf 84' lang='lat' dir='ltr'><strong>sexennio</strong></span> <span class='ocrx_word' id='word_1_521' title='bbox 1271 2320 1299 2349; x_wconf 90' lang='lat' dir='ltr'><strong>in</strong></span> <span class='ocrx_word' id='word_1_522' title='bbox 1316 2321 1489 2350; x_wconf 58' lang='lat' dir='ltr'><strong>sexennium</strong></span> <span class='ocrx_word' id='word_1_523' title='bbox 1506 2322 1614 2360; x_wconf 76' lang='lat' dir='ltr'><strong>eligant</strong></span> <span class='ocrx_word' id='word_1_524' title='bbox 1630 2323 1795 2360; x_wconf 83' lang='lat' dir='ltr'><strong>generalem</strong></span> 
     </span>
     <span class='ocr_line' id='line_1_96' title="bbox 1049 2368 1575 2407; baseline 0.008 -10"><span class='ocrx_word' id='word_1_525' title='bbox 1049 2368 1078 2397; x_wconf 91' lang='lat' dir='ltr'><strong>in</strong></span> <span class='ocrx_word' id='word_1_526' title='bbox 1102 2368 1230 2407; x_wconf 80' lang='lat' dir='ltr'><strong>capitulo</strong></span> <span class='ocrx_word' id='word_1_527' title='bbox 1253 2369 1382 2406; x_wconf 78' lang='lat' dir='ltr'><strong>generali</strong></span> <span class='ocrx_word' id='word_1_528' title='bbox 1406 2375 1575 2400; x_wconf 86' lang='lat' dir='ltr'><strong>convocato.</strong></span> 
     </span>
    </p>

    <p class='ocr_par' dir='ltr' id='par_1_38' title="bbox 1047 2416 1796 2702">
     <span class='ocr_line' id='line_1_97' title="bbox 1089 2416 1796 2452; baseline 0.006 -7"><span class='ocrx_word' id='word_1_529' title='bbox 1089 2425 1131 2446; x_wconf 90' lang='lat'><em>111.</em></span> <span class='ocrx_word' id='word_1_530' title='bbox 1156 2416 1237 2452; x_wconf 81' lang='lat' dir='ltr'><strong>Quod</strong></span> <span class='ocrx_word' id='word_1_531' title='bbox 1259 2417 1468 2447; x_wconf 83' lang='lat' dir='ltr'><strong>inviolabiliter</strong></span> <span class='ocrx_word' id='word_1_532' title='bbox 1490 2418 1665 2449; x_wconf 86' lang='lat' dir='ltr'><strong>observetur</strong></span> <span class='ocrx_word' id='word_1_533' title='bbox 1687 2419 1796 2449; x_wconf 87' lang='lat' dir='ltr'><strong>consti—</strong></span> 
     </span>
     <span class='ocr_line' id='line_1_98' title="bbox 1049 2465 1794 2505; baseline 0.004 -11"><span class='ocrx_word' id='word_1_534' title='bbox 1049 2466 1122 2494; x_wconf 89' lang='lat' dir='ltr'><strong>tutio</strong></span> <span class='ocrx_word' id='word_1_535' title='bbox 1152 2465 1182 2494; x_wconf 90' lang='lat' dir='ltr'><strong>in</strong></span> <span class='ocrx_word' id='word_1_536' title='bbox 1211 2474 1266 2504; x_wconf 88' lang='lat' dir='ltr'><strong>qua</strong></span> <span class='ocrx_word' id='word_1_537' title='bbox 1291 2466 1446 2495; x_wconf 83' lang='lat' dir='ltr'><strong>mandatur</strong></span> <span class='ocrx_word' id='word_1_538' title='bbox 1469 2467 1545 2505; x_wconf 89' lang='lat' dir='ltr'><strong>quod</strong></span> <span class='ocrx_word' id='word_1_539' title='bbox 1580 2468 1670 2497; x_wconf 85' lang='lat' dir='ltr'><strong>frater</strong></span> <span class='ocrx_word' id='word_1_540' title='bbox 1703 2468 1794 2497; x_wconf 87' lang='lat' dir='ltr'><strong>maior</strong></span> 
     </span>
     <span class='ocr_line' id='line_1_99' title="bbox 1048 2514 1793 2551; baseline 0.003 -8"><span class='ocrx_word' id='word_1_541' title='bbox 1048 2514 1193 2551; x_wconf 77' lang='lat' dir='ltr'><strong>generalis</strong></span> <span class='ocrx_word' id='word_1_542' title='bbox 1216 2514 1331 2543; x_wconf 85' lang='lat' dir='ltr'><strong>noviter</strong></span> <span class='ocrx_word' id='word_1_543' title='bbox 1353 2515 1462 2545; x_wconf 88' lang='lat' dir='ltr'><strong>electus</strong></span> <span class='ocrx_word' id='word_1_544' title='bbox 1485 2516 1604 2545; x_wconf 87' lang='lat' dir='ltr'><strong>insimul</strong></span> <span class='ocrx_word' id='word_1_545' title='bbox 1634 2525 1700 2545; x_wconf 87' lang='lat' dir='ltr'><strong>cuin</strong></span> <span class='ocrx_word' id='word_1_546' title='bbox 1731 2516 1793 2545; x_wconf 87' lang='lat' dir='ltr'><strong>eius</strong></span> 
     </span>
     <span class='ocr_line' id='line_1_100' title="bbox 1048 2562 1792 2603; baseline 0.003 -12"><span class='ocrx_word' id='word_1_547' title='bbox 1048 2562 1223 2592; x_wconf 83' lang='lat' dir='ltr'><strong>consiliariis</strong></span> <span class='ocrx_word' id='word_1_548' title='bbox 1246 2562 1369 2593; x_wconf 84' lang='lat' dir='ltr'><strong>debeant</strong></span> <span class='ocrx_word' id='word_1_549' title='bbox 1393 2564 1545 2603; x_wconf 88' lang='lat' dir='ltr'><strong>providere</strong></span> <span class='ocrx_word' id='word_1_550' title='bbox 1561 2565 1616 2593; x_wconf 86' lang='lat' dir='ltr'><strong>alia</strong></span> <span class='ocrx_word' id='word_1_551' title='bbox 1633 2565 1728 2593; x_wconf 82' lang='lat' dir='ltr'><strong>officia</strong></span> <span class='ocrx_word' id='word_1_552' title='bbox 1748 2573 1792 2593; x_wconf 91' lang='lat' dir='ltr'><strong>re-</strong></span> 
     </span>
     <span class='ocr_line' id='line_1_101' title="bbox 1047 2609 1791 2650; baseline 0.005 -12"><span class='ocrx_word' id='word_1_553' title='bbox 1047 2609 1165 2648; x_wconf 85' lang='lat' dir='ltr'><strong>ligionis</strong></span> <span class='ocrx_word' id='word_1_554' title='bbox 1186 2610 1216 2640; x_wconf 91' lang='lat' dir='ltr'><strong>in</strong></span> <span class='ocrx_word' id='word_1_555' title='bbox 1234 2611 1366 2650; x_wconf 87' lang='lat' dir='ltr'><strong>personis</strong></span> <span class='ocrx_word' id='word_1_556' title='bbox 1388 2612 1550 2642; x_wconf 85' lang='lat' dir='ltr'><strong>zelantibus</strong></span> <span class='ocrx_word' id='word_1_557' title='bbox 1565 2612 1745 2650; x_wconf 84' lang='lat' dir='ltr'><strong>institutum,</strong></span> <span class='ocrx_word' id='word_1_558' title='bbox 1763 2617 1791 2642; x_wconf 87' lang='lat' dir='ltr'><strong>et</strong></span> 
     </span>
     <span class='ocr_line' id='line_1_102' title="bbox 1047 2659 1790 2702; baseline 0.005 -13"><span class='ocrx_word' id='word_1_559' title='bbox 1047 2659 1124 2699; x_wconf 87' lang='lat' dir='ltr'><strong>quod</strong></span> <span class='ocrx_word' id='word_1_560' title='bbox 1152 2663 1210 2690; x_wconf 86' lang='lat' dir='ltr'><strong>tam</strong></span> <span class='ocrx_word' id='word_1_561' title='bbox 1241 2660 1271 2691; x_wconf 90' lang='lat' dir='ltr'><strong>in</strong></span> <span class='ocrx_word' id='word_1_562' title='bbox 1304 2660 1358 2691; x_wconf 85' lang='lat' dir='ltr'><strong>hoc</strong></span> <span class='ocrx_word' id='word_1_563' title='bbox 1391 2670 1477 2702; x_wconf 82' lang='lat' dir='ltr'><strong>quam</strong></span> <span class='ocrx_word' id='word_1_564' title='bbox 1508 2661 1538 2692; x_wconf 86' lang='lat' dir='ltr'><strong>in</strong></span> <span class='ocrx_word' id='word_1_565' title='bbox 1571 2661 1694 2702; x_wconf 87' lang='lat' dir='ltr'><strong>reliquis</strong></span> <span class='ocrx_word' id='word_1_566' title='bbox 1726 2661 1790 2693; x_wconf 84' lang='lat' dir='ltr'><strong>aliis</strong></span> 
     </span>
    </p>
   </div>
   <div class='ocr_carea' id='block_1_36' title="bbox 1806 2430 1992 2509">
    <p class='ocr_par' dir='ltr' id='par_1_39' title="bbox 1806 2430 1992 2509">
     <span class='ocr_line' id='line_1_103' title="bbox 1832 2430 1992 2453; baseline 0.013 -6"><span class='ocrx_word' id='word_1_567' title='bbox 1832 2430 1942 2453; x_wconf 59' lang='lat' dir='ltr'><strong>Quomodo</strong></span> <span class='ocrx_word' id='word_1_568' title='bbox 1971 2432 1992 2449; x_wconf 84' lang='lat' dir='ltr'><strong>et</strong></span> 
     </span>
     <span class='ocr_line' id='line_1_104' title="bbox 1806 2457 1990 2482; baseline 0.005 -7"><span class='ocrx_word' id='word_1_569' title='bbox 1806 2463 1839 2482; x_wconf 67' lang='lat' dir='ltr'><strong>qu·</strong></span> <span class='ocrx_word' id='word_1_570' title='bbox 1857 2457 1947 2479; x_wconf 56' lang='lat' dir='ltr'><strong>ebroini·</strong></span> <span class='ocrx_word' id='word_1_571' title='bbox 1964 2457 1990 2476; x_wconf 68' lang='lat' dir='ltr'><strong>:nl</strong></span> 
     </span>
     <span class='ocr_line' id='line_1_105' title="bbox 1806 2483 1981 2509; baseline 0 -6"><span class='ocrx_word' id='word_1_572' title='bbox 1806 2485 1887 2509; x_wconf 68' lang='lat' dir='ltr'><strong>reliqua</strong></span> <span class='ocrx_word' id='word_1_573' title='bbox 1903 2483 1981 2503; x_wconf 74' lang='lat' dir='ltr'><strong>ostiola.</strong></span> 
     </span>
    </p>
   </div>
  </div>
 </body>
</html>
