2269 3203
280 202 330 230 An.
346 202 373 230 c.
396 203 463 230 1707
510 194 573 229 306

307 530 418 550 Damnum
433 536 465 550 re-

280 556 370 576 latorum
400 556 465 576 libru-

281 589 332 606 rum,
365 583 463 603 altorum·

281 609 463 635 queedonttorunr

296 2177 415 2199 Prohibitio
427 2183 461 2199 eo-

275 2205 375 2225 rumdam.

513 254 702 284 Denuncialio
717 256 895 292 apoloyetica
910 256 1002 284 Parni
1016 256 1149 284 Comum
1165 265 1214 284 αν-

473 303 646 339 chiepiscopi
668 303 811 332 Sebastem'
838 304 958 333 sinceris
985 304 1140 340 solidisque
1167 305 1214 334 clo<

473 353 609 381 cumensis
624 353 754 389 firmata,
776 361 860 388 quam
875 354 953 381 cirea
969 353 1132 389 praecipua
1146 362 1213 382 cau-

474 410 522 430 sae
542 410 610 430 suae
630 403 729 437 capita
751 403 937 439 evulgandam
961 402 1052 431 clusit.
1087 403 1215 432 Traiecti

475 450 514 478 ad
535 450 674 487 Rhenum,
697 460 813 479 MDCCVI.

520 520 535 563 ἓ
555 519 584 553 3.
603 520 730 553 Auditis
749 520 855 563 itaque
877 526 1129 554 memoratorum
1147 532 1215 554 car-

476 574 644 613 dinalium,
670 573 724 616 qui
750 574 867 606 relatas
893 573 952 606 sibi
979 584 1076 616 super
1099 574 1214 607 iisdem

476 626 597 659 libellis
623 626 764 669 plurium
790 625 821 658 in
848 627 938 659 sacra
957 626 1123 668 theologia
1149 637 1213 658 ma-

477 678 650 721 gistrorum
676 689 830 711 censuras
865 678 1039 721 diligenter
1073 689 1214 722 perpen-

476 733 609 772 derunt,
646 732 835 773 sententiis,
872 732 1032 765 creditum
1066 732 1160 764 nobis
1197 743 1213 764 a

475 786 614 818 Domino
634 785 808 828 pastoralis
833 796 929 818 curae
958 790 1052 829 atque
1078 785 1214 828 vigilan-

476 839 538 872 tiae
564 849 691 880 munus,
710 844 866 882 quantum
885 839 980 872 nobis
998 850 1035 872 ex
1056 840 1121 872 alto
1142 850 1214 872 con-

474 892 623 932 ceditur,
661 892 835 924 salubriter
871 892 985 935 exequi
1022 892 1213 936 cupientes,

474 945 513 978 de
541 945 730 978 eorumdem
756 945 972 978 cardinalium
999 945 1150 986 consilio,
1177 956 1213 978 ac

474 999 572 1031 etiam
597 1003 685 1031 motu
712 998 846 1041 proprio
866 1003 896 1031 et
915 1009 950 1030 ex
970 1000 1059 1031 certa
1076 998 1213 1032 scientia

474 1058 506 1085 et
530 1053 655 1084 matura
681 1051 921 1084 deliberatione
948 1052 1079 1091 nostris,
1108 1052 1211 1095 deque

473 1105 671 1148 apostolicae
698 1104 869 1147 potestatis
895 1104 1118 1147 plenitudine,
1145 1115 1211 1137 non

472 1158 570 1190 modo
608 1167 721 1190 onmes
758 1162 789 1190 et
825 1158 971 1200 singulos
1006 1158 1211 1200 supradictos

472 1211 614 1251 libellos,
637 1216 749 1254 utpote
769 1212 871 1244 multa
888 1212 982 1251 salsa,
1003 1211 1209 1252 calumniosa,

472 1264 675 1308 Apostolicae
694 1263 767 1297 Sedi
790 1264 924 1307 eiusque
946 1264 1102 1297 ministris
1128 1264 1211 1297 iniu-

471 1318 570 1358 riosa,
598 1318 725 1361 piarum
758 1317 884 1350 aurium
928 1316 1094 1357 6116115113,
1119 1328 1212 1350 56311-

473 1371 604 1410 dalosa,
640 1370 833 1409 temeraria,
862 1380 1001 1403 erronea
1020 1398 1027 1410 ,
1055 1376 1152 1414 atque
1177 1371 1210 1403 in

472 1429 619 1468 apertum
653 1424 794 1457 schisma
829 1423 994 1457 tendentia
1028 1424 1210 1467 respective

473 1478 699 1518 continentes,
743 1487 857 1510 verum
895 1477 990 1510 etiam
1030 1488 1142 1511 omnes
1180 1483 1212 1510 et

473 1541 697 1575 quoscumque
724 1531 804 1564 alios
830 1531 943 1571 libros,
971 1531 1111 1572 libellos,
1141 1531 1209 1574 epi-

472 1586 590 1624 stolas,
618 1590 650 1617 et
674 1584 736 1617 alia
762 1584 893 1627 quaevis
918 1594 1018 1627 opera
1043 1594 1099 1617 seu
1133 1590 1233 1627 opu-²

471 1639 568 1678 scula,
607 1638 730 1670 directe
771 1638 819 1670 vel
860 1637 1017 1670 indirecte
1057 1637 1210 1670 adversus

471 1692 653 1735 praefatum
668 1696 815 1724 nostruin
837 1691 1002 1724 decretum
1020 1691 1210 1724 1611161161115

470 1745 648 1789 supradicti
682 1745 767 1778 Petri
805 1745 1046 1788 archiepiscopi
1083 1756 1209 1778 necnon

470 1798 688 1832 damnationis
714 1804 745 1831 et
781 1798 1016 1841 prohibitionis
1051 1810 1232 1832 1116111613-Ὶ

471 1858 575 1886 tarum
594 1852 662 1885 eius
681 1851 899 1895 scriptionum
912 1862 1116 1895 quocumque
1131 1852 1210 1885 idio-

471 1911 556 1939 mate
582 1906 739 1938 hactenus
766 1905 863 1945 edita,
882 1910 913 1939 et
938 1905 962 1938 si
988 1916 1070 1949 quae
1096 1905 1129 1938 in
1154 1905 1233 1949 po-'

471 1965 592 1992 sterum
618 1959 669 1992 edi
695 1958 879 2001 contigerit,
910 1964 1022 1992 tenore
1055 1969 1210 2003 praesen-

473 2012 551 2044 tium
577 2012 768 2045 damnamus
786 2017 816 2045 et
837 2012 1064 2054 reprobamus,
1091 2022 1126 2045 ac
1150 2023 1210 2055 pro

473 2065 631 2098 damnatis
657 2070 688 2098 et
710 2064 893 2108 reprobatis
914 2070 1073 2109 perpetuo
1095 2065 1209 2098 11311611
1231 2088 1232 2091 ¹

474 2117 596 2151 debere
622 2118 840 2151 decernimus.

517 2173 532 2216 ἓ
556 2171 587 2205 3.
612 2172 655 2204 Α6
680 2171 819 2215 proinde
846 2171 991 2204 omnium
1010 2176 1042 2204 et
1066 2171 1211 2215 singulo-

473 2236 544 2259 rum
586 2230 650 2257 tam
687 2235 785 2267 supra
821 2224 1077 2268 descriptorum,
1116 2236 1210 2269 quam

473 2280 615 2312 aliorum
642 2276 866 2320 quorumlibet
897 2277 1049 2310 similium
1083 2277 1232 2311 libello-³

472 2341 554 2370 rum,
574 2330 741 2369 librorum,
758 2330 984 2372 epistolarum,
1000 2340 1137 2372 operum
1155 2341 1209 2363 seu
1231 2347 1232 2364 1

471 2384 699 2427 opusculorum
726 2382 990 2425 impressionem,
1017 2383 1209 2426 descriptio-

472 2447 562 2476 nem,
583 2435 778 2474 lectionem,
803 2435 1021 2468 retentionem
1049 2441 1081 2468 et
1101 2446 1206 2476 usum,

471 2487 809 2530 omnibusetsingulis
821 2487 1209 2528 christifidelibus,etiam

471 2541 622 2586 specifica
648 2547 679 2574 et
703 2540 872 2574 individua
904 2541 1070 2575 mentione
1097 2552 1133 2575 ac
1157 2552 1208 2575 ex-

472 2595 642 2642 pressione
668 2593 785 2638 dignis,
812 2594 870 2627 sub
896 2596 1000 2640 poena
1026 2605 1208 2630 excommu-

1055 206 1233 230 BULLARIUM
1258 206 1411 230 nOMANUM

2007 208 2054 234 An.
2071 208 2099 234 C.
2119 208 2187 237 1707

1256 254 1431 288 nicationis
1447 265 1507 298 per
1524 253 1798 288 contrafacientes
1823 255 1894 299 ipso
1911 255 1994 289 facto

1257 307 1377 351 absque
1403 307 1465 340 alia
1490 307 1711 341 declaratione
1743 307 1951 349 inem-reuda,
1978 319 1995 341 a

1258 371 1320 403 qua
1333 371 1427 394 nemo
1441 371 1458 393 a
1471 371 1646 403 quoquam,
1660 364 1892 404 praeterquam
1907 371 1925 394 a
1942 371 1996 394 no-

1257 412 1306 445 bis
1332 424 1388 446 seu
1412 414 1556 446 Romano
1579 413 1742 446 Ponteiice
1768 423 1827 456 pro
1847 418 1995 457 tempore

1259 466 1424 506 existente,
1451 466 1512 498 nisi
1531 466 1563 498 in
1581 465 1695 499 mortis
1721 466 1860 499 articulo
1876 467 1997 500 consti-

1259 525 1353 560 tutus,
1372 518 1586 552 absolutionis
1604 518 1798 552 beneficium
1818 519 1921 552 valeat
1941 520 1996 553 ob-

1259 574 1372 614 tinere,
1392 572 1526 606 omnino
1547 573 1772 606 interdicimus
1791 578 1821 606 et
1840 573 1996 616 prohibe-

1258 636 1349 665 mus,
1373 626 1519 658 volentes
1545 630 1576 657 ct
1599 625 1779 668 apostolica
1803 625 1996 659 auctoritate

1257 679 1461 719 mandantes,
1482 684 1524 719 ut,
1548 679 1746 722 quicumque
1772 678 1882 719 libros,
1904 679 1995 712 libel-

1257 733 1315 772 los,
1342 732 1508 775 epistolas,
1534 743 1633 775 opera
1651 742 1707 765 seu
1727 732 1887 775 opuscula
1905 742 1996 775 prae-

1257 786 1349 825 dicta,
1377 786 1426 818 vel
1454 795 1566 818 eorum
1590 785 1736 828 aliquod,
1762 795 1864 828 penes
1883 796 1917 818 se
1938 785 1996 818 113-

1256 838 1410 879 buerint,
1435 839 1491 871 illa
1527 849 1583 872 scu
1618 838 1716 878 illud,
1754 838 1863 871 statim
1899 843 1994 883 atque

1256 896 1448 935 praesentes
1474 892 1603 925 litterae
1637 891 1682 924 eis
1719 891 1931 933 innotuerint,
1951 896 1996 926 te-

1255 950 1393 978 neantur
1414 945 1541 978 tradere
1571 950 1666 989 atque
1687 945 1878 989 consignare
1912 947 1995 979 loco·

1255 1008 1325 1030 rum
1351 997 1542 1038 Ordinariis,
1569 999 1618 1031 vel
1644 999 1831 1032 haereticae
1856 999 1994 1042 pravita-

1256 1052 1294 1084 tis
1318 1051 1578 1094 Inquisitoribus‚
1614 1051 1667 1095 qui
1701 1052 1901 1096 exemplaria
1932 1052 1994 1086 sibi

1255 1105 1300 1137 sic
1325 1105 1439 1137 tradita
1457 1105 1544 1138 illico
1563 1106 1701 1139 flammis
1721 1106 1844 1140 aboleri
1867 1112 1990 1140 curent.

1298 1159 1312 1201 ἓ
1337 1158 1368 1192 4.
1397 1159 1541 1202 Insuper,
1560 1159 1619 1192 sub
1640 1159 1710 1202 pari
1737 1159 1993 1194 excommunica-
2014 1173 2080 1202 ,nem
2096 1173 2189 1204 pr‹.hn·i3

1256 1212 1352 1244 tionis
1376 1214 1501 1255 poena,
1527 1212 1756 1245 interdicimus
1781 1212 1936 1246 similiter
1962 1200 2189 1251 et3520'3¹38·⁰.‚¹¹.3³.'1¹2.'

1255 1264 1479 1307 probibemus,
1512 1275 1553 1297 ne
1587 1264 1659 1308 quis
1694 1265 1727 1298 in
1763 1254 2084 1307 concionibus,‘n³{i=¹1¹lu“.'
2108 1253 2189 1278 ''⁰¹¹²'s''

1254 1318 1477 1357 catechismis,
1512 1318 1724 1358 lectionibus,
1757 1323 1812 1351 aut
1847 1318 1919 1351 aliis
1953 1319 1993 1352 ad

1254 1372 1410 1415 populum
1443 1371 1652 1404 sermonibus
1689 1371 1895 1414 praedictum
1928 1382 1991 1405 no-

1254 1430 1357 1457 strum
1384 1425 1551 1458 decretum
1577 1425 1609 1458 in
1631 1427 1725 1457 causa
1752 1424 1921 1458 memorati
1941 1425 1994 1458 Pe-

1255 1478 1293 1511 tri
1320 1478 1572 1522 archiepiscopi,
1610 1480 1733 1511 summa
1764 1478 1896 1522 quidem
1929 1489 1995 1512 ma-

1256 1532 1387 1566 turitate
1412 1537 1444 1565 et
1469 1532 1590 1565 iustitia
1607 1532 1741 1573 editum,
1760 1532 1827 1565 ullo
1847 1537 1993 1576 tempore

1253 1588 1302 1619 vel
1329 1587 1442 1629 quovis
1470 1591 1643 1629 praetextu
1676 1586 1868 1630 impugnare
1900 1597 1993 1630 prae-

1254 1646 1377 1680 sumat,
1404 1641 1454 1673 vel
1490 1640 1596 1673 eidem
1633 1640 1883 1683 quomodolibet
1914 1651 1993 1674 ausu

1254 1693 1428 1726 temerario
1449 1693 1624 1726 contraire.

1299 1747 1312 1789 ἓ
1339 1746 1370 1779 5.
1398 1746 1467 1779 Ν611
1486 1746 1691 1779 obstantibus
1704 1746 1993 1780 constitutionibus
2031 1754 2151 1776 ‹stausntam

1255 1805 1286 1833 ct
1310 1799 1573 1833 ordinationibus
1592 1799 1789 1843 apostolicis,
1808 1799 1992 1844 ceterisque

1254 1854 1426 1887 contrariis
1453 1853 1724 1897 quibuscumque.

1298 1905 1358 1948 ἓθ.
1384 1904 1545 1944 Ceterum,
1569 1910 1605 1936 ut
1622 1904 1712 1947 ipsae
1735 1909 1923 1947 praesentes
1945 1904 1991 1937 lit-

1255 1963 1340 1990 terae
1365 1957 1516 1990 omnibus
1543 1956 1668 1990 facilius
1693 1957 1910 1999 innotescant,
1932 1967 1992 1991 nec

1254 2011 1428 2055 quisquam
1453 2010 1580 2043 illarum
1605 2010 1824 2053 ignorantiam
1850 2011 1991 2054 allegare

1254 2064 1368 2108 possit,
1395 2064 1557 2104 volumus,
1575 2069 1606 2097 et
1631 2064 1823 2098 auctoritate
1848 2064 1991 2107 praefata

1255 2118 1474 2157 decernimus,
1510 2117 1581 2150 illas
1618 2117 1657 2150 ad
1697 2117 1803 2150 valvas
1839 2116 1991 2150 basilicae

1254 2171 1413 2214 Principis
1444 2171 1674 2214 Apostolorum
1701 2181 1737 2203 ac
1772 2170 1991 2205 Cancellariae

1254 2225 1464 2268 apostolicae,
1492 2234 1620 2258 necnon
1642 2223 1757 2257 Curiae
1776 2223 1937 2266 generalis
1959 2224 1990 2257 in

1254 2278 1360 2311 Monte
1386 2277 1540 2310 Citatorio
1567 2284 1598 2310 et
1623 2277 1654 2309 in
1680 2276 1749 2309 acie
1779 2276 1991 2321 Campissorae

1254 2330 1293 2363 de
1320 2329 1405 2363 Urbe
1430 2340 1489 2374 per
1514 2329 1658 2373 aliquem
1676 2340 1712 2362 ex
1731 2330 1919 2364 cursoribus
1934 2341 1992 2365 no-

1254 2383 1338 2424 stris,
1365 2388 1398 2416 ut
1422 2383 1522 2416 moris
1549 2387 1606 2422 est,
1642 2383 1812 2426 publicari,
1846 2384 1992 2418 illarum-

1253 2446 1314 2478 que
1341 2436 1490 2478 exempla
1516 2434 1637 2468 ibidem
1659 2434 1753 2468 affixa
1771 2436 1930 2480 relinqui;
1945 2437 1992 2470 sic

1252 2498 1326 2521 vero
1344 2488 1535 2531 publicatas,
1554 2498 1667 2521 omnes
1686 2494 1718 2521 et
1731 2487 1891 2532 singulos,
1907 2499 1990 2533 quos

1251 2546 1465 2582 concernunt,
1490 2541 1627 2585 perinde
1653 2540 1781 2575 afficere
1800 2547 1832 2575 et
1852 2546 1990 2582 arctare,

1251 2605 1287 2629 ac
1311 2595 1337 2629 51
1361 2595 1535 2640 unicuique
1560 2595 1690 2630 illorum
1710 2595 1927 2640 personaliter
1944 2596 1990 2631 in-

2043 1914 2186 1938 praesentium

2002 1943 2126 1968 publicatio.
