<?xml version="1.0" encoding="UTF-8"?>
<!DOCTYPE html PUBLIC "-//W3C//DTD XHTML 1.0 Transitional//EN"
    "http://www.w3.org/TR/xhtml1/DTD/xhtml1-transitional.dtd">
<html xmlns="http://www.w3.org/1999/xhtml" xml:lang="en" lang="en">
 <head>
  <title>
</title>
<meta http-equiv="Content-Type" content="text/html;charset=utf-8" />
  <meta name='ocr-system' content='tesseract 3.04.00' />
  <meta name='ocr-capabilities' content='ocr_page ocr_carea ocr_par ocr_line ocrx_word'/>
</head>
<body>
  <div class='ocr_page' id='page_1' title='image "./bullarumdiplomat21cath_0119.png"; bbox 0 0 2269 3203; ppageno 0'>
   <div class='ocr_carea' id='block_1_1' title="bbox 67 243 258 272">
    <p class='ocr_par' dir='ltr' id='par_1_1' title="bbox 67 243 258 272">
     <span class='ocr_line' id='line_1_1' title="bbox 67 243 258 272; baseline 0 0"><span class='ocrx_word' id='word_1_1' title='bbox 67 243 122 272; x_wconf 78' lang='lat' dir='ltr'>An.</span> <span class='ocrx_word' id='word_1_2' title='bbox 141 243 170 271; x_wconf 85' lang='lat' dir='ltr'>C.</span> <span class='ocrx_word' id='word_1_3' title='bbox 190 243 258 272; x_wconf 74' lang='lat'>1702</span> 
     </span>
    </p>
   </div>
   <div class='ocr_carea' id='block_1_2' title="bbox 892 233 1987 269">
    <p class='ocr_par' dir='ltr' id='par_1_2' title="bbox 892 233 1987 269">
     <span class='ocr_line' id='line_1_2' title="bbox 892 233 1987 269; baseline 0 -1"><span class='ocrx_word' id='word_1_4' title='bbox 892 243 1034 268; x_wconf 80' lang='lat' dir='ltr'><strong>CLEMENS</strong></span> <span class='ocrx_word' id='word_1_5' title='bbox 1059 242 1092 266; x_wconf 87' lang='lat' dir='ltr'>x1</span> <span class='ocrx_word' id='word_1_6' title='bbox 1116 242 1164 266; x_wconf 79' lang='lat' dir='ltr'>rr.</span> <span class='ocrx_word' id='word_1_7' title='bbox 1705 233 1742 267; x_wconf 74' lang='lat'>71</span> <span class='ocrx_word' id='word_1_8' title='bbox 1794 242 1845 268; x_wconf 77' lang='grc' dir='ltr'>Αη.</span> <span class='ocrx_word' id='word_1_9' title='bbox 1867 241 1896 268; x_wconf 88' lang='lat' dir='ltr'>c.</span> <span class='ocrx_word' id='word_1_10' title='bbox 1916 240 1987 269; x_wconf 68' lang='lat'><strong>¹702</strong></span> 
     </span>
    </p>
   </div>
   <div class='ocr_carea' id='block_1_3' title="bbox 262 291 1014 2568">
    <p class='ocr_par' dir='ltr' id='par_1_3' title="bbox 262 291 1014 2568">
     <span class='ocr_line' id='line_1_3' title="bbox 263 291 1004 328; baseline -0.001 -2"><span class='ocrx_word' id='word_1_11' title='bbox 263 303 366 327; x_wconf 90' lang='lat' dir='ltr'>unum</span> <span class='ocrx_word' id='word_1_12' title='bbox 385 305 420 328; x_wconf 77' lang='lat' dir='ltr'>ex</span> <span class='ocrx_word' id='word_1_13' title='bbox 441 294 557 328; x_wconf 87' lang='lat' dir='ltr'>diebus</span> <span class='ocrx_word' id='word_1_14' title='bbox 574 293 658 327; x_wconf 88' lang='lat' dir='ltr'>infra</span> <span class='ocrx_word' id='word_1_15' title='bbox 676 297 818 326; x_wconf 81' lang='lat' dir='ltr'>octavam</span> <span class='ocrx_word' id='word_1_16' title='bbox 838 292 913 325; x_wconf 88' lang='lat' dir='ltr'>dicti</span> <span class='ocrx_word' id='word_1_17' title='bbox 932 291 1004 326; x_wconf 87' lang='lat' dir='ltr'>festi</span> 
     </span>
     <span class='ocr_line' id='line_1_4' title="bbox 263 346 1004 390; baseline -0.003 -10"><span class='ocrx_word' id='word_1_18' title='bbox 263 358 336 380; x_wconf 85' lang='lat' dir='ltr'>eum</span> <span class='ocrx_word' id='word_1_19' title='bbox 350 347 464 381; x_wconf 74' lang='lat' dir='ltr'>eadem</span> <span class='ocrx_word' id='word_1_20' title='bbox 478 347 679 390; x_wconf 79' lang='lat' dir='ltr'>indulgentia</span> <span class='ocrx_word' id='word_1_21' title='bbox 705 346 930 386; x_wconf 50' lang='lat' dir='ltr'>transtulerim</span> <span class='ocrx_word' id='word_1_22' title='bbox 950 346 1004 379; x_wconf 87' lang='lat' dir='ltr'>de-</span> 
     </span>
     <span class='ocr_line' id='line_1_5' title="bbox 263 400 1003 440; baseline -0.001 -7"><span class='ocrx_word' id='word_1_23' title='bbox 263 400 339 435; x_wconf 91' lang='lat' dir='ltr'>inde</span> <span class='ocrx_word' id='word_1_24' title='bbox 357 406 485 435; x_wconf 88' lang='lat' dir='ltr'>sanctae</span> <span class='ocrx_word' id='word_1_25' title='bbox 504 400 679 434; x_wconf 86' lang='lat' dir='ltr'>memoriae</span> <span class='ocrx_word' id='word_1_26' title='bbox 695 400 903 434; x_wconf 75' lang='lat' dir='ltr'>Innocentius</span> <span class='ocrx_word' id='word_1_27' title='bbox 917 400 955 440; x_wconf 73' lang='lat' dir='ltr'>X,</span> <span class='ocrx_word' id='word_1_28' title='bbox 972 400 1003 432; x_wconf 90' lang='lat' dir='ltr'>in</span> 
     </span>
     <span class='ocr_line' id='line_1_6' title="bbox 265 453 1004 493; baseline -0.001 -6"><span class='ocrx_word' id='word_1_29' title='bbox 265 455 331 488; x_wconf 88' lang='lat' dir='ltr'>suis</span> <span class='ocrx_word' id='word_1_30' title='bbox 345 454 422 488; x_wconf 87' lang='lat' dir='ltr'>item</span> <span class='ocrx_word' id='word_1_31' title='bbox 444 455 562 488; x_wconf 88' lang='lat' dir='ltr'>litteris</span> <span class='ocrx_word' id='word_1_32' title='bbox 576 465 661 488; x_wconf 80' lang='lat' dir='ltr'>xxvii</span> <span class='ocrx_word' id='word_1_33' title='bbox 679 453 824 488; x_wconf 86' lang='lat' dir='ltr'>octobris</span> <span class='ocrx_word' id='word_1_34' title='bbox 845 463 954 493; x_wconf 71' lang='lat' dir='ltr'>nocti,</span> <span class='ocrx_word' id='word_1_35' title='bbox 973 453 1004 486; x_wconf 92' lang='lat' dir='ltr'>in</span> 
     </span>
     <span class='ocr_line' id='line_1_7' title="bbox 265 507 1006 541; baseline -0.001 0"><span class='ocrx_word' id='word_1_36' title='bbox 265 508 353 541; x_wconf 82' lang='lat' dir='ltr'>dicto</span> <span class='ocrx_word' id='word_1_37' title='bbox 379 518 453 541; x_wconf 85' lang='lat' dir='ltr'>casu</span> <span class='ocrx_word' id='word_1_38' title='bbox 477 508 675 541; x_wconf 78' lang='lat' dir='ltr'>incidentiae</span> <span class='ocrx_word' id='word_1_39' title='bbox 702 507 774 540; x_wconf 89' lang='lat' dir='ltr'>festi</span> <span class='ocrx_word' id='word_1_40' title='bbox 799 507 831 540; x_wconf 93' lang='lat' dir='ltr'>in</span> <span class='ocrx_word' id='word_1_41' title='bbox 867 507 1006 540; x_wconf 89' lang='lat' dir='ltr'>domini-</span> 
     </span>
     <span class='ocr_line' id='line_1_8' title="bbox 264 561 1005 605; baseline 0 -11"><span class='ocrx_word' id='word_1_42' title='bbox 264 571 333 594; x_wconf 85' lang='lat' dir='ltr'>cam</span> <span class='ocrx_word' id='word_1_43' title='bbox 370 561 506 605; x_wconf 81' lang='lat' dir='ltr'>primam</span> <span class='ocrx_word' id='word_1_44' title='bbox 541 561 724 602; x_wconf 81' lang='lat' dir='ltr'>Adventus,</span> <span class='ocrx_word' id='word_1_45' title='bbox 752 561 1005 594; x_wconf 72' lang='lat' dir='ltr'>celebrationem</span> 
     </span>
     <span class='ocr_line' id='line_1_9' title="bbox 265 614 1005 648; baseline 0 -1"><span class='ocrx_word' id='word_1_46' title='bbox 265 614 412 648; x_wconf 88' lang='lat' dir='ltr'>eiusdem</span> <span class='ocrx_word' id='word_1_47' title='bbox 439 614 508 647; x_wconf 88' lang='lat' dir='ltr'>festi</span> <span class='ocrx_word' id='word_1_48' title='bbox 535 614 567 647; x_wconf 91' lang='lat' dir='ltr'>in</span> <span class='ocrx_word' id='word_1_49' title='bbox 594 614 705 647; x_wconf 89' lang='lat' dir='ltr'>feriam</span> <span class='ocrx_word' id='word_1_50' title='bbox 739 614 916 648; x_wconf 88' lang='lat' dir='ltr'>secundam</span> <span class='ocrx_word' id='word_1_51' title='bbox 946 614 1005 647; x_wconf 89' lang='lat' dir='ltr'>im-</span> 
     </span>
     <span class='ocr_line' id='line_1_10' title="bbox 263 667 1004 712; baseline -0.001 -11"><span class='ocrx_word' id='word_1_52' title='bbox 263 667 404 701; x_wconf 88' lang='lat' dir='ltr'>mediate</span> <span class='ocrx_word' id='word_1_53' title='bbox 430 673 620 712; x_wconf 72' lang='lat' dir='ltr'>sequentem</span> <span class='ocrx_word' id='word_1_54' title='bbox 641 695 648 709; x_wconf 88' lang='lat'><em>‚</em></span> <span class='ocrx_word' id='word_1_55' title='bbox 675 678 749 702; x_wconf 89' lang='lat' dir='ltr'>cum</span> <span class='ocrx_word' id='word_1_56' title='bbox 778 667 1004 711; x_wconf 81' lang='lat' dir='ltr'>indulgentia,</span> 
     </span>
     <span class='ocr_line' id='line_1_11' title="bbox 265 722 1006 766; baseline 0 -12"><span class='ocrx_word' id='word_1_57' title='bbox 265 722 381 754; x_wconf 84' lang='lat' dir='ltr'>futuris</span> <span class='ocrx_word' id='word_1_58' title='bbox 396 722 491 754; x_wconf 89' lang='lat' dir='ltr'>etiam</span> <span class='ocrx_word' id='word_1_59' title='bbox 506 722 677 766; x_wconf 89' lang='lat' dir='ltr'>perpetuis</span> <span class='ocrx_word' id='word_1_60' title='bbox 691 722 893 766; x_wconf 76' lang='lat' dir='ltr'>temporibus</span> <span class='ocrx_word' id='word_1_61' title='bbox 906 727 1006 755; x_wconf 84' lang='lat' dir='ltr'>traus-</span> 
     </span>
     <span class='ocr_line' id='line_1_12' title="bbox 265 774 1005 819; baseline 0 -12"><span class='ocrx_word' id='word_1_62' title='bbox 265 774 345 808; x_wconf 81' lang='lat' dir='ltr'>ferri</span> <span class='ocrx_word' id='word_1_63' title='bbox 371 775 593 816; x_wconf 86' lang='lat' dir='ltr'>mandaverit·,</span> <span class='ocrx_word' id='word_1_64' title='bbox 620 786 757 819; x_wconf 85' lang='lat' dir='ltr'>eumque</span> <span class='ocrx_word' id='word_1_65' title='bbox 778 775 908 809; x_wconf 90' lang='lat' dir='ltr'>demum</span> <span class='ocrx_word' id='word_1_66' title='bbox 937 785 1005 807; x_wconf 89' lang='lat' dir='ltr'>san-</span> 
     </span>
     <span class='ocr_line' id='line_1_13' title="bbox 265 827 1006 869; baseline 0.001 -8"><span class='ocrx_word' id='word_1_67' title='bbox 265 833 336 862; x_wconf 87' lang='lat' dir='ltr'>etae</span> <span class='ocrx_word' id='word_1_68' title='bbox 371 827 547 861; x_wconf 80' lang='lat' dir='ltr'>memoriae</span> <span class='ocrx_word' id='word_1_69' title='bbox 576 829 762 862; x_wconf 76' lang='lat' dir='ltr'>Alexander</span> <span class='ocrx_word' id='word_1_70' title='bbox 793 829 856 869; x_wconf 66' lang='lat' dir='ltr'>Vll,</span> <span class='ocrx_word' id='word_1_71' title='bbox 883 829 915 861; x_wconf 91' lang='lat' dir='ltr'>in</span> <span class='ocrx_word' id='word_1_72' title='bbox 941 829 1006 862; x_wconf 89' lang='lat' dir='ltr'>suis</span> 
     </span>
     <span class='ocr_line' id='line_1_14' title="bbox 263 882 1005 927; baseline -0.003 -11"><span class='ocrx_word' id='word_1_73' title='bbox 263 882 385 927; x_wconf 90' lang='lat' dir='ltr'>pariter</span> <span class='ocrx_word' id='word_1_74' title='bbox 404 882 522 916; x_wconf 89' lang='lat' dir='ltr'>litteris</span> <span class='ocrx_word' id='word_1_75' title='bbox 540 893 618 916; x_wconf 77' lang='lat' dir='ltr'>xviii</span> <span class='ocrx_word' id='word_1_76' title='bbox 637 882 707 916; x_wconf 91' lang='lat' dir='ltr'>iulii</span> <span class='ocrx_word' id='word_1_77' title='bbox 725 892 868 923; x_wconf 78' lang='lat' dir='ltr'>nnchu,</span> <span class='ocrx_word' id='word_1_78' title='bbox 891 883 1005 916; x_wconf 87' lang='lat' dir='ltr'>festum</span> 
     </span>
     <span class='ocr_line' id='line_1_15' title="bbox 263 936 1006 981; baseline 0 -11"><span class='ocrx_word' id='word_1_79' title='bbox 263 936 466 981; x_wconf 87' lang='lat' dir='ltr'>praedictum</span> <span class='ocrx_word' id='word_1_80' title='bbox 489 936 520 970; x_wconf 80' lang='lat' dir='ltr'>S.</span> <span class='ocrx_word' id='word_1_81' title='bbox 548 936 712 970; x_wconf 86' lang='lat' dir='ltr'>Francisci</span> <span class='ocrx_word' id='word_1_82' title='bbox 737 937 877 976; x_wconf 75' lang='lat' dir='ltr'>Xaverii,</span> <span class='ocrx_word' id='word_1_83' title='bbox 906 936 958 969; x_wconf 87' lang='lat' dir='ltr'>die</span> <span class='ocrx_word' id='word_1_84' title='bbox 984 946 1006 970; x_wconf 89' lang='lat'>11</span> 
     </span>
     <span class='ocr_line' id='line_1_16' title="bbox 264 988 1006 1033; baseline -0.003 -10"><span class='ocrx_word' id='word_1_85' title='bbox 264 989 448 1023; x_wconf 85' lang='lat' dir='ltr'>decembris</span> <span class='ocrx_word' id='word_1_86' title='bbox 487 994 588 1030; x_wconf 86' lang='lat' dir='ltr'>tunc,</span> <span class='ocrx_word' id='word_1_87' title='bbox 620 995 654 1022; x_wconf 95' lang='lat' dir='ltr'>ut</span> <span class='ocrx_word' id='word_1_88' title='bbox 686 1000 784 1033; x_wconf 86' lang='lat' dir='ltr'>supra</span> <span class='ocrx_word' id='word_1_89' title='bbox 805 1015 813 1030; x_wconf 93' lang='lat'><em>,</em></span> <span class='ocrx_word' id='word_1_90' title='bbox 848 988 1006 1022; x_wconf 90' lang='lat' dir='ltr'>celebrari</span> 
     </span>
     <span class='ocr_line' id='line_1_17' title="bbox 265 1042 1006 1083; baseline -0.003 -7"><span class='ocrx_word' id='word_1_91' title='bbox 265 1047 479 1083; x_wconf 87' lang='lat' dir='ltr'>consuetum,</span> <span class='ocrx_word' id='word_1_92' title='bbox 511 1042 543 1075; x_wconf 92' lang='lat' dir='ltr'>in</span> <span class='ocrx_word' id='word_1_93' title='bbox 578 1042 663 1076; x_wconf 91' lang='lat' dir='ltr'>diem</span> <span class='ocrx_word' id='word_1_94' title='bbox 696 1043 824 1076; x_wconf 80' lang='lat' dir='ltr'>tertiam</span> <span class='ocrx_word' id='word_1_95' title='bbox 860 1042 1006 1075; x_wconf 85' lang='lat' dir='ltr'>eiusdem</span> 
     </span>
     <span class='ocr_line' id='line_1_18' title="bbox 264 1095 1009 1139; baseline -0.003 -9"><span class='ocrx_word' id='word_1_96' title='bbox 264 1095 410 1136; x_wconf 79' lang='lat' dir='ltr'>mensis,</span> <span class='ocrx_word' id='word_1_97' title='bbox 437 1095 535 1128; x_wconf 90' lang='lat' dir='ltr'>etiam</span> <span class='ocrx_word' id='word_1_98' title='bbox 561 1106 636 1129; x_wconf 90' lang='lat' dir='ltr'>cum</span> <span class='ocrx_word' id='word_1_99' title='bbox 669 1096 874 1139; x_wconf 75' lang='lat' dir='ltr'>indulgentia</span> <span class='ocrx_word' id='word_1_100' title='bbox 896 1122 903 1136; x_wconf 91' lang='lat'>‚</span> <span class='ocrx_word' id='word_1_101' title='bbox 939 1106 1009 1139; x_wconf 88' lang='lat' dir='ltr'>per-</span> 
     </span>
     <span class='ocr_line' id='line_1_19' title="bbox 262 1149 1008 1193; baseline 0.001 -11"><span class='ocrx_word' id='word_1_102' title='bbox 262 1153 362 1193; x_wconf 89' lang='lat' dir='ltr'>petuo</span> <span class='ocrx_word' id='word_1_103' title='bbox 387 1149 619 1183; x_wconf 87' lang='lat' dir='ltr'>celebrandum</span> <span class='ocrx_word' id='word_1_104' title='bbox 653 1150 879 1191; x_wconf 89' lang='lat' dir='ltr'>transtulerit,</span> <span class='ocrx_word' id='word_1_105' title='bbox 918 1151 1008 1183; x_wconf 78' lang='lat' dir='ltr'>nulla</span> 
     </span>
     <span class='ocr_line' id='line_1_20' title="bbox 263 1202 1009 1247; baseline 0.001 -12"><span class='ocrx_word' id='word_1_106' title='bbox 263 1202 432 1235; x_wconf 87' lang='lat' dir='ltr'>mentione</span> <span class='ocrx_word' id='word_1_107' title='bbox 459 1203 540 1235; x_wconf 78' lang='lat' dir='ltr'>facta</span> <span class='ocrx_word' id='word_1_108' title='bbox 564 1213 656 1236; x_wconf 86' lang='lat' dir='ltr'>casus</span> <span class='ocrx_word' id='word_1_109' title='bbox 684 1203 881 1236; x_wconf 83' lang='lat' dir='ltr'>incidentiae</span> <span class='ocrx_word' id='word_1_110' title='bbox 914 1214 1009 1247; x_wconf 89' lang='lat' dir='ltr'>supe-</span> 
     </span>
     <span class='ocr_line' id='line_1_21' title="bbox 264 1255 1006 1293; baseline 0.001 -5"><span class='ocrx_word' id='word_1_111' title='bbox 264 1255 331 1288; x_wconf 87' lang='lat' dir='ltr'>rius</span> <span class='ocrx_word' id='word_1_112' title='bbox 357 1256 564 1288; x_wconf 86' lang='lat' dir='ltr'>enunciatae:</span> <span class='ocrx_word' id='word_1_113' title='bbox 591 1256 763 1289; x_wconf 80' lang='lat' dir='ltr'>excitatum</span> <span class='ocrx_word' id='word_1_114' title='bbox 790 1257 846 1289; x_wconf 85' lang='lat' dir='ltr'>fuit</span> <span class='ocrx_word' id='word_1_115' title='bbox 864 1257 1006 1293; x_wconf 84' lang='lat' dir='ltr'>dubium,</span> 
     </span>
     <span class='ocr_line' id='line_1_22' title="bbox 265 1309 1009 1353; baseline 0.001 -12"><span class='ocrx_word' id='word_1_116' title='bbox 265 1319 304 1341; x_wconf 88' lang='lat' dir='ltr'>an</span> <span class='ocrx_word' id='word_1_117' title='bbox 330 1309 436 1342; x_wconf 88' lang='lat' dir='ltr'>adhuc</span> <span class='ocrx_word' id='word_1_118' title='bbox 460 1309 567 1352; x_wconf 76' lang='lat' dir='ltr'>vigeat</span> <span class='ocrx_word' id='word_1_119' title='bbox 592 1320 651 1353; x_wconf 85' lang='lat' dir='ltr'>pro</span> <span class='ocrx_word' id='word_1_120' title='bbox 686 1309 768 1342; x_wconf 76' lang='lat' dir='ltr'>dicta</span> <span class='ocrx_word' id='word_1_121' title='bbox 805 1310 1009 1352; x_wconf 76' lang='lat' dir='ltr'>indulgentia</span> 
     </span>
     <span class='ocr_line' id='line_1_23' title="bbox 265 1362 1009 1403; baseline 0.001 -8"><span class='ocrx_word' id='word_1_122' title='bbox 265 1362 389 1395; x_wconf 83' lang='lat' dir='ltr'>sanctio</span> <span class='ocrx_word' id='word_1_123' title='bbox 413 1362 590 1395; x_wconf 86' lang='lat' dir='ltr'>Innocentii</span> <span class='ocrx_word' id='word_1_124' title='bbox 617 1363 666 1403; x_wconf 74' lang='lat' dir='ltr'>X,</span> <span class='ocrx_word' id='word_1_125' title='bbox 700 1364 748 1396; x_wconf 85' lang='lat' dir='ltr'>vel</span> <span class='ocrx_word' id='word_1_126' title='bbox 781 1364 932 1396; x_wconf 84' lang='lat' dir='ltr'>standum</span> <span class='ocrx_word' id='word_1_127' title='bbox 969 1363 1009 1397; x_wconf 90' lang='lat' dir='ltr'>sit</span> 
     </span>
     <span class='ocr_line' id='line_1_24' title="bbox 266 1416 1007 1461; baseline 0.001 -12"><span class='ocrx_word' id='word_1_128' title='bbox 266 1422 431 1460; x_wconf 84' lang='lat' dir='ltr'>postremo</span> <span class='ocrx_word' id='word_1_129' title='bbox 458 1416 588 1450; x_wconf 86' lang='lat' dir='ltr'>decreto</span> <span class='ocrx_word' id='word_1_130' title='bbox 615 1417 787 1450; x_wconf 74' lang='lat' dir='ltr'>Alexandri</span> <span class='ocrx_word' id='word_1_131' title='bbox 805 1416 871 1450; x_wconf 63' lang='lat' dir='ltr'>Vll:</span> <span class='ocrx_word' id='word_1_132' title='bbox 889 1428 926 1450; x_wconf 80' lang='lat' dir='ltr'>ex</span> <span class='ocrx_word' id='word_1_133' title='bbox 945 1428 1007 1461; x_wconf 81' lang='lat' dir='ltr'>quo</span> 
     </span>
     <span class='ocr_line' id='line_1_25' title="bbox 265 1469 1007 1514; baseline 0 -12"><span class='ocrx_word' id='word_1_134' title='bbox 265 1470 380 1510; x_wconf 87' lang='lat' dir='ltr'>dubio,</span> <span class='ocrx_word' id='word_1_135' title='bbox 406 1480 476 1502; x_wconf 84' lang='lat' dir='ltr'>cum</span> <span class='ocrx_word' id='word_1_136' title='bbox 496 1470 604 1514; x_wconf 86' lang='lat' dir='ltr'>aliqua</span> <span class='ocrx_word' id='word_1_137' title='bbox 623 1470 701 1502; x_wconf 88' lang='lat' dir='ltr'>ritus</span> <span class='ocrx_word' id='word_1_138' title='bbox 720 1469 912 1503; x_wconf 81' lang='lat' dir='ltr'>difl&#39;oruiitas</span> <span class='ocrx_word' id='word_1_139' title='bbox 931 1471 1007 1504; x_wconf 91' lang='lat' dir='ltr'>oriri</span> 
     </span>
     <span class='ocr_line' id='line_1_26' title="bbox 265 1523 1008 1567; baseline 0 -11"><span class='ocrx_word' id='word_1_140' title='bbox 265 1523 396 1567; x_wconf 81' lang='lat' dir='ltr'>possit,</span> <span class='ocrx_word' id='word_1_141' title='bbox 437 1529 630 1566; x_wconf 84' lang='lat' dir='ltr'>procurator</span> <span class='ocrx_word' id='word_1_142' title='bbox 665 1523 829 1566; x_wconf 81' lang='lat' dir='ltr'>generalis</span> <span class='ocrx_word' id='word_1_143' title='bbox 865 1524 1008 1557; x_wconf 84' lang='lat' dir='ltr'>eiusdem</span> 
     </span>
     <span class='ocr_line' id='line_1_27' title="bbox 266 1577 1008 1615; baseline 0 -5"><span class='ocrx_word' id='word_1_144' title='bbox 266 1577 466 1615; x_wconf 84' lang='lat' dir='ltr'>Societatis,</span> <span class='ocrx_word' id='word_1_145' title='bbox 501 1577 540 1610; x_wconf 88' lang='lat' dir='ltr'>ad</span> <span class='ocrx_word' id='word_1_146' title='bbox 574 1577 653 1610; x_wconf 89' lang='lat' dir='ltr'>ritus</span> <span class='ocrx_word' id='word_1_147' title='bbox 688 1577 945 1610; x_wconf 76' lang='lat' dir='ltr'>uniformitatem</span> <span class='ocrx_word' id='word_1_148' title='bbox 976 1578 1008 1610; x_wconf 92' lang='lat' dir='ltr'>in</span> 
     </span>
     <span class='ocr_line' id='line_1_28' title="bbox 266 1630 1008 1675; baseline 0 -11"><span class='ocrx_word' id='word_1_149' title='bbox 266 1630 426 1664; x_wconf 84' lang='lat' dir='ltr'>Societate</span> <span class='ocrx_word' id='word_1_150' title='bbox 449 1630 598 1663; x_wconf 75' lang='lat' dir='ltr'>universa</span> <span class='ocrx_word' id='word_1_151' title='bbox 620 1631 825 1671; x_wconf 78' lang='lat' dir='ltr'>servandam,</span> <span class='ocrx_word' id='word_1_152' title='bbox 850 1632 888 1664; x_wconf 86' lang='lat' dir='ltr'>ad</span> <span class='ocrx_word' id='word_1_153' title='bbox 908 1631 1008 1675; x_wconf 89' lang='lat' dir='ltr'>pedes</span> 
     </span>
     <span class='ocr_line' id='line_1_29' title="bbox 266 1684 1006 1728; baseline 0 -11"><span class='ocrx_word' id='word_1_154' title='bbox 266 1684 450 1717; x_wconf 86' lang='lat' dir='ltr'>Sanctitatis</span> <span class='ocrx_word' id='word_1_155' title='bbox 466 1684 594 1717; x_wconf 67' lang='lat' dir='ltr'>Vestrae</span> <span class='ocrx_word' id='word_1_156' title='bbox 622 1684 788 1717; x_wconf 81' lang='lat' dir='ltr'>humiliter</span> <span class='ocrx_word' id='word_1_157' title='bbox 806 1686 1006 1728; x_wconf 83' lang='lat' dir='ltr'>provolutus,</span> 
     </span>
     <span class='ocr_line' id='line_1_30' title="bbox 266 1738 1008 1781; baseline 0 -10"><span class='ocrx_word' id='word_1_158' title='bbox 266 1738 406 1781; x_wconf 78' lang='lat' dir='ltr'>supplex</span> <span class='ocrx_word' id='word_1_159' title='bbox 448 1742 540 1775; x_wconf 87' lang='lat' dir='ltr'>orat,</span> <span class='ocrx_word' id='word_1_160' title='bbox 567 1742 626 1777; x_wconf 87' lang='lat' dir='ltr'>ut,</span> <span class='ocrx_word' id='word_1_161' title='bbox 656 1742 718 1770; x_wconf 80' lang='lat' dir='ltr'>tani</span> <span class='ocrx_word' id='word_1_162' title='bbox 756 1748 839 1771; x_wconf 87' lang='lat' dir='ltr'>anno</span> <span class='ocrx_word' id='word_1_163' title='bbox 865 1739 1008 1771; x_wconf 87' lang='lat' dir='ltr'>currenti</span> 
     </span>
     <span class='ocr_line' id='line_1_31' title="bbox 266 1791 1009 1834; baseline 0 -9"><span class='ocrx_word' id='word_1_164' title='bbox 266 1800 392 1831; x_wconf 68' lang='lat' dir='ltr'>mocon,</span> <span class='ocrx_word' id='word_1_165' title='bbox 417 1802 512 1834; x_wconf 88' lang='lat' dir='ltr'>quam</span> <span class='ocrx_word' id='word_1_166' title='bbox 529 1791 641 1823; x_wconf 84' lang='lat' dir='ltr'>futuris</span> <span class='ocrx_word' id='word_1_167' title='bbox 659 1801 790 1834; x_wconf 84' lang='lat' dir='ltr'>quoque</span> <span class='ocrx_word' id='word_1_168' title='bbox 807 1791 1009 1834; x_wconf 82' lang='lat' dir='ltr'>temporibus</span> 
     </span>
     <span class='ocr_line' id='line_1_32' title="bbox 267 1845 1009 1888; baseline 0 -10"><span class='ocrx_word' id='word_1_169' title='bbox 267 1845 300 1878; x_wconf 92' lang='lat' dir='ltr'>in</span> <span class='ocrx_word' id='word_1_170' title='bbox 315 1850 521 1888; x_wconf 84' lang='lat' dir='ltr'>perpetuum,</span> <span class='ocrx_word' id='word_1_171' title='bbox 539 1845 702 1877; x_wconf 76' lang='lat' dir='ltr'>declarare</span> <span class='ocrx_word' id='word_1_172' title='bbox 722 1852 753 1877; x_wconf 88' lang='lat' dir='ltr'>et</span> <span class='ocrx_word' id='word_1_173' title='bbox 771 1845 946 1879; x_wconf 79' lang='lat' dir='ltr'>decernere</span> <span class='ocrx_word' id='word_1_174' title='bbox 964 1846 1009 1878; x_wconf 92' lang='lat' dir='ltr'>di-</span> 
     </span>
     <span class='ocr_line' id='line_1_33' title="bbox 267 1897 1010 1940; baseline 0.001 -9"><span class='ocrx_word' id='word_1_175' title='bbox 267 1903 391 1940; x_wconf 85' lang='lat' dir='ltr'>gnetur,</span> <span class='ocrx_word' id='word_1_176' title='bbox 419 1897 612 1930; x_wconf 82' lang='lat' dir='ltr'>servandum</span> <span class='ocrx_word' id='word_1_177' title='bbox 639 1908 708 1930; x_wconf 82' lang='lat' dir='ltr'>esse</span> <span class='ocrx_word' id='word_1_178' title='bbox 734 1903 865 1931; x_wconf 83' lang='lat' dir='ltr'>sanctae</span> <span class='ocrx_word' id='word_1_179' title='bbox 892 1909 1010 1932; x_wconf 90' lang='lat' dir='ltr'>memo-</span> 
     </span>
     <span class='ocr_line' id='line_1_34' title="bbox 267 1950 1008 1990; baseline 0.001 -7"><span class='ocrx_word' id='word_1_180' title='bbox 267 1950 333 1984; x_wconf 85' lang='lat' dir='ltr'>riae</span> <span class='ocrx_word' id='word_1_181' title='bbox 359 1950 542 1983; x_wconf 86' lang='lat' dir='ltr'>Innocentii</span> <span class='ocrx_word' id='word_1_182' title='bbox 570 1951 620 1990; x_wconf 67' lang='lat' dir='ltr'>X,</span> <span class='ocrx_word' id='word_1_183' title='bbox 647 1961 712 1983; x_wconf 90' lang='lat' dir='ltr'>non</span> <span class='ocrx_word' id='word_1_184' title='bbox 738 1951 886 1984; x_wconf 84' lang='lat' dir='ltr'>obstante</span> <span class='ocrx_word' id='word_1_185' title='bbox 918 1952 1008 1984; x_wconf 84' lang='lat' dir='ltr'>Brevi</span> 
     </span>
     <span class='ocr_line' id='line_1_35' title="bbox 267 2004 1012 2045; baseline 0.001 -8"><span class='ocrx_word' id='word_1_186' title='bbox 267 2009 399 2037; x_wconf 88' lang='lat' dir='ltr'>sanctae</span> <span class='ocrx_word' id='word_1_187' title='bbox 425 2004 604 2038; x_wconf 81' lang='lat' dir='ltr'>memoriae</span> <span class='ocrx_word' id='word_1_188' title='bbox 629 2005 804 2038; x_wconf 78' lang='lat' dir='ltr'>Alexandri</span> <span class='ocrx_word' id='word_1_189' title='bbox 830 2005 892 2045; x_wconf 62' lang='lat' dir='ltr'>VH,</span> <span class='ocrx_word' id='word_1_190' title='bbox 918 2005 960 2038; x_wconf 87' lang='lat' dir='ltr'>ita</span> <span class='ocrx_word' id='word_1_191' title='bbox 977 2011 1012 2038; x_wconf 86' lang='lat' dir='ltr'>ut</span> 
     </span>
     <span class='ocr_line' id='line_1_36' title="bbox 267 2057 1012 2101; baseline 0.004 -12"><span class='ocrx_word' id='word_1_192' title='bbox 267 2057 542 2101; x_wconf 85' lang='lat' dir='ltr'>quandocumque</span> <span class='ocrx_word' id='word_1_193' title='bbox 568 2058 685 2091; x_wconf 88' lang='lat' dir='ltr'>festum</span> <span class='ocrx_word' id='word_1_194' title='bbox 711 2057 742 2091; x_wconf 89' lang='lat' dir='ltr'>S.</span> <span class='ocrx_word' id='word_1_195' title='bbox 770 2058 933 2091; x_wconf 85' lang='lat' dir='ltr'>Francisei</span> <span class='ocrx_word' id='word_1_196' title='bbox 955 2059 1012 2092; x_wconf 77' lang='lat' dir='ltr'>Xa-</span> 
     </span>
     <span class='ocr_line' id='line_1_37' title="bbox 266 2111 1011 2154; baseline 0.003 -11"><span class='ocrx_word' id='word_1_197' title='bbox 266 2111 355 2150; x_wconf 88' lang='lat' dir='ltr'>verii,</span> <span class='ocrx_word' id='word_1_198' title='bbox 382 2111 468 2154; x_wconf 86' lang='lat' dir='ltr'>quod</span> <span class='ocrx_word' id='word_1_199' title='bbox 496 2111 596 2145; x_wconf 85' lang='lat' dir='ltr'>hodie</span> <span class='ocrx_word' id='word_1_200' title='bbox 622 2111 674 2144; x_wconf 88' lang='lat' dir='ltr'>die</span> <span class='ocrx_word' id='word_1_201' title='bbox 700 2122 735 2145; x_wconf 83' lang='lat'>111</span> <span class='ocrx_word' id='word_1_202' title='bbox 755 2112 937 2145; x_wconf 86' lang='lat' dir='ltr'>decembris</span> <span class='ocrx_word' id='word_1_203' title='bbox 959 2122 1011 2145; x_wconf 88' lang='lat' dir='ltr'>ce-</span> 
     </span>
     <span class='ocr_line' id='line_1_38' title="bbox 268 2164 1010 2208; baseline 0.003 -12"><span class='ocrx_word' id='word_1_204' title='bbox 268 2164 421 2203; x_wconf 84' lang='lat' dir='ltr'>lebratur,</span> <span class='ocrx_word' id='word_1_205' title='bbox 437 2164 469 2196; x_wconf 87' lang='lat' dir='ltr'>in</span> <span class='ocrx_word' id='word_1_206' title='bbox 482 2164 678 2197; x_wconf 85' lang='lat' dir='ltr'>dominicam</span> <span class='ocrx_word' id='word_1_207' title='bbox 693 2165 830 2208; x_wconf 87' lang='lat' dir='ltr'>primam</span> <span class='ocrx_word' id='word_1_208' title='bbox 846 2165 1010 2198; x_wconf 76' lang='lat' dir='ltr'>Adventus</span> 
     </span>
     <span class='ocr_line' id='line_1_39' title="bbox 268 2216 1011 2257; baseline 0.004 -8"><span class='ocrx_word' id='word_1_209' title='bbox 268 2216 430 2257; x_wconf 86' lang='lat' dir='ltr'>inciderit,</span> <span class='ocrx_word' id='word_1_210' title='bbox 446 2217 478 2250; x_wconf 92' lang='lat' dir='ltr'>in</span> <span class='ocrx_word' id='word_1_211' title='bbox 504 2218 615 2251; x_wconf 86' lang='lat' dir='ltr'>feriam</span> <span class='ocrx_word' id='word_1_212' title='bbox 634 2219 810 2251; x_wconf 78' lang='lat' dir='ltr'>secundam</span> <span class='ocrx_word' id='word_1_213' title='bbox 824 2219 1011 2252; x_wconf 86' lang='lat' dir='ltr'>immediate</span> 
     </span>
     <span class='ocr_line' id='line_1_40' title="bbox 268 2271 1010 2314; baseline 0.004 -12"><span class='ocrx_word' id='word_1_214' title='bbox 268 2275 469 2313; x_wconf 90' lang='lat' dir='ltr'>sequentem,</span> <span class='ocrx_word' id='word_1_215' title='bbox 489 2271 577 2304; x_wconf 83' lang='lat' dir='ltr'>etsie</span> <span class='ocrx_word' id='word_1_216' title='bbox 592 2271 623 2303; x_wconf 93' lang='lat' dir='ltr'>in</span> <span class='ocrx_word' id='word_1_217' title='bbox 645 2271 730 2304; x_wconf 90' lang='lat' dir='ltr'>diem</span> <span class='ocrx_word' id='word_1_218' title='bbox 745 2271 917 2314; x_wconf 81' lang='lat' dir='ltr'>quartam¹,</span> <span class='ocrx_word' id='word_1_219' title='bbox 939 2283 1010 2305; x_wconf 90' lang='lat' dir='ltr'>cum</span> 
     </span>
     <span class='ocr_line' id='line_1_41' title="bbox 270 2323 1012 2368; baseline 0.004 -13"><span class='ocrx_word' id='word_1_220' title='bbox 270 2323 469 2366; x_wconf 79' lang='lat' dir='ltr'>indulgentia</span> <span class='ocrx_word' id='word_1_221' title='bbox 495 2325 639 2368; x_wconf 81' lang='lat' dir='ltr'>plenaria</span> <span class='ocrx_word' id='word_1_222' title='bbox 665 2326 890 2358; x_wconf 77' lang='lat' dir='ltr'>transferatur.</span> <span class='ocrx_word' id='word_1_223' title='bbox 914 2325 1012 2363; x_wconf 86' lang='lat' dir='ltr'>Quam</span> 
     </span>
     <span class='ocr_line' id='line_1_42' title="bbox 272 2376 1013 2416; baseline 0.007 -8"><span class='ocrx_word' id='word_1_224' title='bbox 272 2376 377 2416; x_wconf 86' lang='lat' dir='ltr'>Deus,</span> <span class='ocrx_word' id='word_1_225' title='bbox 416 2381 475 2411; x_wconf 85' lang='lat' dir='ltr'>etc.</span> <span class='ocrx_word' id='word_1_226' title='bbox 510 2377 719 2411; x_wconf 77' lang='lat' dir='ltr'>Sanctissimo</span> <span class='ocrx_word' id='word_1_227' title='bbox 753 2378 788 2411; x_wconf 88' lang='lat' dir='ltr'>D.</span> <span class='ocrx_word' id='word_1_228' title='bbox 815 2378 852 2411; x_wconf 92' lang='lat' dir='ltr'>N.</span> <span class='ocrx_word' id='word_1_229' title='bbox 879 2379 914 2411; x_wconf 93' lang='lat' dir='ltr'>D.</span> <span class='ocrx_word' id='word_1_230' title='bbox 943 2378 1013 2413; x_wconf 88' lang='lat' dir='ltr'>Cle-</span> 
     </span>
     <span class='ocr_line' id='line_1_43' title="bbox 272 2429 1014 2476; baseline 0.008 -15"><span class='ocrx_word' id='word_1_231' title='bbox 272 2429 371 2462; x_wconf 89' lang='lat' dir='ltr'>menti</span> <span class='ocrx_word' id='word_1_232' title='bbox 398 2430 501 2474; x_wconf 86' lang='lat' dir='ltr'>Papae</span> <span class='ocrx_word' id='word_1_233' title='bbox 527 2431 566 2464; x_wconf 62' lang='lat'>&gt;11</span> <span class='ocrx_word' id='word_1_234' title='bbox 591 2442 651 2475; x_wconf 89' lang='lat' dir='ltr'>pro</span> <span class='ocrx_word' id='word_1_235' title='bbox 677 2438 888 2475; x_wconf 83' lang='lat' dir='ltr'>procuratore</span> <span class='ocrx_word' id='word_1_236' title='bbox 917 2443 1014 2476; x_wconf 81' lang='lat' dir='ltr'>gene-</span> 
     </span>
     <span class='ocr_line' id='line_1_44' title="bbox 274 2481 1013 2520; baseline 0.009 -7"><span class='ocrx_word' id='word_1_237' title='bbox 274 2481 332 2514; x_wconf 89' lang='lat' dir='ltr'>rali</span> <span class='ocrx_word' id='word_1_238' title='bbox 357 2482 526 2516; x_wconf 86' lang='lat' dir='ltr'>Societatis</span> <span class='ocrx_word' id='word_1_239' title='bbox 552 2485 633 2517; x_wconf 72' lang='lat' dir='ltr'>lesu.</span> <span class='ocrx_word' id='word_1_240' title='bbox 662 2485 717 2518; x_wconf 89' lang='lat' dir='ltr'>Die</span> <span class='ocrx_word' id='word_1_241' title='bbox 736 2497 809 2519; x_wconf 72' lang='lat' dir='ltr'>xxrv</span> <span class='ocrx_word' id='word_1_242' title='bbox 826 2487 1013 2520; x_wconf 86' lang='lat' dir='ltr'>novembris</span> 
     </span>
     <span class='ocr_line' id='line_1_45' title="bbox 275 2544 399 2568; baseline 0.008 -1"><span class='ocrx_word' id='word_1_243' title='bbox 275 2544 399 2568; x_wconf 69' lang='lat' dir='ltr'>nuccii.</span> 
     </span>
    </p>
   </div>
   <div class='ocr_carea' id='block_1_4' title="bbox 1048 290 1793 434">
    <p class='ocr_par' dir='ltr' id='par_1_4' title="bbox 1048 290 1793 434">
     <span class='ocr_line' id='line_1_46' title="bbox 1048 290 1793 325; baseline -0.004 0"><span class='ocrx_word' id='word_1_244' title='bbox 1048 302 1112 325; x_wconf 82' lang='lat' dir='ltr'>esse</span> <span class='ocrx_word' id='word_1_245' title='bbox 1137 292 1238 325; x_wconf 79' lang='lat' dir='ltr'>Breve</span> <span class='ocrx_word' id='word_1_246' title='bbox 1262 295 1393 324; x_wconf 76' lang='lat' dir='ltr'>sanotae</span> <span class='ocrx_word' id='word_1_247' title='bbox 1414 290 1585 323; x_wconf 75' lang='lat' dir='ltr'>memoriae</span> <span class='ocrx_word' id='word_1_248' title='bbox 1606 290 1793 323; x_wconf 63' lang='lat' dir='ltr'>Innocentis*</span> 
     </span>
     <span class='ocr_line' id='line_1_47' title="bbox 1048 344 1792 386; baseline -0.005 -6"><span class='ocrx_word' id='word_1_249' title='bbox 1048 346 1101 386; x_wconf 82' lang='lat' dir='ltr'>X,</span> <span class='ocrx_word' id='word_1_250' title='bbox 1129 356 1194 379; x_wconf 83' lang='lat' dir='ltr'>non</span> <span class='ocrx_word' id='word_1_251' title='bbox 1220 345 1364 378; x_wconf 76' lang='lat' dir='ltr'>obstante</span> <span class='ocrx_word' id='word_1_252' title='bbox 1389 344 1488 378; x_wconf 82' lang='lat' dir='ltr'>Brevi</span> <span class='ocrx_word' id='word_1_253' title='bbox 1514 348 1645 377; x_wconf 76' lang='lat' dir='ltr'>sanctae</span> <span class='ocrx_word' id='word_1_254' title='bbox 1674 355 1792 377; x_wconf 82' lang='lat' dir='ltr'>memo-</span> 
     </span>
     <span class='ocr_line' id='line_1_48' title="bbox 1048 398 1432 434; baseline -0.005 -2"><span class='ocrx_word' id='word_1_255' title='bbox 1048 400 1119 433; x_wconf 82' lang='lat' dir='ltr'>riae</span> <span class='ocrx_word' id='word_1_256' title='bbox 1142 399 1331 434; x_wconf 69' lang='lat' dir='ltr'>Alexandri</span> <span class='ocrx_word' id='word_1_257' title='bbox 1360 398 1432 431; x_wconf 89' lang='lat' dir='ltr'><em>VII.</em></span> 
     </span>
    </p>
   </div>
   <div class='ocr_carea' id='block_1_5' title="bbox 1084 460 1793 496">
    <p class='ocr_par' dir='ltr' id='par_1_5' title="bbox 1084 460 1793 496">
     <span class='ocr_line' id='line_1_49' title="bbox 1084 460 1793 496; baseline -0.006 -6"><span class='ocrx_word' id='word_1_258' title='bbox 1084 462 1144 490; x_wconf 82' lang='lat' dir='ltr'>Dat.</span> <span class='ocrx_word' id='word_1_259' title='bbox 1162 462 1207 489; x_wconf 89' lang='lat' dir='ltr'>die</span> <span class='ocrx_word' id='word_1_260' title='bbox 1224 462 1257 489; x_wconf 63' lang='lat'>24</span> <span class='ocrx_word' id='word_1_261' title='bbox 1274 461 1431 488; x_wconf 85' lang='lat' dir='ltr'>novembris</span> <span class='ocrx_word' id='word_1_262' title='bbox 1449 461 1527 494; x_wconf 73' lang='lat'><strong>1702,</strong></span> <span class='ocrx_word' id='word_1_263' title='bbox 1549 460 1648 496; x_wconf 81' lang='lat' dir='ltr'>pontif.</span> <span class='ocrx_word' id='word_1_264' title='bbox 1672 468 1743 487; x_wconf 84' lang='lat' dir='ltr'>anno</span> <span class='ocrx_word' id='word_1_265' title='bbox 1756 466 1793 486; x_wconf 88' lang='grc' dir='ltr'><strong>ιιι.</strong></span> 
     </span>
    </p>
   </div>
   <div class='ocr_carea' id='block_1_6' title="bbox 1384 604 1460 638">
    <p class='ocr_par' dir='ltr' id='par_1_6' title="bbox 1384 604 1460 638">
     <span class='ocr_line' id='line_1_50' title="bbox 1384 604 1460 638; baseline -0.013 0"><span class='ocrx_word' id='word_1_266' title='bbox 1384 604 1460 638; x_wconf 81' lang='lat' dir='ltr'>XLI.</span> 
     </span>
    </p>
   </div>
   <div class='ocr_carea' id='block_1_7' title="bbox 1051 684 1796 935">
    <p class='ocr_par' dir='ltr' id='par_1_7' title="bbox 1051 684 1796 935">
     <span class='ocr_line' id='line_1_51' title="bbox 1051 684 1795 728; baseline -0.004 -9"><span class='ocrx_word' id='word_1_267' title='bbox 1051 686 1271 728; x_wconf 74' lang='lat' dir='ltr'>Confirmalar</span> <span class='ocrx_word' id='word_1_268' title='bbox 1294 685 1452 719; x_wconf 79' lang='lat' dir='ltr'>decretam</span> <span class='ocrx_word' id='word_1_269' title='bbox 1478 684 1660 717; x_wconf 75' lang='lat' dir='ltr'>cardinalis</span> <span class='ocrx_word' id='word_1_270' title='bbox 1682 688 1795 727; x_wconf 76' lang='lat' dir='ltr'>prote-</span> 
     </span>
     <span class='ocr_line' id='line_1_52' title="bbox 1094 737 1794 782; baseline -0.004 -10"><span class='ocrx_word' id='word_1_271' title='bbox 1094 740 1190 773; x_wconf 78' lang='lat' dir='ltr'>cloris</span> <span class='ocrx_word' id='word_1_272' title='bbox 1214 739 1252 772; x_wconf 78' lang='lat' dir='ltr'>cle</span> <span class='ocrx_word' id='word_1_273' title='bbox 1275 738 1432 782; x_wconf 80' lang='lat' dir='ltr'>facultate</span> <span class='ocrx_word' id='word_1_274' title='bbox 1456 737 1604 782; x_wconf 72' lang='lat' dir='ltr'>eriqendi</span> <span class='ocrx_word' id='word_1_275' title='bbox 1619 738 1794 781; x_wconf 78' lang='lat' dir='ltr'>confraler-</span> 
     </span>
     <span class='ocr_line' id='line_1_53' title="bbox 1094 790 1796 827; baseline -0.006 0"><span class='ocrx_word' id='word_1_276' title='bbox 1094 795 1214 827; x_wconf 74' lang='lat' dir='ltr'>uitales</span> <span class='ocrx_word' id='word_1_277' title='bbox 1234 792 1268 826; x_wconf 91' lang='lat' dir='ltr'>S.</span> <span class='ocrx_word' id='word_1_278' title='bbox 1287 793 1414 825; x_wconf 75' lang='lat' dir='ltr'>Mariae</span> <span class='ocrx_word' id='word_1_279' title='bbox 1438 792 1475 825; x_wconf 85' lang='lat' dir='ltr'>de</span> <span class='ocrx_word' id='word_1_280' title='bbox 1509 791 1656 826; x_wconf 84' lang='lat' dir='ltr'>Carmelo</span> <span class='ocrx_word' id='word_1_281' title='bbox 1681 797 1709 824; x_wconf 81' lang='lat' dir='ltr'>ec</span> <span class='ocrx_word' id='word_1_282' title='bbox 1734 790 1796 823; x_wconf 77' lang='lat' dir='ltr'>dis-</span> 
     </span>
     <span class='ocr_line' id='line_1_54' title="bbox 1096 844 1795 889; baseline -0.004 -9"><span class='ocrx_word' id='word_1_283' title='bbox 1096 846 1261 880; x_wconf 78' lang='lat' dir='ltr'>tribuendi</span> <span class='ocrx_word' id='word_1_284' title='bbox 1285 846 1477 889; x_wconf 78' lang='lat' dir='ltr'>scapularia</span> <span class='ocrx_word' id='word_1_285' title='bbox 1501 855 1562 888; x_wconf 78' lang='lat' dir='ltr'>pro</span> <span class='ocrx_word' id='word_1_286' title='bbox 1586 845 1665 878; x_wconf 80' lang='lat' dir='ltr'>solis</span> <span class='ocrx_word' id='word_1_287' title='bbox 1681 844 1795 888; x_wconf 81' lang='lat' dir='ltr'>fratri-</span> 
     </span>
     <span class='ocr_line' id='line_1_55' title="bbox 1095 897 1634 935; baseline -0.006 -1"><span class='ocrx_word' id='word_1_288' title='bbox 1095 901 1154 934; x_wconf 79' lang='lat' dir='ltr'>bus</span> <span class='ocrx_word' id='word_1_289' title='bbox 1180 899 1315 935; x_wconf 79' lang='lat' dir='ltr'>Ordinis</span> <span class='ocrx_word' id='word_1_290' title='bbox 1342 899 1595 934; x_wconf 73' lang='lat' dir='ltr'>carmelitarum</span> <span class='ocrx_word' id='word_1_291' title='bbox 1613 897 1634 932; x_wconf 78' lang='lat'>¹.</span> 
     </span>
    </p>
   </div>
   <div class='ocr_carea' id='block_1_8' title="bbox 1193 980 1649 1055">
    <p class='ocr_par' dir='ltr' id='par_1_8' title="bbox 1193 980 1649 1055">
     <span class='ocr_line' id='line_1_56' title="bbox 1273 980 1577 1015; baseline 0 -7"><span class='ocrx_word' id='word_1_292' title='bbox 1273 981 1407 1009; x_wconf 83' lang='lat' dir='ltr'>Clemens</span> <span class='ocrx_word' id='word_1_293' title='bbox 1428 981 1508 1015; x_wconf 79' lang='lat' dir='ltr'>Papa</span> <span class='ocrx_word' id='word_1_294' title='bbox 1527 980 1577 1014; x_wconf 88' lang='lat' dir='ltr'>XI,</span> 
     </span>
     <span class='ocr_line' id='line_1_57' title="bbox 1193 1025 1649 1055; baseline -0.004 -1"><span class='ocrx_word' id='word_1_295' title='bbox 1193 1028 1228 1055; x_wconf 82' lang='lat' dir='ltr'>ad</span> <span class='ocrx_word' id='word_1_296' title='bbox 1248 1027 1382 1054; x_wconf 78' lang='lat' dir='ltr'>futuram</span> <span class='ocrx_word' id='word_1_297' title='bbox 1402 1026 1447 1054; x_wconf 83' lang='lat' dir='ltr'>rei</span> <span class='ocrx_word' id='word_1_298' title='bbox 1467 1025 1649 1054; x_wconf 85' lang='lat' dir='ltr'>memoriam.</span> 
     </span>
    </p>
   </div>
   <div class='ocr_carea' id='block_1_9' title="bbox 1097 1096 1991 1144">
    <p class='ocr_par' dir='ltr' id='par_1_9' title="bbox 1097 1096 1991 1144">
     <span class='ocr_line' id='line_1_58' title="bbox 1097 1096 1991 1144; baseline -0.002 -12"><span class='ocrx_word' id='word_1_299' title='bbox 1097 1100 1111 1144; x_wconf 63' lang='lat' dir='ltr'>g</span> <span class='ocrx_word' id='word_1_300' title='bbox 1133 1099 1164 1132; x_wconf 75' lang='grc'>’1.</span> <span class='ocrx_word' id='word_1_301' title='bbox 1186 1097 1286 1138; x_wconf 67' lang='lat' dir='ltr'>Alias,</span> <span class='ocrx_word' id='word_1_302' title='bbox 1308 1109 1368 1142; x_wconf 92' lang='lat' dir='ltr'>pro</span> <span class='ocrx_word' id='word_1_303' title='bbox 1391 1102 1482 1142; x_wconf 89' lang='lat' dir='ltr'>parte</span> <span class='ocrx_word' id='word_1_304' title='bbox 1508 1096 1619 1131; x_wconf 89' lang='lat' dir='ltr'>dilecti</span> <span class='ocrx_word' id='word_1_305' title='bbox 1644 1096 1703 1130; x_wconf 82' lang='lat' dir='ltr'>filii</span> <span class='ocrx_word' id='word_1_306' title='bbox 1727 1107 1795 1131; x_wconf 89' lang='lat' dir='ltr'>mo-</span> <span class='ocrx_word' id='word_1_307' title='bbox 1859 1102 1880 1123; x_wconf 68' lang='grc' dir='ltr'>ιο</span> <span class='ocrx_word' id='word_1_308' title='bbox 1899 1101 1991 1123; x_wconf 59' lang='lat' dir='ltr'>Pvruvia</span> 
     </span>
    </p>
   </div>
   <div class='ocr_carea' id='block_1_10' title="bbox 1806 1129 1990 1149">
    <p class='ocr_par' dir='ltr' id='par_1_10' title="bbox 1806 1129 1990 1149">
     <span class='ocr_line' id='line_1_59' title="bbox 1806 1129 1990 1149; baseline 0 0"><span class='ocrx_word' id='word_1_309' title='bbox 1806 1129 1990 1149; x_wconf 61' lang='lat' dir='ltr'>murium—bantur</span> 
     </span>
    </p>
   </div>
   <div class='ocr_carea' id='block_1_11' title="bbox 1052 1149 1991 2369">
    <p class='ocr_par' dir='ltr' id='par_1_11' title="bbox 1052 1149 1991 2369">
     <span class='ocr_line' id='line_1_60' title="bbox 1053 1149 1991 1203; baseline -0.003 -18"><span class='ocrx_word' id='word_1_310' title='bbox 1053 1152 1148 1186; x_wconf 90' lang='lat' dir='ltr'>derni</span> <span class='ocrx_word' id='word_1_311' title='bbox 1181 1150 1401 1196; x_wconf 81' lang='lat' dir='ltr'>procuratoris</span> <span class='ocrx_word' id='word_1_312' title='bbox 1431 1150 1592 1194; x_wconf 80' lang='lat' dir='ltr'>generalis</span> <span class='ocrx_word' id='word_1_313' title='bbox 1613 1149 1991 1203; x_wconf 50' lang='lat' dir='ltr'>congrega·{illlilssiilssubu}</span> 
     </span>
     <span class='ocr_line' id='line_1_61' title="bbox 1054 1200 1937 1248; baseline -0.003 -10"><span class='ocrx_word' id='word_1_314' title='bbox 1054 1205 1150 1239; x_wconf 86' lang='lat' dir='ltr'>tionis</span> <span class='ocrx_word' id='word_1_315' title='bbox 1171 1200 1345 1248; x_wconf 79' lang='lat' dir='ltr'>Hispaniae</span> <span class='ocrx_word' id='word_1_316' title='bbox 1367 1204 1504 1236; x_wconf 82' lang='lat' dir='ltr'>fratrum</span> <span class='ocrx_word' id='word_1_317' title='bbox 1531 1203 1937 1236; x_wconf 60' lang='lat' dir='ltr'>Excalceatorummennatem.</span> 
     </span>
     <span class='ocr_line' id='line_1_62' title="bbox 1052 1256 1796 1301; baseline -0.003 -10"><span class='ocrx_word' id='word_1_318' title='bbox 1052 1263 1312 1301; x_wconf 80' lang='lat' dir='ltr'>nuncupatorum</span> <span class='ocrx_word' id='word_1_319' title='bbox 1331 1257 1460 1290; x_wconf 79' lang='lat' dir='ltr'>Ordinis</span> <span class='ocrx_word' id='word_1_320' title='bbox 1474 1258 1586 1289; x_wconf 87' lang='lat' dir='ltr'>beatae</span> <span class='ocrx_word' id='word_1_321' title='bbox 1600 1256 1717 1290; x_wconf 85' lang='lat' dir='ltr'>Mariae</span> <span class='ocrx_word' id='word_1_322' title='bbox 1732 1256 1796 1289; x_wconf 84' lang='lat' dir='ltr'>Vir-</span> 
     </span>
     <span class='ocr_line' id='line_1_63' title="bbox 1053 1310 1796 1355; baseline -0.003 -11"><span class='ocrx_word' id='word_1_323' title='bbox 1053 1312 1136 1355; x_wconf 73' lang='lat' dir='ltr'>ginis</span> <span class='ocrx_word' id='word_1_324' title='bbox 1162 1312 1201 1345; x_wconf 88' lang='lat' dir='ltr'>de</span> <span class='ocrx_word' id='word_1_325' title='bbox 1227 1311 1334 1344; x_wconf 85' lang='lat' dir='ltr'>Monte</span> <span class='ocrx_word' id='word_1_326' title='bbox 1359 1311 1518 1349; x_wconf 86' lang='lat' dir='ltr'>Carmelo,</span> <span class='ocrx_word' id='word_1_327' title='bbox 1545 1310 1796 1353; x_wconf 74' lang='lat' dir='ltr'>Cougregationi</span> 
     </span>
     <span class='ocr_line' id='line_1_64' title="bbox 1054 1363 1794 1399; baseline -0.004 0"><span class='ocrx_word' id='word_1_328' title='bbox 1054 1365 1293 1399; x_wconf 86' lang='lat' dir='ltr'>venerabilium</span> <span class='ocrx_word' id='word_1_329' title='bbox 1312 1364 1446 1397; x_wconf 86' lang='lat' dir='ltr'>fratrum</span> <span class='ocrx_word' id='word_1_330' title='bbox 1464 1369 1649 1397; x_wconf 79' lang='lat' dir='ltr'>nostrorum</span> <span class='ocrx_word' id='word_1_331' title='bbox 1669 1363 1794 1397; x_wconf 77' lang='lat' dir='ltr'>S.R.E.</span> 
     </span>
     <span class='ocr_line' id='line_1_65' title="bbox 1053 1417 1798 1461; baseline -0.004 -9"><span class='ocrx_word' id='word_1_332' title='bbox 1053 1419 1266 1453; x_wconf 82' lang='lat' dir='ltr'>cardinalium</span> <span class='ocrx_word' id='word_1_333' title='bbox 1285 1418 1431 1461; x_wconf 82' lang='lat' dir='ltr'>negociis</span> <span class='ocrx_word' id='word_1_334' title='bbox 1456 1424 1486 1450; x_wconf 88' lang='lat' dir='ltr'>et</span> <span class='ocrx_word' id='word_1_335' title='bbox 1504 1417 1798 1450; x_wconf 83' lang='lat' dir='ltr'>consultationibus</span> 
     </span>
     <span class='ocr_line' id='line_1_66' title="bbox 1053 1470 1797 1516; baseline -0.004 -10"><span class='ocrx_word' id='word_1_336' title='bbox 1053 1473 1285 1516; x_wconf 85' lang='lat' dir='ltr'>episcoporum</span> <span class='ocrx_word' id='word_1_337' title='bbox 1319 1477 1349 1504; x_wconf 89' lang='lat' dir='ltr'>et</span> <span class='ocrx_word' id='word_1_338' title='bbox 1383 1471 1579 1515; x_wconf 83' lang='lat' dir='ltr'>regularium</span> <span class='ocrx_word' id='word_1_339' title='bbox 1611 1470 1797 1515; x_wconf 81' lang='lat' dir='ltr'>propositae</span> 
     </span>
     <span class='ocr_line' id='line_1_67' title="bbox 1053 1523 1798 1570; baseline -0.004 -11"><span class='ocrx_word' id='word_1_340' title='bbox 1053 1527 1200 1570; x_wconf 81' lang='lat' dir='ltr'>exposito</span> <span class='ocrx_word' id='word_1_341' title='bbox 1214 1553 1221 1566; x_wconf 92' lang='lat'>‚</span> <span class='ocrx_word' id='word_1_342' title='bbox 1249 1525 1333 1568; x_wconf 83' lang='lat' dir='ltr'>quod</span> <span class='ocrx_word' id='word_1_343' title='bbox 1356 1535 1421 1557; x_wconf 90' lang='lat' dir='ltr'>non</span> <span class='ocrx_word' id='word_1_344' title='bbox 1441 1524 1482 1557; x_wconf 89' lang='lat' dir='ltr'>ita</span> <span class='ocrx_word' id='word_1_345' title='bbox 1502 1523 1628 1567; x_wconf 87' lang='lat' dir='ltr'>pridem</span> <span class='ocrx_word' id='word_1_346' title='bbox 1647 1524 1798 1557; x_wconf 89' lang='lat' dir='ltr'>nonnulli</span> 
     </span>
     <span class='ocr_line' id='line_1_68' title="bbox 1053 1577 1798 1622; baseline -0.005 -9"><span class='ocrx_word' id='word_1_347' title='bbox 1053 1580 1157 1613; x_wconf 85' lang='lat' dir='ltr'>dictae</span> <span class='ocrx_word' id='word_1_348' title='bbox 1184 1578 1452 1622; x_wconf 77' lang='lat' dir='ltr'>Congregationis</span> <span class='ocrx_word' id='word_1_349' title='bbox 1478 1577 1652 1621; x_wconf 80' lang='lat' dir='ltr'>Hispaniae</span> <span class='ocrx_word' id='word_1_350' title='bbox 1680 1577 1798 1610; x_wconf 87' lang='lat' dir='ltr'>fratres</span> 
     </span>
     <span class='ocr_line' id='line_1_69' title="bbox 1053 1630 1798 1674; baseline -0.003 -9"><span class='ocrx_word' id='word_1_351' title='bbox 1053 1633 1085 1665; x_wconf 88' lang='lat' dir='ltr'>in</span> <span class='ocrx_word' id='word_1_352' title='bbox 1112 1633 1281 1666; x_wconf 80' lang='lat' dir='ltr'>Peruviam</span> <span class='ocrx_word' id='word_1_353' title='bbox 1310 1637 1504 1665; x_wconf 68' lang='lat' dir='ltr'>conventum</span> <span class='ocrx_word' id='word_1_354' title='bbox 1529 1630 1798 1674; x_wconf 76' lang='lat' dir='ltr'>Congregationis</span> 
     </span>
     <span class='ocr_line' id='line_1_70' title="bbox 1054 1685 1798 1728; baseline -0.003 -10"><span class='ocrx_word' id='word_1_355' title='bbox 1054 1686 1243 1719; x_wconf 84' lang='lat' dir='ltr'>huiusmodi</span> <span class='ocrx_word' id='word_1_356' title='bbox 1264 1686 1307 1718; x_wconf 86' lang='lat' dir='ltr'>ibi</span> <span class='ocrx_word' id='word_1_357' title='bbox 1327 1686 1491 1718; x_wconf 84' lang='lat' dir='ltr'>fundaturi</span> <span class='ocrx_word' id='word_1_358' title='bbox 1510 1685 1650 1728; x_wconf 78' lang='lat' dir='ltr'>profecti</span> <span class='ocrx_word' id='word_1_359' title='bbox 1669 1689 1798 1725; x_wconf 87' lang='lat' dir='ltr'>essent,</span> 
     </span>
     <span class='ocr_line' id='line_1_71' title="bbox 1053 1737 1800 1783; baseline -0.004 -11"><span class='ocrx_word' id='word_1_360' title='bbox 1053 1740 1236 1783; x_wconf 84' lang='lat' dir='ltr'>scapularia</span> <span class='ocrx_word' id='word_1_361' title='bbox 1270 1739 1417 1772; x_wconf 83' lang='lat' dir='ltr'>eiusdem</span> <span class='ocrx_word' id='word_1_362' title='bbox 1451 1739 1564 1771; x_wconf 81' lang='lat' dir='ltr'>beatae</span> <span class='ocrx_word' id='word_1_363' title='bbox 1596 1738 1712 1770; x_wconf 85' lang='lat' dir='ltr'>Mariae</span> <span class='ocrx_word' id='word_1_364' title='bbox 1736 1737 1800 1770; x_wconf 72' lang='lat' dir='ltr'>Vir-</span> 
     </span>
     <span class='ocr_line' id='line_1_72' title="bbox 1052 1790 1798 1835; baseline -0.001 -11"><span class='ocrx_word' id='word_1_365' title='bbox 1052 1792 1136 1835; x_wconf 82' lang='lat' dir='ltr'>ginis</span> <span class='ocrx_word' id='word_1_366' title='bbox 1162 1793 1200 1826; x_wconf 90' lang='lat' dir='ltr'>de</span> <span class='ocrx_word' id='word_1_367' title='bbox 1227 1792 1332 1826; x_wconf 80' lang='lat' dir='ltr'>Monte</span> <span class='ocrx_word' id='word_1_368' title='bbox 1351 1791 1501 1826; x_wconf 88' lang='lat' dir='ltr'>Carmelo</span> <span class='ocrx_word' id='word_1_369' title='bbox 1527 1790 1798 1824; x_wconf 80' lang='lat' dir='ltr'>christifidelibus</span> 
     </span>
     <span class='ocr_line' id='line_1_73' title="bbox 1052 1844 1799 1889; baseline -0.003 -10"><span class='ocrx_word' id='word_1_370' title='bbox 1052 1847 1181 1879; x_wconf 86' lang='lat' dir='ltr'>illarum</span> <span class='ocrx_word' id='word_1_371' title='bbox 1209 1847 1358 1889; x_wconf 86' lang='lat' dir='ltr'>partium,</span> <span class='ocrx_word' id='word_1_372' title='bbox 1386 1846 1508 1889; x_wconf 74' lang='lat' dir='ltr'>absque</span> <span class='ocrx_word' id='word_1_373' title='bbox 1531 1845 1677 1888; x_wconf 77' lang='lat' dir='ltr'>legitima</span> <span class='ocrx_word' id='word_1_374' title='bbox 1702 1845 1741 1877; x_wconf 88' lang='lat' dir='ltr'>ad</span> <span class='ocrx_word' id='word_1_375' title='bbox 1767 1844 1799 1877; x_wconf 90' lang='lat' dir='ltr'>id</span> 
     </span>
     <span class='ocr_line' id='line_1_74' title="bbox 1054 1898 1799 1938; baseline -0.003 -5"><span class='ocrx_word' id='word_1_376' title='bbox 1054 1901 1224 1934; x_wconf 69' lang='lat' dir='ltr'>facultates·</span> <span class='ocrx_word' id='word_1_377' title='bbox 1239 1911 1278 1933; x_wconf 87' lang='lat' dir='ltr'>eu</span> <span class='ocrx_word' id='word_1_378' title='bbox 1293 1900 1500 1938; x_wconf 80' lang='lat' dir='ltr'>auctoritate,</span> <span class='ocrx_word' id='word_1_379' title='bbox 1515 1898 1687 1931; x_wconf 86' lang='lat' dir='ltr'>distributa</span> <span class='ocrx_word' id='word_1_380' title='bbox 1701 1898 1799 1931; x_wconf 87' lang='lat' dir='ltr'>fuisse</span> 
     </span>
     <span class='ocr_line' id='line_1_75' title="bbox 1054 1951 1799 1996; baseline -0.004 -9"><span class='ocrx_word' id='word_1_381' title='bbox 1054 1960 1086 1987; x_wconf 90' lang='lat' dir='ltr'>et</span> <span class='ocrx_word' id='word_1_382' title='bbox 1103 1955 1208 1987; x_wconf 80' lang='lat' dir='ltr'>adhuc</span> <span class='ocrx_word' id='word_1_383' title='bbox 1223 1953 1373 1986; x_wconf 77' lang='lat' dir='ltr'>distribui</span> <span class='ocrx_word' id='word_1_384' title='bbox 1392 1951 1646 1996; x_wconf 74' lang='lat' dir='ltr'>compereraut⁹3</span> <span class='ocrx_word' id='word_1_385' title='bbox 1666 1958 1697 1986; x_wconf 84' lang='lat' dir='ltr'>et</span> <span class='ocrx_word' id='word_1_386' title='bbox 1712 1952 1799 1993; x_wconf 83' lang='lat' dir='ltr'>(etun</span> 
     </span>
     <span class='ocr_line' id='line_1_76' title="bbox 1054 2005 1799 2049; baseline -0.003 -8"><span class='ocrx_word' id='word_1_387' title='bbox 1054 2008 1277 2041; x_wconf 87' lang='lat' dir='ltr'>necessarium</span> <span class='ocrx_word' id='word_1_388' title='bbox 1304 2012 1389 2041; x_wconf 80' lang='lat' dir='ltr'>esset</span> <span class='ocrx_word' id='word_1_389' title='bbox 1407 2011 1440 2038; x_wconf 91' lang='lat' dir='ltr'>ut</span> <span class='ocrx_word' id='word_1_390' title='bbox 1459 2007 1514 2039; x_wconf 87' lang='lat' dir='ltr'>illa</span> <span class='ocrx_word' id='word_1_391' title='bbox 1531 2005 1739 2049; x_wconf 85' lang='lat' dir='ltr'>recipientes,</span> <span class='ocrx_word' id='word_1_392' title='bbox 1759 2005 1799 2039; x_wconf 88' lang='lat' dir='ltr'>ad</span> 
     </span>
     <span class='ocr_line' id='line_1_77' title="bbox 1054 2058 1800 2104; baseline -0.004 -10"><span class='ocrx_word' id='word_1_393' title='bbox 1054 2060 1300 2104; x_wconf 84' lang='lat' dir='ltr'>consequendas</span> <span class='ocrx_word' id='word_1_394' title='bbox 1348 2058 1566 2101; x_wconf 78' lang='lat' dir='ltr'>indulgentias</span> <span class='ocrx_word' id='word_1_395' title='bbox 1608 2063 1640 2091; x_wconf 91' lang='lat' dir='ltr'>et</span> <span class='ocrx_word' id='word_1_396' title='bbox 1680 2058 1800 2101; x_wconf 82' lang='lat' dir='ltr'>gratias</span> 
     </span>
     <span class='ocr_line' id='line_1_78' title="bbox 1054 2112 1800 2157; baseline -0.004 -11"><span class='ocrx_word' id='word_1_397' title='bbox 1054 2114 1240 2157; x_wconf 86' lang='lat' dir='ltr'>spirituales</span> <span class='ocrx_word' id='word_1_398' title='bbox 1273 2124 1311 2145; x_wconf 87' lang='lat' dir='ltr'>ea</span> <span class='ocrx_word' id='word_1_399' title='bbox 1348 2112 1550 2155; x_wconf 74' lang='lat' dir='ltr'>gestantibus</span> <span class='ocrx_word' id='word_1_400' title='bbox 1583 2117 1615 2144; x_wconf 87' lang='lat' dir='ltr'>et</span> <span class='ocrx_word' id='word_1_401' title='bbox 1639 2112 1800 2155; x_wconf 87' lang='lat' dir='ltr'>quaedam</span> 
     </span>
     <span class='ocr_line' id='line_1_79' title="bbox 1054 2165 1801 2210; baseline -0.003 -10"><span class='ocrx_word' id='word_1_402' title='bbox 1054 2167 1256 2210; x_wconf 89' lang='lat' dir='ltr'>praescripta</span> <span class='ocrx_word' id='word_1_403' title='bbox 1288 2176 1390 2210; x_wconf 87' lang='lat' dir='ltr'>opera</span> <span class='ocrx_word' id='word_1_404' title='bbox 1426 2165 1480 2209; x_wconf 85' lang='lat' dir='ltr'>pia</span> <span class='ocrx_word' id='word_1_405' title='bbox 1517 2165 1751 2209; x_wconf 81' lang='lat' dir='ltr'>peragentibus</span> <span class='ocrx_word' id='word_1_406' title='bbox 1784 2175 1801 2198; x_wconf 91' lang='lat' dir='ltr'>a</span> 
     </span>
     <span class='ocr_line' id='line_1_80' title="bbox 1055 2218 1802 2263; baseline -0.004 -10"><span class='ocrx_word' id='word_1_407' title='bbox 1055 2220 1138 2253; x_wconf 83' lang='lat' dir='ltr'>Sede</span> <span class='ocrx_word' id='word_1_408' title='bbox 1153 2220 1342 2263; x_wconf 80' lang='lat' dir='ltr'>Apostoliea</span> <span class='ocrx_word' id='word_1_409' title='bbox 1360 2229 1543 2258; x_wconf 83' lang='lat' dir='ltr'>concessas,</span> <span class='ocrx_word' id='word_1_410' title='bbox 1559 2218 1655 2252; x_wconf 80' lang='lat' dir='ltr'>alicui</span> <span class='ocrx_word' id='word_1_411' title='bbox 1671 2229 1707 2251; x_wconf 82' lang='lat' dir='ltr'>ex</span> <span class='ocrx_word' id='word_1_412' title='bbox 1723 2228 1802 2252; x_wconf 90' lang='lat' dir='ltr'>con-</span> 
     </span>
     <span class='ocr_line' id='line_1_81' title="bbox 1056 2271 1802 2316; baseline -0.003 -10"><span class='ocrx_word' id='word_1_413' title='bbox 1056 2273 1313 2306; x_wconf 84' lang='lat' dir='ltr'>fraternitatibus</span> <span class='ocrx_word' id='word_1_414' title='bbox 1338 2273 1518 2316; x_wconf 79' lang='lat' dir='ltr'>scapularis</span> <span class='ocrx_word' id='word_1_415' title='bbox 1539 2271 1724 2305; x_wconf 88' lang='lat' dir='ltr'>huiusmodi</span> <span class='ocrx_word' id='word_1_416' title='bbox 1750 2271 1802 2304; x_wconf 87' lang='lat' dir='ltr'>ad-</span> 
     </span>
     <span class='ocr_line' id='line_1_82' title="bbox 1056 2325 1802 2369; baseline -0.003 -10"><span class='ocrx_word' id='word_1_417' title='bbox 1056 2326 1305 2367; x_wconf 87' lang='lat' dir='ltr'>scriberentur,</span> <span class='ocrx_word' id='word_1_418' title='bbox 1333 2326 1480 2369; x_wconf 77' lang='lat' dir='ltr'>haecque</span> <span class='ocrx_word' id='word_1_419' title='bbox 1514 2325 1694 2368; x_wconf 87' lang='lat' dir='ltr'>adscriptio</span> <span class='ocrx_word' id='word_1_420' title='bbox 1726 2335 1802 2358; x_wconf 88' lang='lat' dir='ltr'>non-</span> 
     </span>
    </p>
   </div>
   <div class='ocr_carea' id='block_1_12' title="bbox 1056 2431 1804 2556">
    <p class='ocr_par' dir='ltr' id='par_1_12' title="bbox 1056 2431 1804 2556">
     <span class='ocr_line' id='line_1_83' title="bbox 1094 2431 1803 2460; baseline -0.001 0"><span class='ocrx_word' id='word_1_421' title='bbox 1094 2434 1104 2460; x_wconf 86' lang='lat'>1</span> <span class='ocrx_word' id='word_1_422' title='bbox 1128 2434 1167 2460; x_wconf 84' lang='lat' dir='ltr'>De</span> <span class='ocrx_word' id='word_1_423' title='bbox 1187 2433 1284 2460; x_wconf 77' lang='lat' dir='ltr'>eadem</span> <span class='ocrx_word' id='word_1_424' title='bbox 1302 2432 1433 2460; x_wconf 76' lang='lat' dir='ltr'>facultate</span> <span class='ocrx_word' id='word_1_425' title='bbox 1452 2432 1513 2459; x_wconf 82' lang='lat' dir='ltr'>vide</span> <span class='ocrx_word' id='word_1_426' title='bbox 1533 2431 1680 2459; x_wconf 82' lang='lat' dir='ltr'>Clementis</span> <span class='ocrx_word' id='word_1_427' title='bbox 1700 2431 1719 2459; x_wconf 79' lang='lat' dir='ltr'>X</span> <span class='ocrx_word' id='word_1_428' title='bbox 1739 2440 1803 2459; x_wconf 88' lang='lat' dir='ltr'>con-</span> 
     </span>
     <span class='ocr_line' id='line_1_84' title="bbox 1057 2478 1803 2512; baseline -0.003 -7"><span class='ocrx_word' id='word_1_429' title='bbox 1057 2479 1112 2505; x_wconf 87' lang='lat' dir='ltr'>stit.</span> <span class='ocrx_word' id='word_1_430' title='bbox 1134 2479 1200 2505; x_wconf 88' lang='lat' dir='ltr'>edit.</span> <span class='ocrx_word' id='word_1_431' title='bbox 1223 2485 1374 2510; x_wconf 65' lang='lat' dir='ltr'>unctxxm,</span> <span class='ocrx_word' id='word_1_432' title='bbox 1396 2478 1439 2505; x_wconf 80' lang='lat' dir='ltr'>die</span> <span class='ocrx_word' id='word_1_433' title='bbox 1459 2479 1475 2505; x_wconf 85' lang='grc'>8</span> <span class='ocrx_word' id='word_1_434' title='bbox 1495 2478 1567 2512; x_wconf 78' lang='lat' dir='ltr'>maii,</span> <span class='ocrx_word' id='word_1_435' title='bbox 1588 2478 1683 2512; x_wconf 85' lang='lat' dir='ltr'>pontif.</span> <span class='ocrx_word' id='word_1_436' title='bbox 1706 2485 1756 2508; x_wconf 67' lang='grc' dir='ltr'>ηις</span> <span class='ocrx_word' id='word_1_437' title='bbox 1777 2480 1803 2503; x_wconf 85' lang='lat' dir='ltr'>et</span> 
     </span>
     <span class='ocr_line' id='line_1_85' title="bbox 1056 2522 1804 2556; baseline -0.003 -7"><span class='ocrx_word' id='word_1_438' title='bbox 1056 2523 1083 2550; x_wconf 89' lang='lat' dir='ltr'>in</span> <span class='ocrx_word' id='word_1_439' title='bbox 1100 2522 1182 2550; x_wconf 88' lang='lat' dir='ltr'>huius</span> <span class='ocrx_word' id='word_1_440' title='bbox 1209 2523 1349 2549; x_wconf 79' lang='lat' dir='ltr'>Pontificis</span> <span class='ocrx_word' id='word_1_441' title='bbox 1374 2526 1460 2549; x_wconf 75' lang='lat' dir='ltr'>const.</span> <span class='ocrx_word' id='word_1_442' title='bbox 1490 2523 1534 2549; x_wconf 89' lang='lat' dir='ltr'>ed.</span> <span class='ocrx_word' id='word_1_443' title='bbox 1555 2528 1685 2556; x_wconf 60' lang='lat' dir='ltr'>atnccxm,</span> <span class='ocrx_word' id='word_1_444' title='bbox 1707 2522 1750 2548; x_wconf 84' lang='lat' dir='ltr'>die</span> <span class='ocrx_word' id='word_1_445' title='bbox 1774 2522 1804 2547; x_wconf 89' lang='grc'>10</span> 
     </span>
    </p>
   </div>
   <div class='ocr_carea' id='block_1_13' title="bbox 314 2565 1803 2692">
    <p class='ocr_par' dir='ltr' id='par_1_13' title="bbox 314 2565 1803 2692">
     <span class='ocr_line' id='line_1_86' title="bbox 1057 2565 1803 2603; baseline -0.004 -8"><span class='ocrx_word' id='word_1_446' title='bbox 1057 2568 1164 2603; x_wconf 86' lang='lat' dir='ltr'>aprilis,</span> <span class='ocrx_word' id='word_1_447' title='bbox 1185 2568 1282 2603; x_wconf 81' lang='lat' dir='ltr'>pontif.</span> <span class='ocrx_word' id='word_1_448' title='bbox 1303 2574 1357 2601; x_wconf 79' lang='lat' dir='ltr'>xm,</span> <span class='ocrx_word' id='word_1_449' title='bbox 1387 2568 1479 2602; x_wconf 78' lang='lat' dir='ltr'>agitur</span> <span class='ocrx_word' id='word_1_450' title='bbox 1506 2567 1538 2594; x_wconf 91' lang='lat' dir='ltr'>de</span> <span class='ocrx_word' id='word_1_451' title='bbox 1567 2567 1687 2601; x_wconf 84' lang='lat' dir='ltr'>quadam</span> <span class='ocrx_word' id='word_1_452' title='bbox 1711 2565 1803 2593; x_wconf 80' lang='lat' dir='ltr'>indul·</span> 
     </span>
     <span class='ocr_line' id='line_1_87' title="bbox 1057 2611 1510 2646; baseline 0 -8"><span class='ocrx_word' id='word_1_453' title='bbox 1057 2612 1149 2646; x_wconf 72' lang='lat' dir='ltr'>gentia</span> <span class='ocrx_word' id='word_1_454' title='bbox 1168 2611 1352 2638; x_wconf 82' lang='lat' dir='ltr'>confratribus</span> <span class='ocrx_word' id='word_1_455' title='bbox 1372 2613 1510 2638; x_wconf 70' lang='lat' dir='ltr'>concessa.</span> 
     </span>
     <span class='ocr_line' id='line_1_88' title="bbox 314 2649 1691 2692; baseline 0.001 -14"><span class='ocrx_word' id='word_1_456' title='bbox 314 2651 324 2678; x_wconf 81' lang='lat'>1</span> <span class='ocrx_word' id='word_1_457' title='bbox 348 2649 453 2686; x_wconf 89' lang='lat' dir='ltr'>Nempe</span> <span class='ocrx_word' id='word_1_458' title='bbox 475 2652 579 2680; x_wconf 85' lang='lat' dir='ltr'>mensis</span> <span class='ocrx_word' id='word_1_459' title='bbox 600 2653 759 2682; x_wconf 79' lang='lat' dir='ltr'>decembris</span> <span class='ocrx_word' id='word_1_460' title='bbox 779 2656 817 2689; x_wconf 75' lang='lat' dir='ltr'>(a.</span> <span class='ocrx_word' id='word_1_461' title='bbox 838 2655 888 2691; x_wconf 60' lang='lat'>72).</span> <span class='ocrx_word' id='word_1_462' title='bbox 1094 2655 1110 2683; x_wconf 76' lang='lat'>2</span> <span class='ocrx_word' id='word_1_463' title='bbox 1129 2655 1201 2683; x_wconf 88' lang='lat' dir='ltr'>Edit.</span> <span class='ocrx_word' id='word_1_464' title='bbox 1219 2655 1298 2682; x_wconf 82' lang='lat' dir='ltr'>Main.</span> <span class='ocrx_word' id='word_1_465' title='bbox 1316 2655 1380 2692; x_wconf 82' lang='lat' dir='ltr'>legit</span> <span class='ocrx_word' id='word_1_466' title='bbox 1396 2658 1572 2690; x_wconf 72' lang='lat' dir='ltr'>compereant</span> <span class='ocrx_word' id='word_1_467' title='bbox 1587 2655 1626 2689; x_wconf 82' lang='lat' dir='ltr'>(n.</span> <span class='ocrx_word' id='word_1_468' title='bbox 1642 2654 1691 2689; x_wconf 83' lang='grc' dir='ltr'>τ.).</span> 
     </span>
    </p>
   </div>
   <div class='ocr_carea' id='block_1_14' title="bbox 77 2587 1015 2643">
    <p class='ocr_par' dir='ltr' id='par_1_14' title="bbox 77 2587 1015 2643">
     <span class='ocr_line' id='line_1_89' title="bbox 77 2587 1015 2643; baseline 0.011 -27"><span class='ocrx_word' id='word_1_469' title='bbox 77 2594 265 2643; x_wconf 42' lang='grc' dir='ltr'>ἱᾙιιιξζ-ἰιεαέῗιυι</span> <span class='ocrx_word' id='word_1_470' title='bbox 326 2587 560 2623; x_wconf 74' lang='lat' dir='ltr'>Sanctissimus</span> <span class='ocrx_word' id='word_1_471' title='bbox 599 2591 779 2625; x_wconf 76' lang='lat' dir='ltr'>declaravit</span> <span class='ocrx_word' id='word_1_472' title='bbox 818 2592 1015 2627; x_wconf 66' lang='lat' dir='ltr'>servandam</span> 
     </span>
    </p>
   </div>
   <div class='ocr_carea' id='block_1_15' title="bbox 1027 730 1037 2641">
    <p class='ocr_par' dir='ltr' id='par_1_15' title="bbox 1027 730 1037 2641">
     <span class='ocr_line' id='line_1_90' title="bbox 1027 730 1037 2641; baseline 0 0"><span class='ocrx_word' id='word_1_473' title='bbox 1027 730 1037 2641; x_wconf 95' lang='lat' dir='ltr'> </span> 
     </span>
    </p>
   </div>
  </div>
 </body>
</html>
