2269 3203
247 190 297 218 An.
313 188 342 218 C.
362 189 431 218 1074
476 181 541 216 104

297 570 430 592 Confirmatio

246 597 307 617 relati
324 598 411 618 decreti.

270 2060 368 2081 Clau-um
386 2076 389 2081 .

440 239 651 270 Innocentiin
668 249 730 270 esse
746 239 963 271 observandum
979 240 1067 271 etiam
1084 241 1178 281 quoad

439 289 654 320 restrictionem
674 290 789 320 numeri
805 294 928 330 quatuor
944 291 1178 330 praedicatorum

439 339 595 377 vocalium,
619 339 830 379 comprehenso
858 339 934 369 inter
960 340 1039 381 ipsos
1067 340 1180 380 praedi-

441 391 538 418 catore
565 387 712 418 Toletano.
737 389 847 418 Romae
869 398 887 418 11
910 389 984 418 iunii
1007 397 1117 418 nnccu.
1142 407 1177 410 —

441 437 475 467 G.
492 437 649 467 cardinalis
668 437 844 468 Caamxssrs.
861 456 899 460 —
921 437 942 467 Ι,
959 437 991 467 F.
1006 437 1177 467 Gmmcors

441 486 628 516 secretarius,

485 562 500 605 ἓ
526 562 555 595 2.
580 561 657 596 Cum
683 567 802 603 autem,
826 563 907 595 sicut
930 562 1066 595 dilectus
1091 560 1177 595 filius

441 615 579 648 Ioannes
604 615 765 649 Guerrero
791 620 984 658 procurator
1016 614 1178 657 generalis

441 667 706 711 Congregationis
748 668 950 701 Reformatae
994 667 1175 700 monacho-

439 731 511 754 rum
550 721 735 754 earumdem
777 721 1006 764 Hispaniarum
1049 720 1178 754 Ordinis

439 775 596 819 praedicti
631 775 724 808 nobis
760 774 899 808 subinde
932 774 1049 818 exponi
1084 774 1176 814 fecit,

440 829 509 872 ipse
539 828 702 861 decretum
734 827 931 867 huiusmodi,
958 838 1021 871 quo
1055 827 1178 860 firmius

440 881 593 915 subsistat
618 887 649 914 et
674 886 817 914 servetur
843 881 999 922 exactius,
1026 881 1178 924 apostoli-

439 946 496 968 cae
532 934 786 968 confirmationis
826 940 959 967 nostrae
995 934 1177 977 patrocinio

439 987 632 1021 communiri
668 988 847 1030 plurimum
885 987 1067 1020 desideret:
1100 997 1178 1025 nos,

440 1040 547 1083 ipsum
579 1041 730 1073 loannem
763 1045 1012 1084 procuratorem
1044 1050 1177 1082 genera-

437 1095 501 1128 lem
526 1093 720 1138 specialibus
739 1094 904 1126 favoribus
924 1098 956 1126 et
976 1093 1088 1136 gratiis
1106 1104 1179 1137 pro-

438 1147 529 1190 sequi
547 1148 700 1187 volentes,
720 1153 752 1180 et
772 1158 788 1180 a
809 1147 974 1190 quibusvis
992 1157 1178 1180 excommu-

437 1200 622 1239 nicationis,
666 1200 893 1243 suspensionis
930 1206 962 1233 et
997 1200 1175 1239 interdicti,

437 1253 573 1298 aliisque
586 1253 816 1287 ecclesiasticis
830 1254 1011 1295 sententiis,
1028 1254 1176 1287 censuris

438 1312 470 1340 et
494 1307 621 1351 poenis,
649 1318 665 1340 a
686 1307 752 1340 iure
776 1308 823 1341 vel
842 1308 880 1340 ab
900 1308 1045 1348 homine,
1066 1309 1177 1352 quavis

437 1361 609 1394 occasione
634 1362 682 1394 vel
705 1363 799 1393 causa
817 1361 899 1401 latis,
915 1362 941 1394 si
960 1362 1078 1405 quibus
1098 1373 1177 1406 quo-

436 1414 618 1447 modolibet
635 1414 808 1447 innodatus
826 1415 946 1455 existit,
967 1415 1006 1448 ad
1027 1414 1176 1448 effectum

436 1467 658 1511 praesentium
687 1468 854 1501 dumtaxat
879 1469 1174 1512 consequendum,

436 1521 551 1554 harum
587 1521 670 1555 serie
696 1521 903 1555 absolventes
934 1527 967 1556 et
990 1523 1175 1555 absolutum

436 1575 506 1608 sore
538 1580 732 1616 censentes,
771 1575 1066 1619 supplicationibus
1106 1576 1174 1609 eius

436 1628 569 1662 nomine
594 1628 690 1661 nobis
709 1639 809 1672 super
828 1629 890 1662 hoc
911 1629 1081 1663 humiliter
1105 1640 1177 1673 por-

436 1682 534 1715 rectis
560 1682 717 1721 inclinati,
738 1683 903 1715 decretum
922 1683 1173 1726 praeinsertum‚

436 1735 628 1768 auctoritate
655 1736 843 1778 apostolica,
877 1742 989 1769 tenore
1021 1747 1175 1780 praesen-

437 1789 528 1829 tium,
548 1790 765 1832 approbamus
787 1795 818 1822 et
844 1790 1083 1830 confirmanuffi,
1111 1791 1174 1824 illi-

437 1852 500 1885 que
541 1842 738 1875 inviolabilis
775 1843 976 1886 apostolicae
1013 1843 1174 1876 firmitatis

436 1895 537 1928 robur
568 1895 756 1936 adiicimus;
791 1897 879 1928 salva
904 1901 1010 1930 tamen
1045 1907 1176 1940 semper

437 1948 469 1981 in
479 1949 665 1992 praemissis
679 1949 872 1982 auctoritate
883 1954 1080 1982 memoratae
1099 1949 1176 1983 Con-

439 2001 635 2044 gregationis
662 2002 891 2035 cardinalium.

483 2054 497 2097 g
521 2054 552 2087 3.
582 2055 811 2095 Decernentes‚
828 2055 960 2089 easdem
986 2062 1175 2099 praesentes

438 2108 562 2141 litteras
586 2119 716 2152 semper
741 2109 860 2150 sirmas,
886 2110 1008 2143 validas
1035 2110 1074 2143 ed
1109 2110 1176 2143 effi-

440 2172 532 2194 caces
557 2162 696 2196 existere
731 2169 762 2196 et
792 2164 873 2204 sore,
901 2175 1040 2207 suosque
1067 2165 1176 2208 plena-

438 2213 504 2246 rios
530 2219 561 2247 et
585 2214 727 2257 integros
753 2216 886 2250 effectus
912 2217 1020 2250 sortiri
1043 2223 1075 2250 et
1095 2218 1178 2250 obti-

437 2276 529 2307 nere,
554 2278 591 2299 ac
616 2267 691 2308 iltis,
717 2269 756 2301 ad
782 2280 863 2312 quos
898 2275 1022 2312 spectat
1048 2276 1080 2302 et
1104 2281 1176 2313 spe<

439 2320 539 2352 ctabit
565 2319 596 2352 in
616 2321 768 2361 futurum,
787 2323 976 2365 plenissime
995 2321 1174 2365 suffragari,

439 2378 472 2405 et
507 2373 546 2405 ab
572 2374 618 2406 eis
644 2376 822 2417 respective
855 2375 1091 2409 inviolabiliter
1123 2377 1176 2409 ob-

439 2425 579 2466 servari,
607 2426 714 2469 sieque
740 2427 772 2460 in
794 2429 985 2471 praemissis
1007 2439 1065 2472 per
1082 2440 1176 2473 quos-

440 2489 577 2522 cumque
604 2479 725 2512 iudices
749 2481 930 2515 ordinarios
949 2486 979 2514 et
997 2482 1174 2525 delegatos,

441 2531 537 2564 etiam
563 2542 735 2565 causarum
760 2534 871 2576 palatii
896 2534 1068 2578 apostolici
1088 2535 1176 2568 audi-

440 2589 536 2627 toreS,
562 2584 695 2619 iudicari
717 2591 747 2619 et
765 2587 892 2620 deliniri
919 2588 1052 2630 debere3
1080 2599 1116 2622 ao
1133 2589 1175 2622 ir-

1025 192 1200 217 }JL'LLAlilL'M
1226 192 1380 218 ROMANUM

1222 242 1318 274 ritum
1349 247 1381 275 et
1412 241 1508 274 inane
1539 241 1563 274 si
1601 251 1695 274 secus
1730 251 1827 284 super
1858 240 1909 274 his
1942 251 1959 274 a

1222 306 1395 338 quoquam,
1409 295 1518 338 quavis
1530 294 1734 335 auctoritate,
1750 294 1892 327 scienter
1909 294 1958 328 vel

1221 348 1412 390 ignoranter
1437 347 1612 390 contigerit
1636 347 1802 381 attentari.

1265 401 1280 443 ἓ
1302 400 1334 433 4.
1360 400 1431 433 Non
1448 400 1650 433 obstantibus
1668 400 1959 434 constitutionibus

1222 459 1253 486 et
1277 453 1541 486 ordinationibus
1562 453 1763 496 apostolicis,
1782 464 1828 495 ac,
1848 460 1962 497 quate-

1221 517 1280 538 nus
1294 516 1376 549 opus
1389 506 1440 546 sit,
1453 506 1835 550 dictaeCongregationis
1846 507 1961 551 Hispa-

1222 560 1358 599 niarum,
1378 559 1475 593 etiam
1495 560 1685 601 iuramento,
1712 560 1960 594 confirmatione

1225 613 1415 657 apostolica,
1435 614 1483 646 vel
1511 614 1624 657 quavis
1648 613 1797 647 firmitate
1822 613 1884 647 alia
1907 624 1961 648 ro-

1222 666 1354 706 boratis,
1375 667 1503 699 statutis
1520 672 1552 699 et
1569 666 1875 707 consuetudinibus,
1894 666 1961 711 pri-

1221 719 1347 762 vilegiis
1367 729 1510 763 quoque,
1530 719 1666 753 indultis
1687 724 1719 753 et
1742 719 1862 753 litteris
1888 730 1961 764 apo-

1221 772 1342 806 stolicis
1357 772 1598 806 incontrarium
1613 773 1868 817 praemissorum
1881 784 1961 817 quo-

1221 826 1403 859 modolibet
1428 826 1601 867 concessis,
1629 826 1828 860 confirmatis
1854 832 1885 860 et
1905 826 1958 860 in-

1222 879 1366 919 novatis3
1403 878 1521 922 quibus
1555 879 1707 912 omnibus
1739 885 1772 913 et
1807 879 1960 923 singulis,

1221 932 1353 965 illorum
1380 937 1508 965 tenores
1533 933 1762 975 praesentibus
1778 943 1836 976 pro
1861 934 1960 976 plene

1221 991 1253 1018 et
1278 985 1477 1018 sufficienter
1503 986 1665 1029 expressis
1697 996 1733 1019 ac
1762 987 1800 1019 ad
1827 987 1960 1020 verbum

1221 1038 1354 1071 insertis
1380 1039 1552 1079 habentes,
1580 1038 1644 1071 illis
1671 1039 1749 1072 alias
1773 1038 1805 1071 in
1826 1049 1886 1072 suo
1911 1049 1962 1072 ro-

1221 1092 1301 1125 bore
1327 1093 1558 1135 permansuris,
1585 1093 1623 1125 ad
1649 1092 1903 1136 praemissorum
1921 1092 1961 1125 es-

1222 1146 1351 1185 sectmn,
1372 1146 1433 1179 hac
1451 1146 1706 1186 vicedumtaxat,
1722 1145 1912 1189 specialiter
1929 1151 1962 1180 et

1222 1209 1376 1242 expresse
1396 1199 1611 1241 derogamus;
1630 1199 1812 1242 ceterisque
1834 1203 1961 1232 contra-

1221 1251 1279 1284 riis
1306 1252 1581 1296 quibuscumque.

1264 1305 1378 1338 Datum
1404 1305 1540 1346 Romae,
1567 1306 1652 1349 apud
1678 1305 1708 1339 S.
1730 1305 1872 1345 Petrum,
1898 1306 1959 1338 sub

1221 1361 1341 1392 annulo
1356 1359 1528 1392 piscatoris
1544 1359 1595 1392 die
1608 1370 1646 1393 xx
1662 1359 1816 1392 februarii
1828 1368 1960 1399 MDCCIV,

1220 1412 1430 1456 pontificatus
1455 1412 1558 1446 nostri
1583 1423 1667 1445 anno
1693 1422 1736 1445 iv.

1258 1475 1316 1502 Dat.
1337 1475 1380 1502 die
1400 1476 1434 1503 20
1453 1475 1585 1502 februarii
1608 1474 1686 1509 1704,
1707 1475 1801 1510 pontif.
1823 1481 1941 1503 ann01V.

1559 1619 1620 1652 LX.

1222 1700 1414 1735 Conceditur
1438 1699 1597 1743 fratribus
1616 1699 1804 1742 Capuccim's
1820 1698 1960 1741 facultas

1264 1753 1434 1786 dividendi
1467 1753 1672 1796 provinciam
1718 1752 1890 1785 Vallonam
1923 1752 1961 1784 in

1264 1807 1357 1846 fluas,
1379 1807 1502 1851 hasque
1521 1805 1680 1850 firmandi
1696 1805 1895 1851 quibusdam
1911 1815 1960 1838 ar-

1266 1860 1402 1893 ticuhs'.

1438 1939 1572 1967 Clemens
1594 1939 1673 1973 Papa
1692 1939 1740 1972 XI,

1361 1985 1396 2012 ad
1417 1985 1550 2012 futuram
1569 1984 1613 2011 rei
1634 1983 1816 2011 memoriam.

1264 2056 1464 2090 Sacrosancti
1483 2055 1683 2099 apostolatus
1701 2054 1853 2096 osticium,
1872 2055 1959 2099 quod

1220 2110 1393 2143 ineffabilis
1425 2109 1604 2153 sapientiae
1638 2114 1733 2153 atque
1765 2109 1958 2143 clementiae

1220 2163 1276 2196 Dei
1302 2163 1438 2196 altitudo
1464 2161 1641 2195 humilitati
1668 2167 1809 2201 nostrae,
1836 2161 1959 2194 meritis

1220 2217 1296 2250 licet
1320 2222 1350 2250 et
1375 2216 1495 2249 viribus
1515 2216 1612 2258 longe
1631 2215 1759 2259 impari,
1785 2215 1957 2258 imponere

1221 2270 1352 2313 dignata
1370 2274 1427 2309 est,
1446 2269 1622 2302 salubriter
1640 2269 1768 2312 exequi,
1787 2268 1958 2301 adiuvante

1221 2323 1364 2363 Domino,
1391 2322 1510 2364 iugiter
1534 2326 1729 2365 satagentes,
1752 2321 1792 2354 ad
1817 2331 1865 2361 ea,
1901 2331 1960 2364 per

1256 2421 1265 2446 1
1289 2419 1319 2446 In
1335 2418 1487 2446 Innocentii
1508 2417 1551 2445 XII
1573 2421 1660 2445 const.
1681 2417 1724 2445 ed.
1745 2423 1865 2449 mocxcv,
1881 2417 1925 2444 die
1945 2417 1962 2444 5

1219 2464 1337 2499 augusti,
1357 2463 1454 2498 pontif.
1476 2471 1501 2493 v,
1515 2464 1587 2490 extat
1607 2462 1703 2490 divisio
1724 2463 1882 2498 provinciae
1900 2462 1962 2489 Sar-

1219 2509 1321 2541 diniae;
1338 2512 1365 2536 et
1379 2508 1405 2534 in
1421 2508 1501 2535 huius
1520 2508 1662 2535 Pontificis
1678 2511 1765 2535 const.
1776 2507 1819 2534 ed.
1832 2513 1960 2539 Muccxxt,

1219 2553 1261 2580 die
1284 2554 1312 2580 11
1334 2551 1590 2587 iannuarii,pontif.
1611 2558 1667 2586 xxl,
1689 2551 1784 2580 divisio
1805 2551 1960 2588 provinciae

1220 2596 1380 2626 insulensis.

1965 191 2018 219 An.
2033 192 2063 219 C.
2085 191 2153 220 1704

1998 415 2154 436 Contrariorum

1971 441 2088 466 derogatio.

1997 2059 2119 2081 Exordium.
