2269 3203
160 213 212 239 An.
231 213 259 238 C.
280 211 345 239 1721

394 259 510 293 Datum
531 259 664 300 Romae,
680 258 768 302 apud
784 258 816 292 S.
838 256 971 291 Mariam
997 256 1094 290 Maio-

350 323 431 352 rem,
449 312 508 345 sub
526 312 649 346 annulo
670 311 857 351 Piscatoris,
877 310 929 345 die
947 321 998 345 xv1
1013 310 1092 343 iunii

349 375 504 407 iuncum,
530 365 745 410 pontificatus
768 364 873 398 nostri
898 374 984 397 anno
1011 374 1033 398 1.

386 427 446 454 Dat.
465 426 510 455 die
529 427 560 455 16
575 426 643 455 iunii
661 427 740 461 1721,
762 425 863 462 pontif.
884 433 957 454 anuo
973 432 990 453 1.

681 568 758 602 vm.

351 650 577 685 Couceduntur
597 648 777 693 privileqia
802 648 986 692 capellanis
1014 648 1096 682 Sau-

394 703 519 736 ctitatis
542 700 659 736 Suae¹.

526 781 724 810 Innocentius
741 781 822 817 Papa
835 781 915 816 xm,

491 827 526 855 ad
547 827 682 855 futuram
701 827 747 855 rei
767 826 951 854 memoriam.

393 899 491 934 Grata
531 898 757 932 familiaritatis
795 897 971 942 obsequia,
1009 907 1093 941 quae

350 953 461 988 dilecti
500 951 559 986 filii
595 951 782 986 DominiCus
808 951 930 985 Miliani
968 951 1093 984 nullius

350 1006 513 1040 dioecesis
544 1005 730 1050 provinciae
768 1005 944 1046 Romanae,
977 1004 1092 1038 Petrus

348 1060 466 1094 Paulus
490 1059 610 1100 Quintii
631 1059 798 1100 Reatinae,
816 1059 929 1093 Petrus
947 1057 1093 1092 Galeazzi

348 1113 465 1147 Montis
502 1113 620 1146 Falisci
653 1112 833 1156 respective
866 1112 1036 1153 dioecesis,
1061 1116 1094 1145 et

347 1167 509 1211 Iosephus
547 1166 783 1207 Anconitanae,
822 1165 1000 1200 canonicus
1033 1176 1088 1198 su-

347 1220 616 1264 pranumerarius
656 1220 812 1253 ecclesiae
851 1219 1090 1259 Anconitanae,

347 1272 528 1318 presbyteri
544 1300 552 1313 ,
586 1273 735 1306 moderni
775 1273 920 1316 capellae
959 1277 1091 1305 nostrae

347 1326 535 1370 pontificiae
561 1326 738 1369 capellani,
771 1326 948 1359 familiares
973 1325 1088 1366 nosti-i,

346 1378 443 1413 nobis
470 1384 501 1411 et
525 1378 733 1422 Apostolicae
751 1378 825 1412 Sedi
852 1379 1009 1412 hactenus
1032 1379 1091 1411 im-

346 1432 534 1476 penderunt
571 1437 603 1465 et
641 1432 749 1465 adhuc
788 1432 938 1466 sollicitis
973 1431 1090 1465 studiis

346 1486 536 1530 impendere
561 1495 629 1518 non
654 1485 822 1527 desistunt,
849 1496 980 1520 necnon
1006 1486 1089 1519 vitae

347 1550 384 1572 ac
408 1549 536 1572 morum
561 1538 729 1584 honestas,
755 1539 883 1583 aliaque
914 1539 1089 1572 laudabilia

348 1591 521 1636 probitatis
548 1597 580 1625 et
608 1592 765 1626 virtutum
801 1593 930 1634 merita,
971 1593 1089 1637 quibus

349 1656 463 1678 corum
487 1655 646 1689 personas
665 1650 727 1678 tam
746 1646 897 1679 familiari
918 1647 1090 1690 experien-

349 1698 393 1731 tia
424 1709 522 1742 quam
559 1698 655 1731 etiam
687 1697 749 1731 fide
783 1699 958 1742 dignorum
994 1699 1087 1732 testi-

347 1751 466 1784 moniis
484 1751 586 1784 iuvari
604 1752 827 1795 percepimus,
854 1762 913 1785 nos
930 1753 1091 1786 inducunt

347 1809 383 1838 ut
407 1804 471 1838 illis
496 1804 670 1838 reddamur
695 1805 734 1838 ad
760 1805 898 1848 gratiam
923 1805 1088 1839 liberales,

391 1859 406 1902 g
430 1858 461 1891 1.
488 1858 571 1891 Ilinc
596 1863 646 1891 est
669 1858 757 1902 quod
781 1869 858 1900 nos,
885 1859 1032 1892 volentes
1057 1859 1091 1893 il-

346 1913 397 1946 los
422 1911 619 1956 specialibus
644 1911 810 1944 favoribus
832 1917 864 1945 et
885 1912 996 1955 gratiis
1021 1923 1092 1956 pro-

346 1965 453 2009 sequi,
477 1974 601 2008 cosque
627 1975 644 1997 a
669 1965 840 2008 quibusvis
870 1965 1092 1999 excommuni-

346 2018 506 2058 cationis,
539 2018 766 2061 suspensionis
792 2023 823 2051 et
846 2018 1033 2059 interdicti,
1057 2030 1091 2053 a·

345 2071 465 2115 liisque
479 2069 713 2104 ecclesiasticis
739 2072 921 2113 sententiis,
943 2073 1091 2106 censuris

347 2130 380 2160 et
399 2124 530 2169 poenis,
548 2134 565 2156 a
582 2123 653 2157 iure
670 2124 720 2157 vel
739 2124 778 2157 ab
802 2124 949 2165 homine,
975 2125 1090 2169 quavis

347 2179 522 2213 occasione
539 2178 590 2211 vel
609 2179 705 2211 causa
725 2178 809 2218 latis,
829 2178 856 2211 si
875 2178 992 2222 quibus
1011 2190 1091 2224 quo-

347 2231 530 2266 modolibet
543 2230 692 2264 innodati
711 2231 863 2273 existunt,
882 2231 922 2264 ad
940 2231 1089 2266 effectum

346 2284 572 2329 praesentium
598 2284 765 2318 dumtaxat
795 2286 1063 2328 consequendum
1082 2314 1089 2326 ,
1108 2292 1114 2330 l

346 2340 463 2372 harum
492 2338 577 2372 serie
612 2338 824 2371 absolventes
856 2343 889 2371 et
924 2339 1090 2373 absolutos

347 2392 418 2425 fore
442 2397 625 2433 censentes
651 2397 739 2425 motu
768 2392 924 2436 proprio,
950 2403 1017 2426 non
1050 2393 1089 2426 ad

347 2444 609 2488 supradictorum
647 2445 807 2479 Dominici
825 2472 832 2486 ,
859 2445 943 2479 Petri
968 2446 1088 2488 Pauli,

189 911 303 932 Exordium
317 911 338 932 in

154 944 196 965 quo
219 939 339 964 capellano·

153 971 198 985 ΙΊΙΠΙ
208 971 291 985 nonltna
308 971 339 986 ΓΕ·

154 994 272 1013 censentur.

168 1866 284 1897 *Concessio
294 1869 336 1896 pri⁴

153 1895 284 1920 ntegroruui.

384 2526 395 2552 1
417 2524 518 2552 Eadem
537 2525 678 2560 privilegia
697 2533 827 2553 concessa
845 2526 922 2554 fuere
937 2535 952 2554 a
967 2526 1091 2554 Clemen-

347 2574 374 2598 te
393 2568 425 2596 Xl
445 2569 552 2597 constit.
573 2569 638 2598 edit.
664 2577 790 2608 unccxu,
813 2571 858 2599 die
883 2571 897 2599 7
918 2571 1088 2607 decembris,

347 2614 443 2651 pontif.
464 2620 522 2641 xm.

440 2667 522 2698 Buce,
542 2667 626 2698 Rom.
647 2685 679 2689 -
704 2669 764 2701 l'ol.
784 2669 862 2700 XXI.
1009 2672 1055 2699 111

950 208 1159 231 INNOCENTH'S

1186 208 1241 231 §111
1266 208 1314 231 pp,
1776 197 1834 232 881

1136 255 1223 289 Petri
1250 261 1282 289 et
1306 256 1454 300 losepiii‚
1483 258 1531 290 vel
1557 257 1692 290 alicuius
1720 258 1878 300 ipsorum,

1137 314 1191 343 aut
1215 310 1351 343 aliorum
1376 320 1436 353 pro
1462 309 1510 342 eis
1531 337 1538 350 ,
1572 310 1665 343 nobis
1693 321 1790 353 super
1815 311 1879 344 hoc

1137 363 1264 396 oblatae
1306 362 1472 406 petitionis
1508 362 1706 401 instantiam,
1747 363 1802 395 sed
1840 364 1880 397 de

1137 417 1226 448 mera
1239 417 1353 449 nostra
1367 414 1606 449 deliberatione
1625 425 1661 447 ac
1679 417 1765 447 certa
1781 415 1881 448 scien-

1138 470 1189 509 tia,
1216 469 1395 513 apostolica
1420 468 1623 508 auctoritate,
1650 473 1761 501 tenore
1788 479 1879 510 prae-

1137 523 1288 565 sentium,
1313 523 1529 561 Dominicum,
1565 522 1698 555 Petrum
1734 521 1880 561 Paulum,

1137 577 1268 610 Petrum
1294 581 1325 609 et
1350 576 1526 619 Iosephurn
1545 574 1729 618 praedictos
1756 579 1787 608 et
1810 574 1881 607 illo-

1136 640 1208 663 rum
1233 630 1389 673 singulos,
1408 629 1440 661 in
1466 633 1595 661 nostros
1615 633 1647 661 et
1667 627 1759 661 Sedis
1783 628 1881 671 Apos-

1138 683 1255 716 tolicae
1281 682 1427 715 notarios
1453 681 1645 724 recipimus,
1672 686 1734 713 etc.
1754 679 1774 712 ¹.

1180 737 1297 770 Datum
1324 736 1466 776 Romae,
1495 735 1582 778 apud
1609 734 1640 768 S.
1668 734 1802 767 Mariam
1824 733 1882 767 Ma-

1137 790 1262 829 iorem,
1295 789 1356 822 sub
1383 790 1507 822 annulo
1528 788 1718 828 piscatoris,
1741 787 1794 820 die
1819 797 1881 821 xv11

1137 843 1217 878 iunii
1237 852 1389 883 iinccxxi,
1404 841 1619 886 pontificatus
1632 841 1737 874 nostri
1752 851 1838 874 anno
1858 852 1879 875 1.

1173 905 1233 933 Dat.
1251 905 1295 933 die
1315 904 1343 931 17
1359 904 1427 932 iunii
1445 904 1524 936 1721,
1546 903 1650 939 pontii.
1672 911 1746 930 anno
1762 910 1780 929 1.

1888 208 1936 234 An.
1955 207 1983 233 C.
2007 206 2069 234 1721

1481 1046 1534 1080 IX.

1135 1128 1301 1163 Statuitur
1331 1132 1368 1162 ut
1395 1128 1516 1171 fratres
1541 1125 1620 1159 laici
1639 1125 1678 1159 <le
1707 1125 1881 1160 Observan-

1182 1183 1229 1216 tid
1256 1183 1521 1226 Reformatorum
1546 1191 1583 1213 ac
1611 1180 1713 1214 Tertii
1742 1179 1880 1214 Ordinis

1179 1236 1217 1269 in
1241 1245 1341 1279 reyno
1365 1234 1502 1268 Siciliae
1522 1237 1689 1278 praestent
1713 1234 1882 1266 iuramen-

1182 1293 1250 1322 tum
1276 1288 1409 1322 cedendi
1430 1287 1694 1332 praecedentiam
1717 1286 1843 1320 clericis
1856 1286 1878 1319 ⁴².

1312 1368 1511 1396 Innocentius
1532 1368 1611 1401 Papa
1631 1368 1720 1399 xm.

1276 1414 1314 1442 ad
1334 1414 1470 1441 futuram
1490 1413 1536 1440 rei
1555 1413 1742 1441 memoriam.

1177 1485 1192 1530 ἓ
1209 1485 1241 1519 ’1.
1261 1485 1388 1519 Dudum
1404 1485 1506 1519 felicis
1524 1484 1761 1519 recordationis
1777 1485 1876 1518 Urba·
1889 1495 2074 1542 mixivflmtslfflff

1134 1549 1194 1572 nus
1218 1539 1305 1583 Papa
1327 1538 1391 1572 VIII
1418 1538 1657 1582 praedecessor
1682 1544 1793 1572 noster
1817 1549 1971 1582 permen
2016 1556 2066 1583 min.

1887 1578 1958 1595 (elion

1134 1593 1288 1636 quasdam
1313 1603 1388 1626 suas
1414 1593 1556 1636 desuper
1588 1593 1619 1625 in
1644 1589 1742 1625 simili
1772 1592 1997 1627 sormanmmis

1887 1629 1960 1649 tierent
1984 1630 2074 1648 clerico·

1134 1644 1244 1680 Brevis
1271 1646 1322 1678 die
1346 1655 1397 1679 ΧΠ
1423 1645 1610 1678 novembris
1627 1654 1762 1679 nncxnu
1785 1651 2015 1678 motumwmsat
2031 1655 2074 1676 ou.

1134 1699 1268 1744 proprio
1294 1699 1462 1743 expeditas
1487 1699 1622 1740 litteras,
1642 1709 1682 1732 ne
1704 1699 1743 1732 de
1769 1685 2002 1732 ceterofflmm'a'

1133 1754 1191 1786 ulli
1212 1754 1329 1786 fratres
1342 1753 1415 1786 laici
1436 1763 1494 1786 seu
1518 1752 1662 1786 conversi
1678 1752 1807 1786 Ordinis
1821 1753 1876 1786 sra-

1136 1812 1219 1840 trum
1246 1807 1407 1840 Minorum
1432 1806 1535 1839 sancti
1560 1806 1721 1839 Francisci
1754 1807 1793 1840 de
1819 1806 1876 1840 Ob-

1135 1861 1296 1894 servantia
1320 1860 1582 1893 Reformatorum
1604 1866 1875 1904 nuncupatorum,

1135 1913 1247 1958 quovis
1261 1905 1512 1956 sub‘praetextu‚
1531 1913 1677 1957 quaesito
1699 1914 1810 1947 colore
1828 1915 1877 1947 vel

1135 1966 1281 2010 ingenio,
1309 1966 1406 1999 etiam
1426 1966 1553 2000 ratione
1579 1967 1773 2010 antiquioris
1799 1978 1876 2000 snae

1135 2020 1172 2053 ad
1199 2019 1348 2053 habitum
1372 2021 1558 2063 regularem
1585 2020 1663 2054 dicti
1680 2020 1809 2054 Ordinis
1827 2031 1877 2055 re-

1136 2072 1296 2117 ceptionis
1314 2078 1368 2106 aut
1385 2073 1419 2106 in
1438 2083 1477 2107 eo
1496 2073 1633 2107 emissae
1651 2074 1875 2117 professionis,

2002 1608 2075 1622 Γᾶὒιῖἓ·

1171 2171 1182 2197 1
1205 2169 1318 2206 Reliqua
1345 2170 1435 2198 omnia
1459 2173 1489 2197 ut
1516 2170 1543 2197 in
1570 2174 1656 2198 const.
1685 2170 1830 2198 Clementis
1857 2172 1875 2199 X

1134 2215 1196 2242 data
1223 2214 1267 2242 die
1294 2221 1320 2242 V1
1349 2215 1468 2242 octobris
1496 2221 1617 2249 mnctxx,
1648 2224 1729 2251 quam
1760 2216 1820 2243 vide
1848 2217 1875 2243 in

1134 2263 1200 2287 tom.
1222 2265 1293 2290 xvm,
1315 2267 1376 2294 pag.
1398 2259 1451 2286 115
1470 2260 1486 2286 b
1505 2263 1532 2286 et
1551 2268 1608 2295 seq.
1626 2262 1664 2293 (n.
1685 2261 1733 2295 T.).

1169 2304 1185 2330 2
1204 2303 1241 2331 De
1272 2303 1323 2330 hac
1357 2304 1550 2339 praecedentia
1582 2308 1655 2331 extat
1689 2304 1790 2332 Urbani
1818 2305 1875 2332 vul

1134 2349 1241 2375 constit.
1263 2348 1319 2375 edit
1338 2355 1459 2382 noenu,
1480 2348 1523 2376 die
1540 2349 1572 2376 16
1582 2349 1749 2377 novembris.
1770 2350 1801 2376 In
1818 2349 1877 2377 Cle-

1133 2394 1231 2421 mentis
1250 2393 1282 2420 XI
1303 2394 1410 2420 constit.
1432 2394 1497 2421 edit.
1512 2401 1636 2429 MDCCMV,
1654 2394 1697 2421 die
1713 2395 1728 2421 6
1744 2394 1876 2426 octobris,

1133 2438 1228 2474 pontif.
1245 2445 1281 2471 lv,
1298 2438 1487 2465 confirmatum
1507 2438 1557 2466 fuit
1578 2439 1717 2474 quoddam
1738 2439 1874 2466 decretum

1133 2483 1166 2510 de
1186 2484 1302 2519 prImatu
1330 2483 1358 2509 in
1385 2483 1528 2519 provincia
1555 2483 1685 2515 Baeticfi;
1706 2487 1734 2510 et
1759 2482 1875 2510 Benedi—

1133 2527 1169 2555 cti
1187 2527 1246 2555 xnl
1267 2527 1376 2555 constit.
1393 2527 1458 2556 edit.
1474 2534 1640 2561 unccxxvni,
1661 2527 1704 2554 dle
1722 2527 1752 2553 16
1767 2528 1873 2554 decem-

1132 2571 1199 2607 bris,
1215 2571 1312 2607 pontif.
1333 2579 1360 2605 v,
1376 2572 1542 2609 praepritur
1557 2571 1681 2600 executio
1702 2571 1872 2599 constituti0-

1133 2615 1174 2644 nis
1194 2615 1297 2645 Urbani
1316 2615 1386 2645 VIII.
